[
  {
    "productId": "13634",
    "technicalArticleNumber": "1228116",
    "commercialArticleNumber": "5928",
    "name": "fijne kristalsuiker",
    "brand": "EVERYDAY",
    "seoBrand": "Everyday",
    "thumbNail": "https://static.colruytgroup.com/images/200x200/std.lang.all/10/02/asset-2081002.jpg",
    "fullImage": "https://static.colruytgroup.com/images/500x500/std.lang.all/10/02/asset-2081002.jpg",
    "squareImage": "https://static.colruytgroup.com/images/500x500sq/std.lang.all/10/02/asset-2081002.jpg",
    "content": "1kg",
    "walkRouteSequenceNumber": 18309,
    "price": {
      "basicPrice": 0.89,
      "recommendedQuantity": "1.0",
      "measurementUnitPrice": 0.89,
      "measurementUnit": "K",
      "isRedPrice": false,
      "pricePerUOM": 0.89,
      "activationDate": "14-11-2023",
      "recordSource": "Offline",
      "isPromoActive": "N",
      "priceChangeCode": "E"
    },
    "isAvailable": true,
    "isPriceAvailable": true,
    "inPromo": false,
    "gtin": [
      "05400141036855",
      "05400141048605",
      "05400141059281",
      "05400141213317",
      "05400141859287",
      "15400141036852",
      "05400141130676"
    ],
    "topCategoryName": "Kruidenierswaren/Droge voeding",
    "topCategoryId": "233",
    "businessDomain": "RETAIL_BE",
    "IsPrivateLabel": true,
    "IsBiffe": false,
    "WeightconversionFactor": "0",
    "IsWeightArticle": false,
    "nutriscoreLabel": "E",
    "IsBio": false,
    "CountryOfOrigin": "BELGIË",
    "IsExclusivelySoldInLuxembourg": false,
    "OrderUnit": "P",
    "ShortName": "EVD KRISTALSUIKER 1 KG",
    "IsNew": false,
    "EcoscoreLabel": "A",
    "RecentQuanityOfStockUnits": "1,10",
    "LongName": "EVERYDAY fijne kristalsuiker 1kg",
    "AlcoholVolume": "0",
    "FicCode": "I",
    "EcoscoreValue": "90"
  },
  {
    "productId": "845",
    "technicalArticleNumber": "13134",
    "commercialArticleNumber": "13134",
    "name": "natuurazijn 7°",
    "description": "*Huishoudelijk\ngebruik",
    "brand": "EVERYDAY",
    "seoBrand": "Everyday",
    "thumbNail": "https://static.colruytgroup.com/images/200x200/std.lang.all/91/84/asset-1549184.jpg",
    "fullImage": "https://static.colruytgroup.com/images/500x500/std.lang.all/91/84/asset-1549184.jpg",
    "squareImage": "https://static.colruytgroup.com/images/500x500sq/std.lang.all/91/84/asset-1549184.jpg",
    "content": "1,5L",
    "walkRouteSequenceNumber": 18310,
    "price": {
      "basicPrice": 0.468,
      "recommendedQuantity": "1.0",
      "measurementUnitPrice": 0.312,
      "measurementUnit": "L",
      "isRedPrice": false,
      "pricePerUOM": 0.312,
      "activationDate": "14-11-2023",
      "recordSource": "Offline",
      "isPromoActive": "N",
      "priceChangeCode": "E"
    },
    "isAvailable": true,
    "isPriceAvailable": true,
    "inPromo": false,
    "gtin": [
      "05400141131345",
      "05400141210729",
      "05400141210736",
      "05400141232578",
      "15400141232575"
    ],
    "topCategoryName": "Kruidenierswaren/Droge voeding",
    "topCategoryId": "233",
    "businessDomain": "RETAIL_BE",
    "IsPrivateLabel": true,
    "IsBiffe": false,
    "WeightconversionFactor": "0",
    "IsWeightArticle": false,
    "nutriscoreLabel": "A",
    "IsBio": false,
    "CountryOfOrigin": "BELGIË",
    "IsExclusivelySoldInLuxembourg": false,
    "OrderUnit": "P",
    "ShortName": "EVD AZIJN 7G 1L5",
    "IsNew": false,
    "EcoscoreLabel": "A",
    "RecentQuanityOfStockUnits": "6,1",
    "LongName": "EVERYDAY natuurazijn 7° 1,5L",
    "AlcoholVolume": "0",
    "FicCode": "I",
    "EcoscoreValue": "82"
  },
  {
    "productId": "877",
    "technicalArticleNumber": "13231",
    "commercialArticleNumber": "13231",
    "name": "mayonaise met eieren",
    "description": "*Met scharreleieren",
    "brand": "DEVOS LEMMENS",
    "seoBrand": "Devos Lemmens",
    "thumbNail": "https://static.colruytgroup.com/images/200x200/std.lang.all/86/82/asset-1228682.jpg",
    "fullImage": "https://static.colruytgroup.com/images/500x500/std.lang.all/86/82/asset-1228682.jpg",
    "squareImage": "https://static.colruytgroup.com/images/500x500sq/std.lang.all/86/82/asset-1228682.jpg",
    "content": "550ml",
    "walkRouteSequenceNumber": 8094,
    "price": {
      "basicPrice": 2.19,
      "recommendedQuantity": "2.0",
      "measurementUnitPrice": 3.99,
      "measurementUnit": "L",
      "isRedPrice": false,
      "pricePerUOM": 3.99,
      "activationDate": "16-01-2024",
      "recordSource": "Offline",
      "isPromoActive": "N",
      "priceChangeCode": "H"
    },
    "isAvailable": true,
    "isPriceAvailable": true,
    "inPromo": false,
    "gtin": [
      "05325874125631",
      "05400141132311",
      "05410056181243",
      "05410056281240",
      "05410056781245",
      "05414972726526"
    ],
    "topCategoryName": "Kruidenierswaren/Droge voeding",
    "topCategoryId": "233",
    "businessDomain": "RETAIL_BE",
    "IsPrivateLabel": false,
    "IsBiffe": false,
    "WeightconversionFactor": "0",
    "IsWeightArticle": false,
    "nutriscoreLabel": "D",
    "IsBio": false,
    "CountryOfOrigin": "BELGIË",
    "IsExclusivelySoldInLuxembourg": false,
    "OrderUnit": "P",
    "ShortName": "DVL MAYON 550ML EI",
    "IsNew": false,
    "EcoscoreLabel": "D",
    "RecentQuanityOfStockUnits": "1,12",
    "LongName": "DEVOS LEMMENS mayonaise met eieren 550ml",
    "AlcoholVolume": "0",
    "FicCode": "E",
    "EcoscoreValue": "34"
  },
  {
    "productId": "6947",
    "technicalArticleNumber": "1154143",
    "commercialArticleNumber": "14519",
    "name": "penne rigate",
    "description": "*Italië\n*kooktijd:9-11\nminuten\n*Eiwit: 12,6g/100g",
    "brand": "BONI",
    "seoBrand": "Boni Selection",
    "thumbNail": "https://static.colruytgroup.com/images/200x200/std.lang.all/65/06/asset-2826506.jpg",
    "fullImage": "https://static.colruytgroup.com/images/500x500/std.lang.all/65/06/asset-2826506.jpg",
    "squareImage": "https://static.colruytgroup.com/images/500x500sq/std.lang.all/65/06/asset-2826506.jpg",
    "content": "500g",
    "walkRouteSequenceNumber": 8102,
    "price": {
      "basicPrice": 0.79,
      "recommendedQuantity": "1.0",
      "quantityPrice": 0.592,
      "quantityPriceQuantity": "4.0",
      "measurementUnitPrice": 1.58,
      "measurementUnitQuantityPrice": 1.19,
      "measurementUnit": "K",
      "isRedPrice": false,
      "pricePerUOM": 1.58,
      "activationDate": "20-03-2024",
      "recordSource": "Offline",
      "isPromoActive": "N",
      "priceChangeCode": "E",
      "quantityPricePerUOM": 1.19,
      "quantityActivationDate": "20-03-2024",
      "quantityPriceChangeCode": "H"
    },
    "isAvailable": true,
    "isPriceAvailable": true,
    "inPromo": false,
    "gtin": [
      "55400141346508",
      "05400141719031",
      "15400141719038",
      "00000025145199",
      "05400141102062",
      "05400141127027",
      "05400141163223",
      "05400141164183",
      "15400141163220",
      "15400141240808",
      "15400141346500",
      "05400141240801",
      "05400141345193",
      "05400141346503",
      "05400141645194"
    ],
    "topCategoryName": "Kruidenierswaren/Droge voeding",
    "topCategoryId": "233",
    "businessDomain": "RETAIL_BE",
    "IsPrivateLabel": true,
    "IsBiffe": false,
    "WeightconversionFactor": "0",
    "IsWeightArticle": false,
    "nutriscoreLabel": "A",
    "IsBio": false,
    "CountryOfOrigin": "ITALIË",
    "IsExclusivelySoldInLuxembourg": false,
    "OrderUnit": "P",
    "ShortName": "BONI PENNE RIGATE 500G",
    "IsNew": false,
    "EcoscoreLabel": "B",
    "RecentQuanityOfStockUnits": "1,12",
    "LongName": "BONI penne rigate 500g",
    "AlcoholVolume": "0",
    "FicCode": "I",
    "EcoscoreValue": "60"
  },
  {
    "productId": "2856",
    "technicalArticleNumber": "1014608",
    "commercialArticleNumber": "14865",
    "name": "bloem tarwe",
    "description": "*Tarwebloem\n*Geschikt voor alle\nbereidingen\n*Geschikt voor de\nbroodmachine",
    "brand": "EVERYDAY",
    "seoBrand": "Everyday",
    "thumbNail": "https://static.colruytgroup.com/images/200x200/std.lang.all/10/01/asset-2081001.jpg",
    "fullImage": "https://static.colruytgroup.com/images/500x500/std.lang.all/10/01/asset-2081001.jpg",
    "squareImage": "https://static.colruytgroup.com/images/500x500sq/std.lang.all/10/01/asset-2081001.jpg",
    "content": "1kg",
    "walkRouteSequenceNumber": 9614,
    "price": {
      "basicPrice": 0.35,
      "recommendedQuantity": "1.0",
      "measurementUnitPrice": 0.35,
      "measurementUnit": "K",
      "isRedPrice": false,
      "pricePerUOM": 0.35,
      "activationDate": "14-11-2023",
      "recordSource": "Offline",
      "isPromoActive": "N",
      "priceChangeCode": "E"
    },
    "isAvailable": true,
    "isPriceAvailable": true,
    "inPromo": false,
    "gtin": [
      "05400141184037",
      "05400141148657",
      "05400141056471",
      "15400141056478"
    ],
    "topCategoryName": "Kruidenierswaren/Droge voeding",
    "topCategoryId": "233",
    "businessDomain": "RETAIL_BE",
    "IsPrivateLabel": true,
    "IsBiffe": false,
    "WeightconversionFactor": "0",
    "IsWeightArticle": false,
    "nutriscoreLabel": "A",
    "IsBio": false,
    "CountryOfOrigin": "DUITSLAND",
    "IsExclusivelySoldInLuxembourg": false,
    "OrderUnit": "P",
    "ShortName": "EVD TARWEBLOEM 1KG",
    "IsNew": false,
    "EcoscoreLabel": "A",
    "RecentQuanityOfStockUnits": "10,1",
    "LongName": "EVERYDAY bloem tarwe 1kg",
    "AlcoholVolume": "0",
    "FicCode": "I",
    "EcoscoreValue": "100"
  },
  {
    "productId": "2055",
    "technicalArticleNumber": "26001",
    "commercialArticleNumber": "26001",
    "name": "gist vers",
    "brand": "KONINGSGIST",
    "seoBrand": "Koningsgist",
    "thumbNail": "https://static.colruytgroup.com/images/200x200/nl_be/11/29/asset-381129.jpg",
    "fullImage": "https://static.colruytgroup.com/images/500x500/nl_be/11/29/asset-381129.jpg",
    "squareImage": "https://static.colruytgroup.com/images/500x500sq/nl_be/11/29/asset-381129.jpg",
    "content": "42g",
    "walkRouteSequenceNumber": 6048,
    "price": {
      "basicPrice": 0.29,
      "recommendedQuantity": "1.0",
      "measurementUnitPrice": 6.91,
      "measurementUnit": "K",
      "isRedPrice": false,
      "pricePerUOM": 6.91,
      "activationDate": "14-11-2023",
      "recordSource": "Offline",
      "isPromoActive": "N",
      "priceChangeCode": "E"
    },
    "isAvailable": true,
    "isPriceAvailable": true,
    "inPromo": false,
    "gtin": [
      "00000041017715",
      "04101770009906",
      "08717804309001"
    ],
    "topCategoryName": "Kruidenierswaren/Droge voeding",
    "topCategoryId": "233",
    "businessDomain": "RETAIL_BE",
    "IsPrivateLabel": false,
    "IsBiffe": false,
    "WeightconversionFactor": "0",
    "IsWeightArticle": false,
    "nutriscoreLabel": "A",
    "IsBio": false,
    "CountryOfOrigin": "DUITSLAND",
    "IsExclusivelySoldInLuxembourg": false,
    "OrderUnit": "P",
    "ShortName": "VERSE KONINGSGIST 42 GR",
    "IsNew": false,
    "EcoscoreLabel": "C",
    "RecentQuanityOfStockUnits": "24,1",
    "LongName": "KONINGSGIST gist vers 42g",
    "AlcoholVolume": "0",
    "FicCode": "E",
    "EcoscoreValue": "41"
  },
  {
    "productId": "6950",
    "technicalArticleNumber": "1154151",
    "commercialArticleNumber": "14522",
    "name": "tagliatelle eieren",
    "description": "*Frankrijk\n*kooktijd:5-6 minuten\n*4 eieren/kg\n*Eiwit: 14g/100g",
    "brand": "BONI",
    "seoBrand": "Boni Selection",
    "thumbNail": "https://static.colruytgroup.com/images/200x200/std.lang.all/62/78/asset-3446278.jpg",
    "fullImage": "https://static.colruytgroup.com/images/500x500/std.lang.all/62/78/asset-3446278.jpg",
    "squareImage": "https://static.colruytgroup.com/images/500x500sq/std.lang.all/62/78/asset-3446278.jpg",
    "content": "500g",
    "walkRouteSequenceNumber": 8174,
    "price": {
      "basicPrice": 1.89,
      "recommendedQuantity": "1.0",
      "measurementUnitPrice": 3.78,
      "measurementUnit": "K",
      "isRedPrice": false,
      "pricePerUOM": 3.78,
      "activationDate": "19-03-2024",
      "recordSource": "Offline",
      "isPromoActive": "N",
      "priceChangeCode": "E"
    },
    "isAvailable": true,
    "isPriceAvailable": true,
    "inPromo": false,
    "gtin": [
      "05400141866667",
      "05400141164121",
      "05400141242027",
      "05400141360653",
      "05400141945225",
      "15400141242024",
      "15400141360650",
      "15400141921608",
      "15400141866664"
    ],
    "topCategoryName": "Kruidenierswaren/Droge voeding",
    "topCategoryId": "233",
    "businessDomain": "RETAIL_BE",
    "IsPrivateLabel": true,
    "IsBiffe": false,
    "WeightconversionFactor": "0",
    "IsWeightArticle": false,
    "nutriscoreLabel": "A",
    "IsBio": false,
    "CountryOfOrigin": "FRANKRIJK",
    "IsExclusivelySoldInLuxembourg": false,
    "OrderUnit": "P",
    "ShortName": "BONI TAGLIATEL EI 500G",
    "IsNew": false,
    "EcoscoreLabel": "A",
    "RecentQuanityOfStockUnits": "1,12",
    "LongName": "BONI tagliatelle eieren 500g",
    "AlcoholVolume": "0",
    "FicCode": "I",
    "EcoscoreValue": "80"
  },
  {
    "productId": "50462",
    "technicalArticleNumber": "2181018",
    "commercialArticleNumber": "14994",
    "name": "spaghetti",
    "description": "*Italië\n*kooktijd:\n8-9minuten\n*Eiwit: 12,6g/100g",
    "brand": "BONI",
    "seoBrand": "Boni Selection",
    "thumbNail": "https://static.colruytgroup.com/images/200x200/std.lang.all/12/72/asset-1001272.jpg",
    "fullImage": "https://static.colruytgroup.com/images/500x500/std.lang.all/12/72/asset-1001272.jpg",
    "squareImage": "https://static.colruytgroup.com/images/500x500sq/std.lang.all/12/72/asset-1001272.jpg",
    "content": "500g",
    "walkRouteSequenceNumber": 8168,
    "price": {
      "basicPrice": 0.79,
      "recommendedQuantity": "1.0",
      "quantityPrice": 0.61,
      "quantityPriceQuantity": "4.0",
      "measurementUnitPrice": 1.58,
      "measurementUnitQuantityPrice": 1.22,
      "measurementUnit": "K",
      "isRedPrice": false,
      "pricePerUOM": 1.58,
      "activationDate": "20-03-2024",
      "recordSource": "Offline",
      "isPromoActive": "N",
      "priceChangeCode": "E",
      "quantityPricePerUOM": 1.22,
      "quantityActivationDate": "20-03-2024",
      "quantityPriceChangeCode": "E"
    },
    "isAvailable": true,
    "isPriceAvailable": true,
    "inPromo": false,
    "gtin": [
      "05400141184129",
      "05400141127447",
      "05400141549942",
      "15400141037347",
      "05400141240023",
      "05400141037340",
      "15400141240020",
      "05400141102239"
    ],
    "topCategoryName": "Kruidenierswaren/Droge voeding",
    "topCategoryId": "233",
    "businessDomain": "RETAIL_BE",
    "IsPrivateLabel": true,
    "IsBiffe": false,
    "WeightconversionFactor": "0",
    "IsWeightArticle": false,
    "nutriscoreLabel": "A",
    "IsBio": false,
    "CountryOfOrigin": "ITALIË",
    "IsExclusivelySoldInLuxembourg": false,
    "OrderUnit": "P",
    "ShortName": "BONI NR3 SPAGHET 500G",
    "IsNew": false,
    "EcoscoreLabel": "A",
    "RecentQuanityOfStockUnits": "24,1",
    "LongName": "BONI spaghetti 500g",
    "AlcoholVolume": "0",
    "FicCode": "I",
    "EcoscoreValue": "80"
  },
  {
    "productId": "9819",
    "technicalArticleNumber": "1400567",
    "commercialArticleNumber": "13417",
    "name": "mayonaise met eieren",
    "description": "*Met scharreleieren",
    "brand": "EVERYDAY",
    "seoBrand": "Everyday",
    "thumbNail": "https://static.colruytgroup.com/images/200x200/std.lang.all/85/64/asset-3328564.jpg",
    "fullImage": "https://static.colruytgroup.com/images/500x500/std.lang.all/85/64/asset-3328564.jpg",
    "squareImage": "https://static.colruytgroup.com/images/500x500sq/std.lang.all/85/64/asset-3328564.jpg",
    "content": "500ml",
    "walkRouteSequenceNumber": 8091,
    "price": {
      "basicPrice": 1.15,
      "recommendedQuantity": "1.0",
      "measurementUnitPrice": 2.3,
      "measurementUnit": "L",
      "isRedPrice": false,
      "pricePerUOM": 2.3,
      "activationDate": "23-03-2024",
      "recordSource": "Offline",
      "isPromoActive": "N",
      "priceChangeCode": "E"
    },
    "isAvailable": true,
    "isPriceAvailable": true,
    "inPromo": false,
    "gtin": [
      "05400141851298",
      "15400141851295",
      "05400141090451",
      "05400141113037",
      "05400141210415",
      "05400141334173",
      "05400141734171",
      "15400141113034"
    ],
    "topCategoryName": "Kruidenierswaren/Droge voeding",
    "topCategoryId": "233",
    "businessDomain": "RETAIL_BE",
    "IsPrivateLabel": true,
    "IsBiffe": false,
    "WeightconversionFactor": "0",
    "IsWeightArticle": false,
    "nutriscoreLabel": "D",
    "IsBio": false,
    "CountryOfOrigin": "BELGIË",
    "IsExclusivelySoldInLuxembourg": false,
    "OrderUnit": "P",
    "ShortName": "EVD MAYON EI 500ML",
    "IsNew": false,
    "EcoscoreLabel": "C",
    "RecentQuanityOfStockUnits": "12,1",
    "LongName": "EVERYDAY mayonaise met eieren 500ml",
    "AlcoholVolume": "0",
    "FicCode": "I",
    "EcoscoreValue": "47"
  },
  {
    "productId": "156371",
    "technicalArticleNumber": "3270432",
    "commercialArticleNumber": "21385",
    "name": "rijstwafel chocolade",
    "description": "*Rijstwafels, rond,\nmet melkchocolade",
    "brand": "BONI",
    "seoBrand": "Boni Selection",
    "thumbNail": "https://static.colruytgroup.com/images/200x200/std.lang.all/99/25/asset-2619925.jpg",
    "fullImage": "https://static.colruytgroup.com/images/500x500/std.lang.all/99/25/asset-2619925.jpg",
    "squareImage": "https://static.colruytgroup.com/images/500x500sq/std.lang.all/99/25/asset-2619925.jpg",
    "content": "150g",
    "walkRouteSequenceNumber": 17085,
    "price": {
      "basicPrice": 0.99,
      "recommendedQuantity": "1.0",
      "measurementUnitPrice": 6.6,
      "measurementUnit": "K",
      "isRedPrice": false,
      "pricePerUOM": 6.6,
      "activationDate": "06-12-2023",
      "recordSource": "Offline",
      "isPromoActive": "N",
      "priceChangeCode": "E"
    },
    "isAvailable": true,
    "isPriceAvailable": true,
    "inPromo": false,
    "gtin": [
      "05400141210859",
      "15400141797364",
      "15400141364276",
      "05400141424751",
      "05400141364279",
      "05400141213492",
      "15400141213499"
    ],
    "topCategoryName": "Brood/Ontbijt",
    "topCategoryId": "124",
    "businessDomain": "RETAIL_BE",
    "IsPrivateLabel": true,
    "IsBiffe": false,
    "WeightconversionFactor": "0",
    "IsWeightArticle": false,
    "nutriscoreLabel": "E",
    "IsBio": false,
    "CountryOfOrigin": "NEDERLAND",
    "IsExclusivelySoldInLuxembourg": false,
    "OrderUnit": "P",
    "ShortName": "BONI CHOCO RIJSTWAF 150",
    "IsNew": false,
    "EcoscoreLabel": "C",
    "RecentQuanityOfStockUnits": "20,1",
    "LongName": "BONI rijstwafel chocolade 150g",
    "AlcoholVolume": "0",
    "FicCode": "I",
    "EcoscoreValue": "53"
  },
  {
    "productId": "96",
    "technicalArticleNumber": "14502",
    "commercialArticleNumber": "14502",
    "name": "spaghetti",
    "description": "*Kooktijd:\n7 minuten",
    "brand": "EVERYDAY",
    "seoBrand": "Everyday",
    "thumbNail": "https://static.colruytgroup.com/images/200x200/std.lang.all/09/99/asset-2080999.jpg",
    "fullImage": "https://static.colruytgroup.com/images/500x500/std.lang.all/09/99/asset-2080999.jpg",
    "squareImage": "https://static.colruytgroup.com/images/500x500sq/std.lang.all/09/99/asset-2080999.jpg",
    "content": "500g",
    "walkRouteSequenceNumber": 8312,
    "price": {
      "basicPrice": 0.52,
      "recommendedQuantity": "1.0",
      "measurementUnitPrice": 1.04,
      "measurementUnit": "K",
      "isRedPrice": false,
      "pricePerUOM": 1.04,
      "activationDate": "07-12-2023",
      "recordSource": "Offline",
      "isPromoActive": "N",
      "priceChangeCode": "L"
    },
    "isAvailable": true,
    "isPriceAvailable": true,
    "inPromo": false,
    "gtin": [
      "15400141768579",
      "05400141145021",
      "05400141380101",
      "05400141042528",
      "15400141973027",
      "05400141043495",
      "15400141828297",
      "05400141768572"
    ],
    "topCategoryName": "Kruidenierswaren/Droge voeding",
    "topCategoryId": "233",
    "businessDomain": "RETAIL_BE",
    "IsPrivateLabel": true,
    "IsBiffe": false,
    "WeightconversionFactor": "0",
    "IsWeightArticle": false,
    "nutriscoreLabel": "B",
    "IsBio": false,
    "CountryOfOrigin": "BELGIË",
    "IsExclusivelySoldInLuxembourg": false,
    "OrderUnit": "P",
    "ShortName": "EVD SPAGHETTI 500G",
    "IsNew": false,
    "EcoscoreLabel": "A",
    "RecentQuanityOfStockUnits": "24,1",
    "LongName": "EVERYDAY spaghetti 500g",
    "AlcoholVolume": "0",
    "FicCode": "I",
    "EcoscoreValue": "96"
  },
  {
    "productId": "7024",
    "technicalArticleNumber": "1154156",
    "commercialArticleNumber": "14523",
    "name": "spirelli",
    "description": "*Italië\n*kooktijd: 9-11\nminuten\n*Eiwit: 12,6g/100g",
    "brand": "BONI",
    "seoBrand": "Boni Selection",
    "thumbNail": "https://static.colruytgroup.com/images/200x200/std.lang.all/08/44/asset-2790844.jpg",
    "fullImage": "https://static.colruytgroup.com/images/500x500/std.lang.all/08/44/asset-2790844.jpg",
    "squareImage": "https://static.colruytgroup.com/images/500x500sq/std.lang.all/08/44/asset-2790844.jpg",
    "content": "500g",
    "walkRouteSequenceNumber": 8106,
    "price": {
      "basicPrice": 0.85,
      "recommendedQuantity": "1.0",
      "quantityPrice": 0.637,
      "quantityPriceQuantity": "4.0",
      "measurementUnitPrice": 1.7,
      "measurementUnitQuantityPrice": 1.28,
      "measurementUnit": "K",
      "isRedPrice": false,
      "pricePerUOM": 1.7,
      "activationDate": "20-03-2024",
      "recordSource": "Offline",
      "isPromoActive": "N",
      "priceChangeCode": "E",
      "quantityPricePerUOM": 1.28,
      "quantityActivationDate": "20-03-2024",
      "quantityPriceChangeCode": "E"
    },
    "isAvailable": true,
    "isPriceAvailable": true,
    "inPromo": false,
    "gtin": [
      "05400141719048",
      "15400141719045",
      "15400141163237",
      "15400141240839",
      "15400141351092",
      "05400141102277",
      "05400141127058",
      "05400141163230",
      "05400141184112",
      "05400141240832",
      "05400141351095",
      "05400141445237"
    ],
    "topCategoryName": "Kruidenierswaren/Droge voeding",
    "topCategoryId": "233",
    "businessDomain": "RETAIL_BE",
    "IsPrivateLabel": true,
    "IsBiffe": false,
    "WeightconversionFactor": "0",
    "IsWeightArticle": false,
    "nutriscoreLabel": "A",
    "IsBio": false,
    "CountryOfOrigin": "ITALIË",
    "IsExclusivelySoldInLuxembourg": false,
    "OrderUnit": "P",
    "ShortName": "BONI SPIRELLI 500G",
    "IsNew": false,
    "EcoscoreLabel": "B",
    "RecentQuanityOfStockUnits": "10,1",
    "LongName": "BONI spirelli 500g",
    "AlcoholVolume": "0",
    "FicCode": "I",
    "EcoscoreValue": "60"
  },
  {
    "productId": "616",
    "technicalArticleNumber": "5962",
    "commercialArticleNumber": "5962",
    "name": "fijn keukenzout",
    "brand": "EVERYDAY",
    "seoBrand": "Everyday",
    "thumbNail": "https://static.colruytgroup.com/images/200x200/std.lang.all/25/29/asset-2822529.jpg",
    "fullImage": "https://static.colruytgroup.com/images/500x500/std.lang.all/25/29/asset-2822529.jpg",
    "squareImage": "https://static.colruytgroup.com/images/500x500sq/std.lang.all/25/29/asset-2822529.jpg",
    "content": "1kg",
    "walkRouteSequenceNumber": 6505,
    "price": {
      "basicPrice": 0.29,
      "recommendedQuantity": "1.0",
      "measurementUnitPrice": 0.29,
      "measurementUnit": "K",
      "isRedPrice": false,
      "pricePerUOM": 0.29,
      "activationDate": "14-11-2023",
      "recordSource": "Offline",
      "isPromoActive": "N",
      "priceChangeCode": "E"
    },
    "isAvailable": true,
    "isPriceAvailable": true,
    "inPromo": false,
    "gtin": [
      "05400141610451",
      "15400141441366",
      "05400141441369",
      "15400141059622",
      "05400141059625",
      "05400141099645",
      "05400141333527",
      "05400141355192"
    ],
    "topCategoryName": "Kruidenierswaren/Droge voeding",
    "topCategoryId": "233",
    "businessDomain": "RETAIL_BE",
    "IsPrivateLabel": true,
    "IsBiffe": false,
    "WeightconversionFactor": "0",
    "IsWeightArticle": false,
    "nutriscoreLabel": "E",
    "IsBio": false,
    "CountryOfOrigin": "FRANKRIJK",
    "IsExclusivelySoldInLuxembourg": false,
    "OrderUnit": "P",
    "ShortName": "EVERYDAY ZOUT 1KG",
    "IsNew": false,
    "EcoscoreLabel": "A",
    "RecentQuanityOfStockUnits": "12,1",
    "LongName": "EVERYDAY fijn keukenzout 1kg",
    "AlcoholVolume": "0",
    "FicCode": "I",
    "EcoscoreValue": "92"
  },
  {
    "productId": "454859",
    "technicalArticleNumber": "4024313",
    "commercialArticleNumber": "5301",
    "name": "hummus klassiek",
    "description": "*O.b.v. kikkererwten",
    "brand": "BONI",
    "seoBrand": "Boni Selection",
    "thumbNail": "https://static.colruytgroup.com/images/200x200/std.lang.all/42/14/asset-2494214.jpg",
    "fullImage": "https://static.colruytgroup.com/images/500x500/std.lang.all/42/14/asset-2494214.jpg",
    "squareImage": "https://static.colruytgroup.com/images/500x500sq/std.lang.all/42/14/asset-2494214.jpg",
    "content": "200g",
    "walkRouteSequenceNumber": 7757,
    "price": {
      "basicPrice": 0.89,
      "recommendedQuantity": "1.0",
      "measurementUnitPrice": 4.45,
      "measurementUnit": "K",
      "isRedPrice": false,
      "pricePerUOM": 4.45,
      "activationDate": "28-02-2024",
      "recordSource": "Offline",
      "isPromoActive": "N",
      "priceChangeCode": "H"
    },
    "isAvailable": true,
    "isPriceAvailable": true,
    "inPromo": false,
    "gtin": [
      "25400141461323",
      "05400141664942",
      "05400141240894",
      "05400141461329",
      "35400141618465"
    ],
    "topCategoryName": "Chips/Borrelhapjes",
    "topCategoryId": "306",
    "businessDomain": "RETAIL_BE",
    "IsPrivateLabel": true,
    "IsBiffe": false,
    "WeightconversionFactor": "0",
    "IsWeightArticle": false,
    "nutriscoreLabel": "C",
    "IsBio": false,
    "CountryOfOrigin": "BELGIË",
    "IsExclusivelySoldInLuxembourg": false,
    "OrderUnit": "P",
    "ShortName": "BONI HUMMUS KLAS.200G",
    "IsNew": false,
    "EcoscoreLabel": "B",
    "RecentQuanityOfStockUnits": "6,1",
    "LongName": "BONI hummus klassiek 200g",
    "FicCode": "I",
    "EcoscoreValue": "79"
  },
  {
    "productId": "246553",
    "technicalArticleNumber": "3612449",
    "commercialArticleNumber": "18465",
    "name": "suikerklontjes",
    "description": "*Suiker",
    "brand": "EVERYDAY",
    "seoBrand": "Everyday",
    "thumbNail": "https://static.colruytgroup.com/images/200x200/std.lang.all/58/18/asset-2945818.jpg",
    "fullImage": "https://static.colruytgroup.com/images/500x500/std.lang.all/58/18/asset-2945818.jpg",
    "squareImage": "https://static.colruytgroup.com/images/500x500sq/std.lang.all/58/18/asset-2945818.jpg",
    "content": "1kg",
    "walkRouteSequenceNumber": 9207,
    "price": {
      "basicPrice": 1.09,
      "recommendedQuantity": "1.0",
      "measurementUnitPrice": 1.09,
      "measurementUnit": "K",
      "isRedPrice": false,
      "pricePerUOM": 1.09,
      "activationDate": "19-01-2024",
      "recordSource": "Offline",
      "isPromoActive": "N",
      "priceChangeCode": "E"
    },
    "isAvailable": true,
    "isPriceAvailable": true,
    "inPromo": false,
    "gtin": [
      "15400141046219",
      "05400141046212",
      "15400141520023"
    ],
    "topCategoryName": "Kruidenierswaren/Droge voeding",
    "topCategoryId": "233",
    "businessDomain": "RETAIL_BE",
    "IsPrivateLabel": true,
    "IsBiffe": false,
    "WeightconversionFactor": "0",
    "IsWeightArticle": false,
    "nutriscoreLabel": "E",
    "IsBio": false,
    "CountryOfOrigin": "DUITSLAND",
    "IsExclusivelySoldInLuxembourg": false,
    "OrderUnit": "P",
    "ShortName": "EVD SUIKERKLONTJES 1KG",
    "IsNew": false,
    "EcoscoreLabel": "A",
    "RecentQuanityOfStockUnits": "1,5",
    "LongName": "EVERYDAY suikerklontjes 1kg",
    "AlcoholVolume": "0",
    "FicCode": "I",
    "EcoscoreValue": "90"
  },
  {
    "productId": "832",
    "technicalArticleNumber": "13060",
    "commercialArticleNumber": "13060",
    "name": "frituurolie",
    "description": "*Frituren\n*Zonnebloem-,\nkoolzaadolie,\npalmolie",
    "brand": "EVERYDAY",
    "seoBrand": "Everyday",
    "thumbNail": "https://static.colruytgroup.com/images/200x200/std.lang.all/23/38/asset-2102338.jpg",
    "fullImage": "https://static.colruytgroup.com/images/500x500/std.lang.all/23/38/asset-2102338.jpg",
    "squareImage": "https://static.colruytgroup.com/images/500x500sq/std.lang.all/23/38/asset-2102338.jpg",
    "content": "2L",
    "walkRouteSequenceNumber": 9154,
    "price": {
      "basicPrice": 3.99,
      "recommendedQuantity": "1.0",
      "measurementUnitPrice": 2,
      "measurementUnit": "L",
      "isRedPrice": false,
      "pricePerUOM": 2,
      "activationDate": "18-03-2024",
      "isPromoActive": "N",
      "priceChangeCode": "E"
    },
    "isAvailable": true,
    "isPriceAvailable": true,
    "inPromo": false,
    "gtin": [
      "05400141345186",
      "05400141359268",
      "05400141410181",
      "15400141192749",
      "05400141117240",
      "05400141130607",
      "05400141192742"
    ],
    "topCategoryName": "Kruidenierswaren/Droge voeding",
    "topCategoryId": "233",
    "businessDomain": "RETAIL_BE",
    "IsPrivateLabel": true,
    "IsBiffe": false,
    "WeightconversionFactor": "0",
    "IsWeightArticle": false,
    "nutriscoreLabel": "C",
    "IsBio": false,
    "CountryOfOrigin": "BELGIË",
    "IsExclusivelySoldInLuxembourg": false,
    "OrderUnit": "P",
    "ShortName": "EVD FRITUUROLIE 2 L",
    "IsNew": false,
    "EcoscoreLabel": "C",
    "RecentQuanityOfStockUnits": "6,1",
    "LongName": "EVERYDAY frituurolie 2L",
    "AlcoholVolume": "0",
    "FicCode": "I",
    "EcoscoreValue": "52"
  },
  {
    "productId": "95",
    "technicalArticleNumber": "14501",
    "commercialArticleNumber": "14501",
    "name": "spirelli",
    "description": "*kooktijd: 7 minuten",
    "brand": "EVERYDAY",
    "seoBrand": "Everyday",
    "thumbNail": "https://static.colruytgroup.com/images/200x200/std.lang.all/48/73/asset-2944873.jpg",
    "fullImage": "https://static.colruytgroup.com/images/500x500/std.lang.all/48/73/asset-2944873.jpg",
    "squareImage": "https://static.colruytgroup.com/images/500x500sq/std.lang.all/48/73/asset-2944873.jpg",
    "content": "500g",
    "walkRouteSequenceNumber": 8298,
    "price": {
      "basicPrice": 0.55,
      "recommendedQuantity": "1.0",
      "measurementUnitPrice": 1.1,
      "measurementUnit": "K",
      "isRedPrice": false,
      "pricePerUOM": 1.1,
      "activationDate": "14-11-2023",
      "recordSource": "Offline",
      "isPromoActive": "N",
      "priceChangeCode": "E"
    },
    "isAvailable": true,
    "isPriceAvailable": true,
    "inPromo": false,
    "gtin": [
      "15400141768562",
      "05400141768565",
      "15400141972990",
      "05400141145014",
      "05400141043440"
    ],
    "topCategoryName": "Kruidenierswaren/Droge voeding",
    "topCategoryId": "233",
    "businessDomain": "RETAIL_BE",
    "IsPrivateLabel": true,
    "IsBiffe": false,
    "WeightconversionFactor": "0",
    "IsWeightArticle": false,
    "nutriscoreLabel": "B",
    "IsBio": false,
    "CountryOfOrigin": "BELGIË",
    "IsExclusivelySoldInLuxembourg": false,
    "OrderUnit": "P",
    "ShortName": "EVD SPIRELLI 500GR",
    "IsNew": false,
    "EcoscoreLabel": "A",
    "RecentQuanityOfStockUnits": "16,1",
    "LongName": "EVERYDAY spirelli 500g",
    "AlcoholVolume": "0",
    "FicCode": "I",
    "EcoscoreValue": "96"
  },
  {
    "productId": "842",
    "technicalArticleNumber": "13127",
    "commercialArticleNumber": "13127",
    "name": "olijfolie extra vierge",
    "description": "*Koude en warme\nbereidingen\n*Spanje",
    "brand": "BONI",
    "seoBrand": "Boni Selection",
    "thumbNail": "https://static.colruytgroup.com/images/200x200/std.lang.all/62/64/asset-2516264.jpg",
    "fullImage": "https://static.colruytgroup.com/images/500x500/std.lang.all/62/64/asset-2516264.jpg",
    "squareImage": "https://static.colruytgroup.com/images/500x500sq/std.lang.all/62/64/asset-2516264.jpg",
    "content": "1L",
    "walkRouteSequenceNumber": 8795,
    "price": {
      "basicPrice": 9.9,
      "recommendedQuantity": "1.0",
      "measurementUnitPrice": 9.9,
      "measurementUnit": "L",
      "isRedPrice": false,
      "pricePerUOM": 9.9,
      "activationDate": "21-03-2024",
      "recordSource": "Offline",
      "isPromoActive": "N",
      "priceChangeCode": "H"
    },
    "isAvailable": true,
    "isPriceAvailable": true,
    "inPromo": false,
    "gtin": [
      "05400141056600",
      "05400141116779",
      "05400141192391",
      "05400141214956",
      "05400141383522",
      "05400141831276",
      "15400141214953",
      "15400141192398",
      "05400141217544"
    ],
    "topCategoryName": "Kruidenierswaren/Droge voeding",
    "topCategoryId": "233",
    "businessDomain": "RETAIL_BE",
    "IsPrivateLabel": true,
    "IsBiffe": false,
    "WeightconversionFactor": "0",
    "IsWeightArticle": false,
    "nutriscoreLabel": "B",
    "IsBio": false,
    "CountryOfOrigin": "BELGIË",
    "IsExclusivelySoldInLuxembourg": false,
    "OrderUnit": "P",
    "ShortName": "BONI OLYFOLIE EV 1L",
    "IsNew": false,
    "EcoscoreLabel": "D",
    "RecentQuanityOfStockUnits": "6,1",
    "LongName": "BONI olijfolie extra vierge 1L",
    "AlcoholVolume": "0",
    "FicCode": "I",
    "EcoscoreValue": "39"
  },
  {
    "productId": "828",
    "technicalArticleNumber": "13032",
    "commercialArticleNumber": "13032",
    "name": "olie zonnebloem",
    "description": "*Koude en warme\nbereidingen, wokken,\nfrituren\n*100% zonnebloemolie",
    "brand": "BONI",
    "seoBrand": "Boni Selection",
    "thumbNail": "https://static.colruytgroup.com/images/200x200/std.lang.all/19/80/asset-1711980.jpg",
    "fullImage": "https://static.colruytgroup.com/images/500x500/std.lang.all/19/80/asset-1711980.jpg",
    "squareImage": "https://static.colruytgroup.com/images/500x500sq/std.lang.all/19/80/asset-1711980.jpg",
    "content": "1L",
    "walkRouteSequenceNumber": 9128,
    "price": {
      "basicPrice": 2.39,
      "recommendedQuantity": "1.0",
      "measurementUnitPrice": 2.39,
      "measurementUnit": "L",
      "isRedPrice": false,
      "pricePerUOM": 2.39,
      "activationDate": "14-11-2023",
      "recordSource": "Offline",
      "isPromoActive": "N",
      "priceChangeCode": "E"
    },
    "isAvailable": true,
    "isPriceAvailable": true,
    "inPromo": false,
    "gtin": [
      "05400141192575",
      "05400141345421",
      "05400141359251",
      "15400141192572"
    ],
    "topCategoryName": "Kruidenierswaren/Droge voeding",
    "topCategoryId": "233",
    "businessDomain": "RETAIL_BE",
    "IsPrivateLabel": true,
    "IsBiffe": false,
    "WeightconversionFactor": "0",
    "IsWeightArticle": false,
    "nutriscoreLabel": "C",
    "IsBio": false,
    "CountryOfOrigin": "BELGIË",
    "IsExclusivelySoldInLuxembourg": false,
    "OrderUnit": "P",
    "ShortName": "BONI ZONNEBLOEMOLIE 1L",
    "IsNew": false,
    "EcoscoreLabel": "C",
    "RecentQuanityOfStockUnits": "1,15",
    "LongName": "BONI olie zonnebloem 1L",
    "AlcoholVolume": "0",
    "FicCode": "I",
    "EcoscoreValue": "53"
  },
  {
    "productId": "55465",
    "technicalArticleNumber": "2405821",
    "commercialArticleNumber": "4437",
    "name": "maïswafel",
    "description": "*Maïswafel, rond,\nmet zeezout\n*Individueel verpakt\n6x4 stuks",
    "brand": "BONI BIO",
    "seoBrand": "Boni Selection Bio",
    "thumbNail": "https://static.colruytgroup.com/images/200x200/std.lang.all/86/26/asset-2338626.jpg",
    "fullImage": "https://static.colruytgroup.com/images/500x500/std.lang.all/86/26/asset-2338626.jpg",
    "squareImage": "https://static.colruytgroup.com/images/500x500sq/std.lang.all/86/26/asset-2338626.jpg",
    "content": "159g",
    "walkRouteSequenceNumber": 17081,
    "price": {
      "basicPrice": 0.901,
      "recommendedQuantity": "1.0",
      "measurementUnitPrice": 5.67,
      "measurementUnit": "K",
      "isRedPrice": false,
      "pricePerUOM": 5.67,
      "activationDate": "21-03-2024",
      "recordSource": "Offline",
      "isPromoActive": "N",
      "priceChangeCode": "H"
    },
    "isAvailable": true,
    "isPriceAvailable": true,
    "inPromo": false,
    "gtin": [
      "15400141956426",
      "15400141358848",
      "05400141358841",
      "05400141213195",
      "05400141022391"
    ],
    "topCategoryName": "Brood/Ontbijt",
    "topCategoryId": "124",
    "businessDomain": "RETAIL_BE",
    "IsPrivateLabel": true,
    "IsBiffe": false,
    "WeightconversionFactor": "0",
    "IsWeightArticle": false,
    "nutriscoreLabel": "C",
    "IsBio": true,
    "CountryOfOrigin": "NEDERLAND",
    "IsExclusivelySoldInLuxembourg": false,
    "OrderUnit": "P",
    "ShortName": "BS BIO MAISWAFELS 159G",
    "IsNew": false,
    "EcoscoreLabel": "B",
    "RecentQuanityOfStockUnits": "1,15",
    "LongName": "BONI BIO maïswafel 159g",
    "AlcoholVolume": "0",
    "FicCode": "I",
    "EcoscoreValue": "63"
  },
  {
    "productId": "263467",
    "technicalArticleNumber": "3591296",
    "commercialArticleNumber": "11157",
    "name": "mayonaise met eieren TD",
    "description": "*Met scharreleieren",
    "brand": "BONI",
    "seoBrand": "Boni Selection",
    "thumbNail": "https://static.colruytgroup.com/images/200x200/std.lang.all/83/94/asset-3028394.jpg",
    "fullImage": "https://static.colruytgroup.com/images/500x500/std.lang.all/83/94/asset-3028394.jpg",
    "squareImage": "https://static.colruytgroup.com/images/500x500sq/std.lang.all/83/94/asset-3028394.jpg",
    "content": "500ml",
    "walkRouteSequenceNumber": 8081,
    "price": {
      "basicPrice": 1.48,
      "recommendedQuantity": "1.0",
      "quantityPrice": 1.11,
      "quantityPriceQuantity": "2.0",
      "measurementUnitPrice": 2.96,
      "measurementUnitQuantityPrice": 2.22,
      "measurementUnit": "L",
      "isRedPrice": false,
      "pricePerUOM": 2.96,
      "activationDate": "20-03-2024",
      "recordSource": "Offline",
      "isPromoActive": "N",
      "priceChangeCode": "E",
      "quantityPricePerUOM": 2.22,
      "quantityActivationDate": "20-03-2024",
      "quantityPriceChangeCode": "H"
    },
    "isAvailable": true,
    "isPriceAvailable": true,
    "inPromo": false,
    "gtin": [
      "05400141044317",
      "15400141895855",
      "15400141044314",
      "05400141895858",
      "15400141286554",
      "05400141286557",
      "15400141528319",
      "05400141528312"
    ],
    "topCategoryName": "Kruidenierswaren/Droge voeding",
    "topCategoryId": "233",
    "businessDomain": "RETAIL_BE",
    "IsPrivateLabel": true,
    "IsBiffe": false,
    "WeightconversionFactor": "0",
    "IsWeightArticle": false,
    "nutriscoreLabel": "E",
    "IsBio": false,
    "CountryOfOrigin": "BELGIË",
    "IsExclusivelySoldInLuxembourg": false,
    "OrderUnit": "P",
    "ShortName": "BONI TD MAYO EI 500ML",
    "InSeason": true,
    "IsNew": false,
    "EcoscoreLabel": "C",
    "RecentQuanityOfStockUnits": "12,1",
    "LongName": "BONI mayonaise met eieren TD 500ml",
    "AlcoholVolume": "0",
    "StartSeasonDate": "14/09/2022",
    "FicCode": "I",
    "EcoscoreValue": "47"
  },
  {
    "productId": "155002",
    "technicalArticleNumber": "3270019",
    "commercialArticleNumber": "22090",
    "name": "suikerklontjes",
    "brand": "TIENSE SUIKER",
    "seoBrand": "Tiense Suiker",
    "thumbNail": "https://ecgproductmw.colruytgroup.com/ecgproductmw/noPicForArticle_2.jpg",
    "fullImage": "https://ecgproductmw.colruytgroup.com/ecgproductmw/noPicForArticle_5.jpg",
    "squareImage": "https://ecgproductmw.colruytgroup.com/ecgproductmw/noPicForArticle_5.jpg",
    "content": "1kg",
    "walkRouteSequenceNumber": 9206,
    "price": {
      "basicPrice": 1.89,
      "recommendedQuantity": "1.0",
      "measurementUnitPrice": 1.89,
      "measurementUnit": "K",
      "isRedPrice": false,
      "pricePerUOM": 1.89,
      "activationDate": "31-10-2023",
      "recordSource": "Offline",
      "isPromoActive": "N",
      "priceChangeCode": "E"
    },
    "isAvailable": true,
    "isPriceAvailable": true,
    "inPromo": false,
    "gtin": [
      "05410256600087",
      "05410256160086"
    ],
    "topCategoryName": "Kruidenierswaren/Droge voeding",
    "topCategoryId": "233",
    "businessDomain": "RETAIL_BE",
    "IsPrivateLabel": false,
    "IsBiffe": false,
    "WeightconversionFactor": "0",
    "IsWeightArticle": false,
    "nutriscoreLabel": "E",
    "IsBio": false,
    "CountryOfOrigin": "BELGIË",
    "IsExclusivelySoldInLuxembourg": false,
    "OrderUnit": "P",
    "ShortName": "TIEN KLTJES SUIKER 1KG",
    "IsNew": false,
    "EcoscoreLabel": "A",
    "RecentQuanityOfStockUnits": "1,9",
    "LongName": "TIENSE SUIKER suikerklontjes 1kg",
    "AlcoholVolume": "0",
    "FicCode": "E",
    "EcoscoreValue": "100"
  },
  {
    "productId": "23634",
    "technicalArticleNumber": "1951271",
    "commercialArticleNumber": "14546",
    "name": "rijst basmati",
    "description": "*Kookbuiltjes\n*kooktijd:11 minuten",
    "brand": "BONI",
    "seoBrand": "Boni Selection",
    "thumbNail": "https://static.colruytgroup.com/images/200x200/std.lang.all/50/76/asset-1445076.jpg",
    "fullImage": "https://static.colruytgroup.com/images/500x500/std.lang.all/50/76/asset-1445076.jpg",
    "squareImage": "https://static.colruytgroup.com/images/500x500sq/std.lang.all/50/76/asset-1445076.jpg",
    "content": "4x125g",
    "walkRouteSequenceNumber": 8319,
    "price": {
      "basicPrice": 1.19,
      "recommendedQuantity": "1.0",
      "quantityPrice": 0.965,
      "quantityPriceQuantity": "2.0",
      "measurementUnitPrice": 2.38,
      "measurementUnitQuantityPrice": 1.93,
      "measurementUnit": "K",
      "isRedPrice": false,
      "pricePerUOM": 2.38,
      "activationDate": "20-03-2024",
      "recordSource": "Offline",
      "isPromoActive": "N",
      "priceChangeCode": "E",
      "quantityPricePerUOM": 1.93,
      "quantityActivationDate": "20-03-2024",
      "quantityPriceChangeCode": "L"
    },
    "isAvailable": true,
    "isPriceAvailable": true,
    "inPromo": false,
    "gtin": [
      "05400141101638",
      "05400141145472",
      "05400141240603",
      "15400141145479",
      "15400141240600",
      "15400141828341",
      "05400141380156"
    ],
    "topCategoryName": "Kruidenierswaren/Droge voeding",
    "topCategoryId": "233",
    "businessDomain": "RETAIL_BE",
    "IsPrivateLabel": true,
    "IsBiffe": false,
    "WeightconversionFactor": "0",
    "IsWeightArticle": false,
    "nutriscoreLabel": "B",
    "IsBio": false,
    "CountryOfOrigin": "PAKISTAN",
    "IsExclusivelySoldInLuxembourg": false,
    "OrderUnit": "P",
    "ShortName": "BONI BASMATI KB 4X125G",
    "IsNew": false,
    "EcoscoreLabel": "E",
    "RecentQuanityOfStockUnits": "1,16",
    "LongName": "BONI rijst basmati 4x125g",
    "AlcoholVolume": "0",
    "FicCode": "I",
    "EcoscoreValue": "8"
  },
  {
    "productId": "826",
    "technicalArticleNumber": "13028",
    "commercialArticleNumber": "13028",
    "name": "olie zonnebloem",
    "description": "*Koude en warme\nbereidingen\n*100% zonnebloemolie",
    "brand": "EVERYDAY",
    "seoBrand": "Everyday",
    "thumbNail": "https://static.colruytgroup.com/images/200x200/std.lang.all/34/20/asset-1703420.jpg",
    "fullImage": "https://static.colruytgroup.com/images/500x500/std.lang.all/34/20/asset-1703420.jpg",
    "squareImage": "https://static.colruytgroup.com/images/500x500sq/std.lang.all/34/20/asset-1703420.jpg",
    "content": "2L",
    "walkRouteSequenceNumber": 9155,
    "price": {
      "basicPrice": 3.98,
      "recommendedQuantity": "1.0",
      "measurementUnitPrice": 1.99,
      "measurementUnit": "L",
      "isRedPrice": false,
      "pricePerUOM": 1.99,
      "activationDate": "17-02-2024",
      "recordSource": "Offline",
      "isPromoActive": "N",
      "priceChangeCode": "E"
    },
    "isAvailable": true,
    "isPriceAvailable": true,
    "inPromo": false,
    "gtin": [
      "05400141117264",
      "05400141132281",
      "05400141192568",
      "15400141957591",
      "15400141437659",
      "05400141437652"
    ],
    "topCategoryName": "Kruidenierswaren/Droge voeding",
    "topCategoryId": "233",
    "businessDomain": "RETAIL_BE",
    "IsPrivateLabel": true,
    "IsBiffe": false,
    "WeightconversionFactor": "0",
    "IsWeightArticle": false,
    "nutriscoreLabel": "C",
    "IsBio": false,
    "CountryOfOrigin": "HONGARIJE",
    "IsExclusivelySoldInLuxembourg": false,
    "OrderUnit": "P",
    "ShortName": "EVD ZONNEBLOEMOL2L",
    "InSeason": true,
    "IsNew": false,
    "EcoscoreLabel": "C",
    "RecentQuanityOfStockUnits": "6,1",
    "LongName": "EVERYDAY olie zonnebloem 2L",
    "AlcoholVolume": "0",
    "StartSeasonDate": "24/04/2023",
    "FicCode": "I",
    "EcoscoreValue": "42"
  },
  {
    "productId": "83",
    "technicalArticleNumber": "14290",
    "commercialArticleNumber": "14290",
    "name": "rijst basmati",
    "description": "*Losse rijst\n*kooktijd:\n11-13 min.",
    "brand": "BONI",
    "seoBrand": "Boni Selection",
    "thumbNail": "https://static.colruytgroup.com/images/200x200/std.lang.all/66/44/asset-936644.jpg",
    "fullImage": "https://static.colruytgroup.com/images/500x500/std.lang.all/66/44/asset-936644.jpg",
    "squareImage": "https://static.colruytgroup.com/images/500x500sq/std.lang.all/66/44/asset-936644.jpg",
    "content": "2kg",
    "walkRouteSequenceNumber": 8326,
    "price": {
      "basicPrice": 3.58,
      "recommendedQuantity": "1.0",
      "measurementUnitPrice": 1.79,
      "measurementUnit": "K",
      "isRedPrice": false,
      "pricePerUOM": 1.79,
      "activationDate": "14-11-2023",
      "recordSource": "Offline",
      "isPromoActive": "N",
      "priceChangeCode": "L"
    },
    "isAvailable": true,
    "isPriceAvailable": true,
    "inPromo": false,
    "gtin": [
      "05400141070231",
      "15400141142980",
      "05400141209600"
    ],
    "topCategoryName": "Kruidenierswaren/Droge voeding",
    "topCategoryId": "233",
    "businessDomain": "RETAIL_BE",
    "IsPrivateLabel": true,
    "IsBiffe": false,
    "WeightconversionFactor": "0",
    "IsWeightArticle": false,
    "nutriscoreLabel": "B",
    "IsBio": false,
    "CountryOfOrigin": "INDIA",
    "IsExclusivelySoldInLuxembourg": false,
    "OrderUnit": "P",
    "ShortName": "BONI BASMATIRIJST 2KG",
    "IsNew": false,
    "EcoscoreLabel": "E",
    "RecentQuanityOfStockUnits": "6,1",
    "LongName": "BONI rijst basmati 2kg",
    "AlcoholVolume": "0",
    "FicCode": "I",
    "EcoscoreValue": "8"
  },
  {
    "productId": "15181",
    "technicalArticleNumber": "1619047",
    "commercialArticleNumber": "12210",
    "name": "kokosmelk blik",
    "description": "*Kokosmelk",
    "brand": "BONI",
    "seoBrand": "Boni Selection",
    "thumbNail": "https://static.colruytgroup.com/images/200x200/nl_be/72/24/asset-3447224.jpg",
    "fullImage": "https://static.colruytgroup.com/images/500x500/nl_be/72/24/asset-3447224.jpg",
    "squareImage": "https://static.colruytgroup.com/images/500x500sq/nl_be/72/24/asset-3447224.jpg",
    "content": "400ml",
    "walkRouteSequenceNumber": 8492,
    "price": {
      "basicPrice": 0.95,
      "recommendedQuantity": "1.0",
      "measurementUnitPrice": 2.38,
      "measurementUnit": "L",
      "isRedPrice": false,
      "pricePerUOM": 2.38,
      "activationDate": "13-03-2024",
      "recordSource": "Offline",
      "isPromoActive": "N",
      "priceChangeCode": "E"
    },
    "isAvailable": true,
    "isPriceAvailable": true,
    "inPromo": false,
    "gtin": [
      "05400141420524",
      "15400141420521",
      "05400141994650",
      "15400141994657",
      "15400141046301",
      "05400141044836",
      "05400141046304",
      "05400141058109",
      "05400141288469",
      "05400141011661",
      "15400141750239",
      "05400141750232",
      "05400141710595",
      "15400141710592"
    ],
    "topCategoryName": "Kruidenierswaren/Droge voeding",
    "topCategoryId": "233",
    "businessDomain": "RETAIL_BE",
    "IsPrivateLabel": true,
    "IsBiffe": false,
    "WeightconversionFactor": "0",
    "IsWeightArticle": false,
    "nutriscoreLabel": "D",
    "IsBio": false,
    "CountryOfOrigin": "VIETNAM",
    "IsExclusivelySoldInLuxembourg": false,
    "OrderUnit": "P",
    "ShortName": "BONI KOKOSMELK 400ML",
    "IsNew": false,
    "EcoscoreLabel": "B",
    "RecentQuanityOfStockUnits": "1,1,12,1,12,12",
    "LongName": "BONI kokosmelk blik 400ml",
    "AlcoholVolume": "0",
    "FicCode": "I",
    "EcoscoreValue": "71"
  },
  {
    "productId": "101749",
    "technicalArticleNumber": "3107128",
    "commercialArticleNumber": "12990",
    "name": "mayonaise citroen",
    "description": "*Met scharreleieren",
    "brand": "DEVOS LEMMENS",
    "seoBrand": "Devos Lemmens",
    "thumbNail": "https://static.colruytgroup.com/images/200x200/std.lang.all/86/92/asset-1228692.jpg",
    "fullImage": "https://static.colruytgroup.com/images/500x500/std.lang.all/86/92/asset-1228692.jpg",
    "squareImage": "https://static.colruytgroup.com/images/500x500sq/std.lang.all/86/92/asset-1228692.jpg",
    "content": "550ml",
    "walkRouteSequenceNumber": 8093,
    "price": {
      "basicPrice": 2.19,
      "recommendedQuantity": "2.0",
      "measurementUnitPrice": 3.99,
      "measurementUnit": "L",
      "isRedPrice": false,
      "pricePerUOM": 3.99,
      "activationDate": "02-01-2024",
      "recordSource": "Offline",
      "isPromoActive": "N",
      "priceChangeCode": "E"
    },
    "isAvailable": true,
    "isPriceAvailable": true,
    "inPromo": false,
    "gtin": [
      "05410056181250",
      "05410056192133",
      "05410056281257",
      "05410056781252",
      "05414972726649"
    ],
    "topCategoryName": "Kruidenierswaren/Droge voeding",
    "topCategoryId": "233",
    "businessDomain": "RETAIL_BE",
    "IsPrivateLabel": false,
    "IsBiffe": false,
    "WeightconversionFactor": "0",
    "IsWeightArticle": false,
    "nutriscoreLabel": "D",
    "IsBio": false,
    "CountryOfOrigin": "BELGIË",
    "IsExclusivelySoldInLuxembourg": false,
    "OrderUnit": "P",
    "ShortName": "DVL MAYON CITR 550ML",
    "IsNew": false,
    "EcoscoreLabel": "D",
    "RecentQuanityOfStockUnits": "12,1",
    "LongName": "DEVOS LEMMENS mayonaise citroen 550ml",
    "AlcoholVolume": "0",
    "FicCode": "E",
    "EcoscoreValue": "34"
  },
  {
    "productId": "39230",
    "technicalArticleNumber": "1789370",
    "commercialArticleNumber": "13277",
    "name": "mayonaise eieren TD",
    "description": "*Met scharreleieren\n*Vetgehalte: 22%",
    "brand": "DEVOS LEMMENS",
    "seoBrand": "Devos Lemmens",
    "thumbNail": "https://static.colruytgroup.com/images/200x200/std.lang.all/19/83/asset-2191983.jpg",
    "fullImage": "https://static.colruytgroup.com/images/500x500/std.lang.all/19/83/asset-2191983.jpg",
    "squareImage": "https://static.colruytgroup.com/images/500x500sq/std.lang.all/19/83/asset-2191983.jpg",
    "content": "450ml",
    "walkRouteSequenceNumber": 8095,
    "price": {
      "basicPrice": 2.69,
      "recommendedQuantity": "1.0",
      "measurementUnitPrice": 5.98,
      "measurementUnit": "L",
      "isRedPrice": false,
      "pricePerUOM": 5.98,
      "activationDate": "13-03-2024",
      "recordSource": "Offline",
      "isPromoActive": "N",
      "priceChangeCode": "E"
    },
    "isAvailable": true,
    "isPriceAvailable": true,
    "inPromo": true,
    "promotion": [
      {
        "techPromoId": "100877COLR",
        "promotionId": "100877",
        "promotionType": "3",
        "isPersonalized": "N",
        "publicationStartDate": "13-03-2024",
        "publicationEndDate": "26-03-2024"
      }
    ],
    "gtin": [
      "05410056195349",
      "05410056795341"
    ],
    "topCategoryName": "Kruidenierswaren/Droge voeding",
    "topCategoryId": "233",
    "businessDomain": "RETAIL_BE",
    "IsPrivateLabel": false,
    "IsBiffe": false,
    "WeightconversionFactor": "0",
    "IsWeightArticle": false,
    "nutriscoreLabel": "D",
    "IsBio": false,
    "CountryOfOrigin": "BELGIË",
    "IsExclusivelySoldInLuxembourg": false,
    "OrderUnit": "P",
    "ShortName": "DVL MAYON EI TD 450ML",
    "IsNew": false,
    "EcoscoreLabel": "D",
    "RecentQuanityOfStockUnits": "1,12",
    "LongName": "DEVOS LEMMENS mayonaise eieren TD 450ml",
    "AlcoholVolume": "0",
    "FicCode": "E",
    "EcoscoreValue": "34"
  },
  {
    "productId": "97",
    "technicalArticleNumber": "14503",
    "commercialArticleNumber": "14503",
    "name": "macaroni gesneden",
    "description": "*kooktijd: 8 minuten",
    "brand": "EVERYDAY",
    "seoBrand": "Everyday",
    "thumbNail": "https://static.colruytgroup.com/images/200x200/std.lang.all/70/51/asset-3267051.jpg",
    "fullImage": "https://static.colruytgroup.com/images/500x500/std.lang.all/70/51/asset-3267051.jpg",
    "squareImage": "https://static.colruytgroup.com/images/500x500sq/std.lang.all/70/51/asset-3267051.jpg",
    "content": "500g",
    "walkRouteSequenceNumber": 8313,
    "price": {
      "basicPrice": 0.55,
      "recommendedQuantity": "1.0",
      "measurementUnitPrice": 1.1,
      "measurementUnit": "K",
      "isRedPrice": false,
      "pricePerUOM": 1.1,
      "activationDate": "18-01-2024",
      "recordSource": "Offline",
      "isPromoActive": "N",
      "priceChangeCode": "L"
    },
    "isAvailable": true,
    "isPriceAvailable": true,
    "inPromo": false,
    "gtin": [
      "15400141778202",
      "05400141042511",
      "05400141043464",
      "05400141778205",
      "15400141973003",
      "15400141845034"
    ],
    "topCategoryName": "Kruidenierswaren/Droge voeding",
    "topCategoryId": "233",
    "businessDomain": "RETAIL_BE",
    "IsPrivateLabel": true,
    "IsBiffe": false,
    "WeightconversionFactor": "0",
    "IsWeightArticle": false,
    "nutriscoreLabel": "B",
    "IsBio": false,
    "CountryOfOrigin": "BELGIË",
    "IsExclusivelySoldInLuxembourg": false,
    "OrderUnit": "P",
    "ShortName": "EVD GESN MACARO500",
    "IsNew": false,
    "EcoscoreLabel": "A",
    "RecentQuanityOfStockUnits": "18,1",
    "LongName": "EVERYDAY macaroni gesneden 500g",
    "AlcoholVolume": "0",
    "FicCode": "I",
    "EcoscoreValue": "96"
  },
  {
    "productId": "7026",
    "technicalArticleNumber": "1154160",
    "commercialArticleNumber": "14525",
    "name": "capellini",
    "description": "*Italië\n*kooktijd:3-4\nminuten\n*Eiwit: 12,6g/100g",
    "brand": "BONI",
    "seoBrand": "Boni Selection",
    "thumbNail": "https://static.colruytgroup.com/images/200x200/std.lang.all/37/80/asset-2883780.jpg",
    "fullImage": "https://static.colruytgroup.com/images/500x500/std.lang.all/37/80/asset-2883780.jpg",
    "squareImage": "https://static.colruytgroup.com/images/500x500sq/std.lang.all/37/80/asset-2883780.jpg",
    "content": "500g",
    "walkRouteSequenceNumber": 8172,
    "price": {
      "basicPrice": 0.79,
      "recommendedQuantity": "1.0",
      "measurementUnitPrice": 1.58,
      "measurementUnit": "K",
      "isRedPrice": false,
      "pricePerUOM": 1.58,
      "activationDate": "14-11-2023",
      "recordSource": "Offline",
      "isPromoActive": "N",
      "priceChangeCode": "E"
    },
    "isAvailable": true,
    "isPriceAvailable": true,
    "inPromo": false,
    "gtin": [
      "15400141618812",
      "05400141618815",
      "00000025145250",
      "05400141102024",
      "05400141127089",
      "05400141165913",
      "05400141240108",
      "05400141445251",
      "05400141542523",
      "15400141127086",
      "15400141240105",
      "05400141702361"
    ],
    "topCategoryName": "Kruidenierswaren/Droge voeding",
    "topCategoryId": "233",
    "businessDomain": "RETAIL_BE",
    "IsPrivateLabel": true,
    "IsBiffe": false,
    "WeightconversionFactor": "0",
    "IsWeightArticle": false,
    "nutriscoreLabel": "A",
    "IsBio": false,
    "CountryOfOrigin": "ITALIË",
    "IsExclusivelySoldInLuxembourg": false,
    "OrderUnit": "P",
    "ShortName": "BONI CAPELLINI 500G",
    "IsNew": false,
    "EcoscoreLabel": "B",
    "RecentQuanityOfStockUnits": "1,25,1",
    "LongName": "BONI capellini 500g",
    "AlcoholVolume": "0",
    "FicCode": "I",
    "EcoscoreValue": "65"
  },
  {
    "productId": "16",
    "technicalArticleNumber": "14861",
    "commercialArticleNumber": "14861",
    "name": "bloem patisserie",
    "description": "*Tarwebloem\n*Geschikt voor zoete\nbereidingen\n*Geschikt voor de\nbroodmachine",
    "brand": "BONI",
    "seoBrand": "Boni Selection",
    "thumbNail": "https://static.colruytgroup.com/images/200x200/std.lang.all/90/63/asset-3159063.jpg",
    "fullImage": "https://static.colruytgroup.com/images/500x500/std.lang.all/90/63/asset-3159063.jpg",
    "squareImage": "https://static.colruytgroup.com/images/500x500sq/std.lang.all/90/63/asset-3159063.jpg",
    "content": "1kg",
    "walkRouteSequenceNumber": 9461,
    "price": {
      "basicPrice": 0.89,
      "recommendedQuantity": "1.0",
      "measurementUnitPrice": 0.89,
      "measurementUnit": "K",
      "isRedPrice": false,
      "pricePerUOM": 0.89,
      "activationDate": "19-03-2024",
      "recordSource": "Offline",
      "isPromoActive": "N",
      "priceChangeCode": "H"
    },
    "isAvailable": true,
    "isPriceAvailable": true,
    "inPromo": false,
    "gtin": [
      "05400141057089",
      "05400141058611",
      "15400141057086",
      "15400141660439",
      "05400141101898",
      "15400141604723",
      "05400141660432",
      "05400141604726",
      "05400141333039"
    ],
    "topCategoryName": "Kruidenierswaren/Droge voeding",
    "topCategoryId": "233",
    "businessDomain": "RETAIL_BE",
    "IsPrivateLabel": true,
    "IsBiffe": false,
    "WeightconversionFactor": "0",
    "IsWeightArticle": false,
    "nutriscoreLabel": "A",
    "IsBio": false,
    "CountryOfOrigin": "LUXEMBURG",
    "IsExclusivelySoldInLuxembourg": false,
    "OrderUnit": "P",
    "ShortName": "BONI PATIS BLOEM 1KG",
    "IsNew": false,
    "EcoscoreLabel": "A",
    "RecentQuanityOfStockUnits": "10,1",
    "LongName": "BONI bloem patisserie 1kg",
    "AlcoholVolume": "0",
    "FicCode": "I",
    "EcoscoreValue": "100"
  },
  {
    "productId": "107535",
    "technicalArticleNumber": "3110002",
    "commercialArticleNumber": "43206",
    "name": "ketchup tomaat TD",
    "brand": "BONI",
    "seoBrand": "Boni Selection",
    "thumbNail": "https://static.colruytgroup.com/images/200x200/std.lang.all/78/74/asset-2747874.jpg",
    "fullImage": "https://static.colruytgroup.com/images/500x500/std.lang.all/78/74/asset-2747874.jpg",
    "squareImage": "https://static.colruytgroup.com/images/500x500sq/std.lang.all/78/74/asset-2747874.jpg",
    "content": "560g",
    "walkRouteSequenceNumber": 8191,
    "price": {
      "basicPrice": 1.09,
      "recommendedQuantity": "1.0",
      "measurementUnitPrice": 1.95,
      "measurementUnit": "K",
      "isRedPrice": false,
      "pricePerUOM": 1.95,
      "activationDate": "16-01-2024",
      "recordSource": "Offline",
      "isPromoActive": "N",
      "priceChangeCode": "H"
    },
    "isAvailable": true,
    "isPriceAvailable": true,
    "inPromo": false,
    "gtin": [
      "05400141458480",
      "05400141903133",
      "15400141903130",
      "15400141342526",
      "05400141342529",
      "05400141116847",
      "05400141116649",
      "15400141458487"
    ],
    "topCategoryName": "Kruidenierswaren/Droge voeding",
    "topCategoryId": "233",
    "businessDomain": "RETAIL_BE",
    "IsPrivateLabel": true,
    "IsBiffe": false,
    "WeightconversionFactor": "0",
    "IsWeightArticle": false,
    "nutriscoreLabel": "D",
    "IsBio": false,
    "CountryOfOrigin": "TURKIJE",
    "IsExclusivelySoldInLuxembourg": false,
    "OrderUnit": "P",
    "ShortName": "BONI TOMKETCHUP TD560",
    "IsNew": false,
    "EcoscoreLabel": "A",
    "RecentQuanityOfStockUnits": "1,12",
    "LongName": "BONI ketchup tomaat TD 560g",
    "AlcoholVolume": "0",
    "FicCode": "I",
    "EcoscoreValue": "84"
  },
  {
    "productId": "50460",
    "technicalArticleNumber": "2181010",
    "commercialArticleNumber": "14991",
    "name": "Griekse pasta",
    "description": "*Grieks\n*kooktijd:\n13 minuten\n*Eiwit: 12g/100g",
    "brand": "BONI",
    "seoBrand": "Boni Selection",
    "thumbNail": "https://static.colruytgroup.com/images/200x200/std.lang.all/48/69/asset-2494869.jpg",
    "fullImage": "https://static.colruytgroup.com/images/500x500/std.lang.all/48/69/asset-2494869.jpg",
    "squareImage": "https://static.colruytgroup.com/images/500x500sq/std.lang.all/48/69/asset-2494869.jpg",
    "content": "500g",
    "walkRouteSequenceNumber": 8099,
    "price": {
      "basicPrice": 1.35,
      "recommendedQuantity": "2.0",
      "measurementUnitPrice": 2.7,
      "measurementUnit": "K",
      "isRedPrice": false,
      "pricePerUOM": 2.7,
      "activationDate": "02-02-2024",
      "recordSource": "Offline",
      "isPromoActive": "N",
      "priceChangeCode": "E"
    },
    "isAvailable": true,
    "isPriceAvailable": true,
    "inPromo": false,
    "gtin": [
      "15400141926894",
      "05400141926897",
      "15400141829843",
      "15400141301578",
      "05400141086072",
      "05400141301571",
      "05400141358384",
      "05400141054835"
    ],
    "topCategoryName": "Kruidenierswaren/Droge voeding",
    "topCategoryId": "233",
    "businessDomain": "RETAIL_BE",
    "IsPrivateLabel": true,
    "IsBiffe": false,
    "WeightconversionFactor": "0",
    "IsWeightArticle": false,
    "nutriscoreLabel": "B",
    "IsBio": false,
    "CountryOfOrigin": "GRIEKENLAND",
    "IsExclusivelySoldInLuxembourg": false,
    "OrderUnit": "P",
    "ShortName": "BONI GRIEKSE PASTA 500G",
    "IsNew": false,
    "EcoscoreLabel": "A",
    "RecentQuanityOfStockUnits": "2,18,1",
    "LongName": "BONI Griekse pasta 500g",
    "AlcoholVolume": "0",
    "FicCode": "I",
    "EcoscoreValue": "84"
  },
  {
    "productId": "172",
    "technicalArticleNumber": "15517",
    "commercialArticleNumber": "15517",
    "name": "paneermeel",
    "brand": "EVERYDAY",
    "seoBrand": "Everyday",
    "thumbNail": "https://static.colruytgroup.com/images/200x200/std.lang.all/48/89/asset-724889.jpg",
    "fullImage": "https://static.colruytgroup.com/images/500x500/std.lang.all/48/89/asset-724889.jpg",
    "squareImage": "https://static.colruytgroup.com/images/500x500sq/std.lang.all/48/89/asset-724889.jpg",
    "content": "400g",
    "walkRouteSequenceNumber": 9711,
    "price": {
      "basicPrice": 0.59,
      "recommendedQuantity": "1.0",
      "measurementUnitPrice": 1.48,
      "measurementUnit": "K",
      "isRedPrice": false,
      "pricePerUOM": 1.48,
      "activationDate": "14-11-2023",
      "recordSource": "Offline",
      "isPromoActive": "N",
      "priceChangeCode": "E"
    },
    "isAvailable": true,
    "isPriceAvailable": true,
    "inPromo": false,
    "gtin": [
      "05400141184044",
      "05400141255171",
      "05400141855173"
    ],
    "topCategoryName": "Kruidenierswaren/Droge voeding",
    "topCategoryId": "233",
    "businessDomain": "RETAIL_BE",
    "IsPrivateLabel": true,
    "IsBiffe": false,
    "WeightconversionFactor": "0",
    "IsWeightArticle": false,
    "nutriscoreLabel": "C",
    "IsBio": false,
    "CountryOfOrigin": "BELGIË",
    "IsExclusivelySoldInLuxembourg": false,
    "OrderUnit": "P",
    "ShortName": "EVD PANEERMEEL400G",
    "IsNew": false,
    "RecentQuanityOfStockUnits": "1,20",
    "LongName": "EVERYDAY paneermeel 400g",
    "AlcoholVolume": "0",
    "FicCode": "I"
  },
  {
    "productId": "13972",
    "technicalArticleNumber": "1586278",
    "commercialArticleNumber": "7995",
    "name": "bloemsuiker",
    "brand": "TIENSE SUIKER",
    "seoBrand": "Tiense Suiker",
    "thumbNail": "https://static.colruytgroup.com/images/200x200/std.lang.all/60/52/asset-3326052.jpg",
    "fullImage": "https://static.colruytgroup.com/images/500x500/std.lang.all/60/52/asset-3326052.jpg",
    "squareImage": "https://static.colruytgroup.com/images/500x500sq/std.lang.all/60/52/asset-3326052.jpg",
    "content": "250g",
    "walkRouteSequenceNumber": 9300,
    "price": {
      "basicPrice": 0.79,
      "recommendedQuantity": "1.0",
      "measurementUnitPrice": 3.16,
      "measurementUnit": "K",
      "isRedPrice": false,
      "pricePerUOM": 3.16,
      "activationDate": "02-02-2024",
      "recordSource": "Offline",
      "isPromoActive": "N",
      "priceChangeCode": "E"
    },
    "isAvailable": true,
    "isPriceAvailable": true,
    "inPromo": false,
    "gtin": [
      "05410256103342",
      "05410256003246",
      "05410256003208",
      "05410256003345"
    ],
    "topCategoryName": "Kruidenierswaren/Droge voeding",
    "topCategoryId": "233",
    "businessDomain": "RETAIL_BE",
    "IsPrivateLabel": false,
    "IsBiffe": false,
    "WeightconversionFactor": "0",
    "IsWeightArticle": false,
    "nutriscoreLabel": "E",
    "IsBio": false,
    "CountryOfOrigin": "DUITSLAND",
    "IsExclusivelySoldInLuxembourg": false,
    "OrderUnit": "P",
    "ShortName": "TIEN.BLOEMSUIK SO 250GR",
    "IsNew": false,
    "EcoscoreLabel": "B",
    "RecentQuanityOfStockUnits": "16,1",
    "LongName": "TIENSE SUIKER bloemsuiker 250g",
    "AlcoholVolume": "0",
    "FicCode": "E",
    "EcoscoreValue": "76"
  },
  {
    "productId": "137570",
    "technicalArticleNumber": "3147818",
    "commercialArticleNumber": "16547",
    "name": "groene pesto",
    "brand": "BONI",
    "seoBrand": "Boni Selection",
    "thumbNail": "https://static.colruytgroup.com/images/200x200/std.lang.all/10/67/asset-2181067.jpg",
    "fullImage": "https://static.colruytgroup.com/images/500x500/std.lang.all/10/67/asset-2181067.jpg",
    "squareImage": "https://static.colruytgroup.com/images/500x500sq/std.lang.all/10/67/asset-2181067.jpg",
    "content": "190g",
    "walkRouteSequenceNumber": 8386,
    "price": {
      "basicPrice": 1.09,
      "recommendedQuantity": "1.0",
      "measurementUnitPrice": 5.74,
      "measurementUnit": "K",
      "isRedPrice": false,
      "pricePerUOM": 5.74,
      "activationDate": "01-12-2023",
      "recordSource": "Offline",
      "isPromoActive": "N",
      "priceChangeCode": "L"
    },
    "isAvailable": true,
    "isPriceAvailable": true,
    "inPromo": false,
    "gtin": [
      "15400141356967",
      "15400141124504",
      "05400141564822",
      "05400141356960",
      "05400141158281",
      "05400141124507",
      "15400141564829"
    ],
    "topCategoryName": "Kruidenierswaren/Droge voeding",
    "topCategoryId": "233",
    "businessDomain": "RETAIL_BE",
    "IsPrivateLabel": true,
    "IsBiffe": false,
    "WeightconversionFactor": "0",
    "IsWeightArticle": false,
    "nutriscoreLabel": "E",
    "IsBio": false,
    "CountryOfOrigin": "BELGIË",
    "IsExclusivelySoldInLuxembourg": false,
    "OrderUnit": "P",
    "ShortName": "BONI GROENE PESTO 190G",
    "IsNew": false,
    "EcoscoreLabel": "C",
    "RecentQuanityOfStockUnits": "1,12",
    "LongName": "BONI groene pesto 190g",
    "AlcoholVolume": "0",
    "FicCode": "I",
    "EcoscoreValue": "51"
  },
  {
    "productId": "798",
    "technicalArticleNumber": "13459",
    "commercialArticleNumber": "13459",
    "name": "augurken zoetzuur",
    "description": "Zoetzure augurken. Lekker bij het\naperitief, bij een koude schotel, met\naméricain préparé enz.",
    "brand": "EVERYDAY",
    "seoBrand": "Everyday",
    "thumbNail": "https://static.colruytgroup.com/images/200x200/std.lang.all/21/50/asset-2172150.jpg",
    "fullImage": "https://static.colruytgroup.com/images/500x500/std.lang.all/21/50/asset-2172150.jpg",
    "squareImage": "https://static.colruytgroup.com/images/500x500sq/std.lang.all/21/50/asset-2172150.jpg",
    "content": "670g",
    "walkRouteSequenceNumber": 16326,
    "price": {
      "basicPrice": 0.99,
      "recommendedQuantity": "1.0",
      "measurementUnitPrice": 2.75,
      "measurementUnit": "K",
      "isRedPrice": false,
      "pricePerUOM": 2.75,
      "activationDate": "14-11-2023",
      "recordSource": "Offline",
      "isPromoActive": "N",
      "priceChangeCode": "E"
    },
    "isAvailable": true,
    "isPriceAvailable": true,
    "inPromo": false,
    "gtin": [
      "05400141950793",
      "15400141950790",
      "05400141029062",
      "05400141168563",
      "05400141213911",
      "05400141357516",
      "15400141029069",
      "15400141357513"
    ],
    "topCategoryName": "Kruidenierswaren/Droge voeding",
    "topCategoryId": "233",
    "businessDomain": "RETAIL_BE",
    "IsPrivateLabel": true,
    "IsBiffe": false,
    "WeightconversionFactor": "0",
    "IsWeightArticle": false,
    "nutriscoreLabel": "A",
    "IsBio": false,
    "CountryOfOrigin": "TURKIJE",
    "IsExclusivelySoldInLuxembourg": false,
    "OrderUnit": "P",
    "ShortName": "EVD AUGURK ZOETZ 670GR",
    "InSeason": true,
    "IsNew": false,
    "EcoscoreLabel": "A",
    "RecentQuanityOfStockUnits": "12,1",
    "LongName": "EVERYDAY augurken zoetzuur 670g",
    "AlcoholVolume": "0",
    "StartSeasonDate": "05/08/2021",
    "FicCode": "I",
    "EcoscoreValue": "100"
  },
  {
    "productId": "24199",
    "technicalArticleNumber": "1957076",
    "commercialArticleNumber": "3336",
    "name": "spaghetti n.5",
    "description": "*Italië\n*kooktijd: 5minuten\n*Eiwit: 12,5 g/100 g",
    "brand": "BARILLA",
    "seoBrand": "Barilla",
    "thumbNail": "https://static.colruytgroup.com/images/200x200/std.lang.all/97/52/asset-3139752.jpg",
    "fullImage": "https://static.colruytgroup.com/images/500x500/std.lang.all/97/52/asset-3139752.jpg",
    "squareImage": "https://static.colruytgroup.com/images/500x500sq/std.lang.all/97/52/asset-3139752.jpg",
    "content": "500g",
    "walkRouteSequenceNumber": 8222,
    "price": {
      "basicPrice": 1.79,
      "recommendedQuantity": "1.0",
      "measurementUnitPrice": 3.58,
      "measurementUnit": "K",
      "isRedPrice": false,
      "pricePerUOM": 3.58,
      "activationDate": "14-03-2024",
      "recordSource": "Offline",
      "isPromoActive": "N",
      "priceChangeCode": "E"
    },
    "isAvailable": true,
    "isPriceAvailable": true,
    "inPromo": false,
    "gtin": [
      "08076809073615",
      "08076800195057",
      "08076809007092"
    ],
    "topCategoryName": "Kruidenierswaren/Droge voeding",
    "topCategoryId": "233",
    "businessDomain": "RETAIL_BE",
    "IsPrivateLabel": false,
    "IsBiffe": false,
    "WeightconversionFactor": "0",
    "IsWeightArticle": false,
    "nutriscoreLabel": "A",
    "IsBio": false,
    "CountryOfOrigin": "ITALIË",
    "IsExclusivelySoldInLuxembourg": false,
    "OrderUnit": "P",
    "ShortName": "BARILLA SPAGH NR5 500G",
    "IsNew": false,
    "EcoscoreLabel": "B",
    "RecentQuanityOfStockUnits": "24,1",
    "LongName": "BARILLA spaghetti n.5 500g",
    "AlcoholVolume": "0",
    "FicCode": "E",
    "EcoscoreValue": "60"
  },
  {
    "productId": "37432",
    "technicalArticleNumber": "1786346",
    "commercialArticleNumber": "6933",
    "name": "fijn keukenzout met jodium",
    "description": "*Gejodeerd zout",
    "brand": "MARSEL",
    "seoBrand": "Marsel",
    "thumbNail": "https://static.colruytgroup.com/images/200x200/std.lang.all/46/65/asset-1244665.jpg",
    "fullImage": "https://static.colruytgroup.com/images/500x500/std.lang.all/46/65/asset-1244665.jpg",
    "squareImage": "https://static.colruytgroup.com/images/500x500sq/std.lang.all/46/65/asset-1244665.jpg",
    "content": "750g",
    "walkRouteSequenceNumber": 6406,
    "price": {
      "basicPrice": 1.99,
      "recommendedQuantity": "1.0",
      "measurementUnitPrice": 2.66,
      "measurementUnit": "K",
      "isRedPrice": false,
      "pricePerUOM": 2.66,
      "activationDate": "14-11-2023",
      "isPromoActive": "N",
      "priceChangeCode": "E"
    },
    "isAvailable": true,
    "isPriceAvailable": true,
    "inPromo": false,
    "gtin": [
      "05425000966647",
      "05425000966555"
    ],
    "topCategoryName": "Kruidenierswaren/Droge voeding",
    "topCategoryId": "233",
    "businessDomain": "RETAIL_BE",
    "IsPrivateLabel": false,
    "IsBiffe": false,
    "WeightconversionFactor": "0",
    "IsWeightArticle": false,
    "nutriscoreLabel": "E",
    "IsBio": false,
    "CountryOfOrigin": "BELGIË",
    "IsExclusivelySoldInLuxembourg": false,
    "OrderUnit": "P",
    "ShortName": "MARSEL FIJN ZEEZ JOD750",
    "IsNew": false,
    "EcoscoreLabel": "B",
    "RecentQuanityOfStockUnits": "15,1",
    "LongName": "MARSEL fijn keukenzout met jodium 750g",
    "AlcoholVolume": "0",
    "FicCode": "E",
    "EcoscoreValue": "78"
  },
  {
    "productId": "286543",
    "technicalArticleNumber": "3698315",
    "commercialArticleNumber": "19062",
    "name": "zelfrijzend bakmeel",
    "description": "*Tarwebloem met\nrijsmiddelen\n*Voor zoete en\nhartige bereiding\n*Voor broodmachine",
    "brand": "EVERYDAY",
    "seoBrand": "Everyday",
    "thumbNail": "https://static.colruytgroup.com/images/200x200/std.lang.all/56/78/asset-2475678.jpg",
    "fullImage": "https://static.colruytgroup.com/images/500x500/std.lang.all/56/78/asset-2475678.jpg",
    "squareImage": "https://static.colruytgroup.com/images/500x500sq/std.lang.all/56/78/asset-2475678.jpg",
    "content": "1kg",
    "walkRouteSequenceNumber": 9313,
    "price": {
      "basicPrice": 0.59,
      "recommendedQuantity": "1.0",
      "measurementUnitPrice": 0.59,
      "measurementUnit": "K",
      "isRedPrice": false,
      "pricePerUOM": 0.59,
      "activationDate": "12-08-2023",
      "recordSource": "Offline",
      "isPromoActive": "N",
      "priceChangeCode": "E"
    },
    "isAvailable": true,
    "isPriceAvailable": true,
    "inPromo": false,
    "gtin": [
      "05400141994186",
      "15400141994183",
      "05400141056587",
      "15400141056584"
    ],
    "topCategoryName": "Kruidenierswaren/Droge voeding",
    "topCategoryId": "233",
    "businessDomain": "RETAIL_BE",
    "IsPrivateLabel": true,
    "IsBiffe": false,
    "WeightconversionFactor": "0",
    "IsWeightArticle": false,
    "nutriscoreLabel": "A",
    "IsBio": false,
    "CountryOfOrigin": "DUITSLAND",
    "IsExclusivelySoldInLuxembourg": false,
    "OrderUnit": "P",
    "ShortName": "EVD ZELFRIJ.BAKMEEL 1KG",
    "IsNew": false,
    "EcoscoreLabel": "A",
    "RecentQuanityOfStockUnits": "10,1",
    "LongName": "EVERYDAY zelfrijzend bakmeel 1kg",
    "AlcoholVolume": "0",
    "FicCode": "I",
    "EcoscoreValue": "100"
  },
  {
    "productId": "12951",
    "technicalArticleNumber": "1239786",
    "commercialArticleNumber": "14351",
    "name": "langkorrelrijst",
    "description": "*Kookbuiltjes\n*kooktijd:15-18\nminuten",
    "brand": "EVERYDAY",
    "seoBrand": "Everyday",
    "thumbNail": "https://static.colruytgroup.com/images/200x200/std.lang.all/55/17/asset-1215517.jpg",
    "fullImage": "https://static.colruytgroup.com/images/500x500/std.lang.all/55/17/asset-1215517.jpg",
    "squareImage": "https://static.colruytgroup.com/images/500x500sq/std.lang.all/55/17/asset-1215517.jpg",
    "content": "4x125g",
    "walkRouteSequenceNumber": 8327,
    "price": {
      "basicPrice": 0.85,
      "recommendedQuantity": "1.0",
      "measurementUnitPrice": 1.7,
      "measurementUnit": "K",
      "isRedPrice": false,
      "pricePerUOM": 1.7,
      "activationDate": "14-11-2023",
      "recordSource": "Offline",
      "isPromoActive": "N",
      "priceChangeCode": "E"
    },
    "isAvailable": true,
    "isPriceAvailable": true,
    "inPromo": false,
    "gtin": [
      "05400141057560",
      "15400141057567",
      "05400141143515",
      "05400141101621"
    ],
    "topCategoryName": "Kruidenierswaren/Droge voeding",
    "topCategoryId": "233",
    "businessDomain": "RETAIL_BE",
    "IsPrivateLabel": true,
    "IsBiffe": false,
    "WeightconversionFactor": "0",
    "IsWeightArticle": false,
    "nutriscoreLabel": "B",
    "IsBio": false,
    "CountryOfOrigin": "URUGUAY",
    "IsExclusivelySoldInLuxembourg": false,
    "OrderUnit": "P",
    "ShortName": "EVD LGRA.RIJ.PARB4X125G",
    "IsNew": false,
    "EcoscoreLabel": "D",
    "RecentQuanityOfStockUnits": "16,1",
    "LongName": "EVERYDAY langkorrelrijst 4x125g",
    "AlcoholVolume": "0",
    "FicCode": "I",
    "EcoscoreValue": "23"
  },
  {
    "productId": "168",
    "technicalArticleNumber": "15414",
    "commercialArticleNumber": "15414",
    "name": "rijstwafel volle rijst",
    "description": "*Rijstwafel, rond,\nvolle rijst,\nmet zeezout",
    "brand": "EVERYDAY",
    "seoBrand": "Everyday",
    "thumbNail": "https://static.colruytgroup.com/images/200x200/std.lang.all/57/74/asset-835774.jpg",
    "fullImage": "https://static.colruytgroup.com/images/500x500/std.lang.all/57/74/asset-835774.jpg",
    "squareImage": "https://static.colruytgroup.com/images/500x500sq/std.lang.all/57/74/asset-835774.jpg",
    "content": "100g",
    "walkRouteSequenceNumber": 17114,
    "price": {
      "basicPrice": 0.376,
      "recommendedQuantity": "3.0",
      "measurementUnitPrice": 3.77,
      "measurementUnit": "K",
      "isRedPrice": false,
      "pricePerUOM": 3.77,
      "activationDate": "14-11-2023",
      "recordSource": "Offline",
      "isPromoActive": "N",
      "priceChangeCode": "E"
    },
    "isAvailable": true,
    "isPriceAvailable": true,
    "inPromo": false,
    "gtin": [
      "05400141022377",
      "05400141154146",
      "05400141168457",
      "05400141254143",
      "05400141359183",
      "05400141359190",
      "05400141754148",
      "15400141828600"
    ],
    "topCategoryName": "Brood/Ontbijt",
    "topCategoryId": "124",
    "businessDomain": "RETAIL_BE",
    "IsPrivateLabel": true,
    "IsBiffe": false,
    "WeightconversionFactor": "0",
    "IsWeightArticle": false,
    "nutriscoreLabel": "B",
    "IsBio": false,
    "CountryOfOrigin": "NEDERLAND",
    "IsExclusivelySoldInLuxembourg": false,
    "OrderUnit": "P",
    "ShortName": "EVD RIJSTWAFELS 100GR",
    "InSeason": true,
    "IsNew": false,
    "EcoscoreLabel": "C",
    "RecentQuanityOfStockUnits": "24,3,1",
    "LongName": "EVERYDAY rijstwafel volle rijst 100g",
    "AlcoholVolume": "0",
    "StartSeasonDate": "24/02/2011",
    "FicCode": "I",
    "EcoscoreValue": "48"
  },
  {
    "productId": "134025",
    "technicalArticleNumber": "3164591",
    "commercialArticleNumber": "40795",
    "name": "noodles wok",
    "description": "*Woknoedels,\nvoorgekookt",
    "brand": "BONI",
    "seoBrand": "Boni Selection",
    "thumbNail": "https://static.colruytgroup.com/images/200x200/std.lang.all/69/25/asset-1926925.jpg",
    "fullImage": "https://static.colruytgroup.com/images/500x500/std.lang.all/69/25/asset-1926925.jpg",
    "squareImage": "https://static.colruytgroup.com/images/500x500sq/std.lang.all/69/25/asset-1926925.jpg",
    "content": "2x150g",
    "walkRouteSequenceNumber": 8501,
    "price": {
      "basicPrice": 1.69,
      "recommendedQuantity": "1.0",
      "measurementUnitPrice": 5.64,
      "measurementUnit": "K",
      "isRedPrice": false,
      "pricePerUOM": 5.64,
      "activationDate": "29-02-2024",
      "isPromoActive": "N",
      "priceChangeCode": "E"
    },
    "isAvailable": true,
    "isPriceAvailable": true,
    "inPromo": false,
    "gtin": [
      "05400141288544",
      "15400141288541",
      "05400141168655",
      "05400141046311"
    ],
    "topCategoryName": "Kruidenierswaren/Droge voeding",
    "topCategoryId": "233",
    "businessDomain": "RETAIL_BE",
    "IsPrivateLabel": true,
    "IsBiffe": false,
    "WeightconversionFactor": "0",
    "IsWeightArticle": false,
    "nutriscoreLabel": "A",
    "IsBio": false,
    "CountryOfOrigin": "BELGIË",
    "IsExclusivelySoldInLuxembourg": false,
    "OrderUnit": "P",
    "ShortName": "BONI WOKNOEDELS2X150G",
    "IsNew": false,
    "EcoscoreLabel": "B",
    "RecentQuanityOfStockUnits": "1,12",
    "LongName": "BONI noodles wok 2x150g",
    "AlcoholVolume": "0",
    "FicCode": "I",
    "EcoscoreValue": "67"
  },
  {
    "productId": "764284",
    "technicalArticleNumber": "4545018",
    "commercialArticleNumber": "7309",
    "name": "japanse sojasaus",
    "brand": "BONI",
    "seoBrand": "Boni Selection",
    "thumbNail": "https://static.colruytgroup.com/images/200x200/std.lang.all/12/89/asset-2821289.jpg",
    "fullImage": "https://static.colruytgroup.com/images/500x500/std.lang.all/12/89/asset-2821289.jpg",
    "squareImage": "https://static.colruytgroup.com/images/500x500sq/std.lang.all/12/89/asset-2821289.jpg",
    "content": "145ml",
    "walkRouteSequenceNumber": 8674,
    "price": {
      "basicPrice": 0.864,
      "recommendedQuantity": "1.0",
      "measurementUnitPrice": 5.96,
      "measurementUnit": "L",
      "isRedPrice": false,
      "pricePerUOM": 5.96,
      "activationDate": "17-02-2024",
      "recordSource": "Offline",
      "isPromoActive": "N",
      "priceChangeCode": "E"
    },
    "isAvailable": true,
    "isPriceAvailable": true,
    "inPromo": false,
    "gtin": [
      "15400141792895",
      "05400141792898"
    ],
    "topCategoryName": "Kruidenierswaren/Droge voeding",
    "topCategoryId": "233",
    "businessDomain": "RETAIL_BE",
    "IsPrivateLabel": true,
    "IsBiffe": false,
    "WeightconversionFactor": "0",
    "IsWeightArticle": false,
    "nutriscoreLabel": "E",
    "IsBio": false,
    "CountryOfOrigin": "JAPAN",
    "IsExclusivelySoldInLuxembourg": false,
    "OrderUnit": "P",
    "ShortName": "BONI JAP.SOJASAUS 145ML",
    "IsNew": false,
    "EcoscoreLabel": "B",
    "RecentQuanityOfStockUnits": "1,6",
    "LongName": "BONI japanse sojasaus 145ml",
    "FicCode": "I",
    "EcoscoreValue": "77"
  },
  {
    "productId": "19296",
    "technicalArticleNumber": "1724240",
    "commercialArticleNumber": "14506",
    "name": "capellini",
    "description": "*kooktijd: 4 minuten",
    "brand": "EVERYDAY",
    "seoBrand": "Everyday",
    "thumbNail": "https://static.colruytgroup.com/images/200x200/std.lang.all/34/26/asset-3223426.jpg",
    "fullImage": "https://static.colruytgroup.com/images/500x500/std.lang.all/34/26/asset-3223426.jpg",
    "squareImage": "https://static.colruytgroup.com/images/500x500sq/std.lang.all/34/26/asset-3223426.jpg",
    "content": "500g",
    "walkRouteSequenceNumber": 8348,
    "price": {
      "basicPrice": 0.75,
      "recommendedQuantity": "1.0",
      "measurementUnitPrice": 1.5,
      "measurementUnit": "K",
      "isRedPrice": false,
      "pricePerUOM": 1.5,
      "activationDate": "12-01-2024",
      "recordSource": "Offline",
      "isPromoActive": "N",
      "priceChangeCode": "E"
    },
    "isAvailable": true,
    "isPriceAvailable": true,
    "inPromo": false,
    "gtin": [
      "05400141778212",
      "15400141778219",
      "05400141288476",
      "05400141043488",
      "05400141042504",
      "15400141973010"
    ],
    "topCategoryName": "Kruidenierswaren/Droge voeding",
    "topCategoryId": "233",
    "businessDomain": "RETAIL_BE",
    "IsPrivateLabel": true,
    "IsBiffe": false,
    "WeightconversionFactor": "0",
    "IsWeightArticle": false,
    "nutriscoreLabel": "B",
    "IsBio": false,
    "CountryOfOrigin": "BELGIË",
    "IsExclusivelySoldInLuxembourg": false,
    "OrderUnit": "P",
    "ShortName": "EVD CAPELLINI 500G",
    "IsNew": false,
    "EcoscoreLabel": "A",
    "RecentQuanityOfStockUnits": "1,24",
    "LongName": "EVERYDAY capellini 500g",
    "AlcoholVolume": "0",
    "FicCode": "I",
    "EcoscoreValue": "96"
  },
  {
    "productId": "548853",
    "technicalArticleNumber": "4178212",
    "commercialArticleNumber": "11909",
    "name": "kokosmelk",
    "brand": "BONI BIO",
    "seoBrand": "Boni Selection Bio",
    "thumbNail": "https://static.colruytgroup.com/images/200x200/std.lang.all/13/73/asset-2821373.jpg",
    "fullImage": "https://static.colruytgroup.com/images/500x500/std.lang.all/13/73/asset-2821373.jpg",
    "squareImage": "https://static.colruytgroup.com/images/500x500sq/std.lang.all/13/73/asset-2821373.jpg",
    "content": "200ml",
    "walkRouteSequenceNumber": 8500,
    "price": {
      "basicPrice": 1.69,
      "recommendedQuantity": "1.0",
      "measurementUnitPrice": 8.45,
      "measurementUnit": "L",
      "isRedPrice": false,
      "pricePerUOM": 8.45,
      "activationDate": "27-02-2024",
      "recordSource": "Offline",
      "isPromoActive": "N",
      "priceChangeCode": "E"
    },
    "isAvailable": true,
    "isPriceAvailable": true,
    "inPromo": false,
    "gtin": [
      "05400141328592",
      "15400141328599"
    ],
    "topCategoryName": "Kruidenierswaren/Droge voeding",
    "topCategoryId": "233",
    "businessDomain": "RETAIL_BE",
    "IsPrivateLabel": true,
    "IsBiffe": false,
    "WeightconversionFactor": "0",
    "IsWeightArticle": false,
    "nutriscoreLabel": "D",
    "IsBio": true,
    "CountryOfOrigin": "SRI LANKA",
    "IsExclusivelySoldInLuxembourg": false,
    "OrderUnit": "P",
    "ShortName": "BONI BIO KOKOSMELK 200",
    "IsNew": false,
    "EcoscoreLabel": "A",
    "RecentQuanityOfStockUnits": "1,24",
    "LongName": "BONI BIO kokosmelk 200ml",
    "FicCode": "I",
    "EcoscoreValue": "84"
  },
  {
    "productId": "7025",
    "technicalArticleNumber": "1154158",
    "commercialArticleNumber": "14524",
    "name": "macaroni",
    "description": "*Italië\n*kooktijd: 13-15\nminuten\n*Eiwit: 12,6g/100g",
    "brand": "BONI",
    "seoBrand": "Boni Selection",
    "thumbNail": "https://static.colruytgroup.com/images/200x200/std.lang.all/25/12/asset-2932512.jpg",
    "fullImage": "https://static.colruytgroup.com/images/500x500/std.lang.all/25/12/asset-2932512.jpg",
    "squareImage": "https://static.colruytgroup.com/images/500x500sq/std.lang.all/25/12/asset-2932512.jpg",
    "content": "500g",
    "walkRouteSequenceNumber": 8100,
    "price": {
      "basicPrice": 0.95,
      "recommendedQuantity": "1.0",
      "quantityPrice": 0.817,
      "quantityPriceQuantity": "4.0",
      "measurementUnitPrice": 1.9,
      "measurementUnitQuantityPrice": 1.64,
      "measurementUnit": "K",
      "isRedPrice": false,
      "pricePerUOM": 1.9,
      "activationDate": "20-03-2024",
      "recordSource": "Offline",
      "isPromoActive": "N",
      "priceChangeCode": "E",
      "quantityPricePerUOM": 1.64,
      "quantityActivationDate": "20-03-2024",
      "quantityPriceChangeCode": "E"
    },
    "isAvailable": true,
    "isPriceAvailable": true,
    "inPromo": false,
    "gtin": [
      "15400141240051",
      "00000025145243",
      "05400141102147",
      "05400141127065",
      "05400141184105",
      "05400141240054",
      "05400141445244",
      "15400141127062",
      "15400141618782",
      "05400141618785"
    ],
    "topCategoryName": "Kruidenierswaren/Droge voeding",
    "topCategoryId": "233",
    "businessDomain": "RETAIL_BE",
    "IsPrivateLabel": true,
    "IsBiffe": false,
    "WeightconversionFactor": "0",
    "IsWeightArticle": false,
    "nutriscoreLabel": "A",
    "IsBio": false,
    "CountryOfOrigin": "ITALIË",
    "IsExclusivelySoldInLuxembourg": false,
    "OrderUnit": "P",
    "ShortName": "BONI GESN MACARONI 500G",
    "IsNew": false,
    "EcoscoreLabel": "B",
    "RecentQuanityOfStockUnits": "1,12",
    "LongName": "BONI macaroni 500g",
    "AlcoholVolume": "0",
    "FicCode": "I",
    "EcoscoreValue": "60"
  },
  {
    "productId": "24906",
    "technicalArticleNumber": "1988732",
    "commercialArticleNumber": "13211",
    "name": "bouillon groenten",
    "description": "*Groentebouillon in\nblokjes",
    "brand": "EVERYDAY",
    "seoBrand": "Everyday",
    "thumbNail": "https://static.colruytgroup.com/images/200x200/std.lang.all/84/89/asset-3028489.jpg",
    "fullImage": "https://static.colruytgroup.com/images/500x500/std.lang.all/84/89/asset-3028489.jpg",
    "squareImage": "https://static.colruytgroup.com/images/500x500sq/std.lang.all/84/89/asset-3028489.jpg",
    "content": "12x10g",
    "walkRouteSequenceNumber": 6547,
    "price": {
      "basicPrice": 0.39,
      "recommendedQuantity": "1.0",
      "measurementUnitPrice": 3.25,
      "measurementUnit": "K",
      "isRedPrice": false,
      "pricePerUOM": 3.25,
      "activationDate": "14-11-2023",
      "recordSource": "Offline",
      "isPromoActive": "N",
      "priceChangeCode": "E"
    },
    "isAvailable": true,
    "isPriceAvailable": true,
    "inPromo": false,
    "gtin": [
      "05400141400694",
      "15400141400691",
      "15400141844150",
      "05400141844153",
      "05400141377224",
      "15400141834700",
      "05400141075366"
    ],
    "topCategoryName": "Kruidenierswaren/Droge voeding",
    "topCategoryId": "233",
    "businessDomain": "RETAIL_BE",
    "IsPrivateLabel": true,
    "IsBiffe": false,
    "WeightconversionFactor": "0",
    "IsWeightArticle": false,
    "nutriscoreLabel": "C",
    "IsBio": false,
    "CountryOfOrigin": "SPANJE",
    "IsExclusivelySoldInLuxembourg": false,
    "OrderUnit": "P",
    "ShortName": "EVD GROENTEBOUILLON12TA",
    "IsNew": false,
    "EcoscoreLabel": "B",
    "RecentQuanityOfStockUnits": "1,42",
    "LongName": "EVERYDAY bouillon groenten 12x10g",
    "AlcoholVolume": "0",
    "FicCode": "I",
    "EcoscoreValue": "79"
  },
  {
    "productId": "22959",
    "technicalArticleNumber": "1955485",
    "commercialArticleNumber": "14577",
    "name": "kruiden geroosterde uitjes",
    "brand": "BONI",
    "seoBrand": "Boni Selection",
    "thumbNail": "https://static.colruytgroup.com/images/200x200/std.lang.all/80/51/asset-2518051.jpg",
    "fullImage": "https://static.colruytgroup.com/images/500x500/std.lang.all/80/51/asset-2518051.jpg",
    "squareImage": "https://static.colruytgroup.com/images/500x500sq/std.lang.all/80/51/asset-2518051.jpg",
    "content": "300g",
    "walkRouteSequenceNumber": 6375,
    "price": {
      "basicPrice": 1.98,
      "recommendedQuantity": "1.0",
      "measurementUnitPrice": 6.6,
      "measurementUnit": "K",
      "isRedPrice": false,
      "pricePerUOM": 6.6,
      "activationDate": "14-11-2023",
      "recordSource": "Offline",
      "isPromoActive": "N",
      "priceChangeCode": "E"
    },
    "isAvailable": true,
    "isPriceAvailable": true,
    "inPromo": false,
    "gtin": [
      "15400141359586",
      "15400141044963",
      "05400141359589",
      "05400141044966"
    ],
    "topCategoryName": "Kruidenierswaren/Droge voeding",
    "topCategoryId": "233",
    "businessDomain": "RETAIL_BE",
    "IsPrivateLabel": true,
    "IsBiffe": false,
    "WeightconversionFactor": "0",
    "IsWeightArticle": false,
    "nutriscoreLabel": "D",
    "IsBio": false,
    "CountryOfOrigin": "POLEN",
    "IsExclusivelySoldInLuxembourg": false,
    "OrderUnit": "P",
    "ShortName": "BONI GEROOSTERDE UI 300",
    "IsNew": false,
    "EcoscoreLabel": "E",
    "RecentQuanityOfStockUnits": "4,1",
    "LongName": "BONI kruiden geroosterde uitjes 300g",
    "AlcoholVolume": "0",
    "FicCode": "I",
    "EcoscoreValue": "17"
  },
  {
    "productId": "155118",
    "technicalArticleNumber": "3262868",
    "commercialArticleNumber": "33442",
    "name": "pasta linguine",
    "description": "*Italië\n*kooktijd:8 minuten\n*Eiwit: 12,5 g/100 g",
    "brand": "BARILLA COLLEZIONE",
    "seoBrand": "Barilla",
    "thumbNail": "https://static.colruytgroup.com/images/200x200/std.lang.all/72/36/asset-3257236.jpg",
    "fullImage": "https://static.colruytgroup.com/images/500x500/std.lang.all/72/36/asset-3257236.jpg",
    "squareImage": "https://static.colruytgroup.com/images/500x500sq/std.lang.all/72/36/asset-3257236.jpg",
    "content": "500g",
    "walkRouteSequenceNumber": 8299,
    "price": {
      "basicPrice": 2.85,
      "recommendedQuantity": "1.0",
      "measurementUnitPrice": 5.7,
      "measurementUnit": "K",
      "isRedPrice": false,
      "pricePerUOM": 5.7,
      "activationDate": "14-03-2024",
      "recordSource": "Offline",
      "isPromoActive": "N",
      "priceChangeCode": "E"
    },
    "isAvailable": true,
    "isPriceAvailable": true,
    "inPromo": false,
    "gtin": [
      "08076809523509",
      "08076809072823"
    ],
    "topCategoryName": "Kruidenierswaren/Droge voeding",
    "topCategoryId": "233",
    "businessDomain": "RETAIL_BE",
    "IsPrivateLabel": false,
    "IsBiffe": false,
    "WeightconversionFactor": "0",
    "IsWeightArticle": false,
    "nutriscoreLabel": "A",
    "IsBio": false,
    "CountryOfOrigin": "ITALIË",
    "IsExclusivelySoldInLuxembourg": false,
    "OrderUnit": "P",
    "ShortName": "BARI COLLEZ.LINGUINE500",
    "IsNew": false,
    "EcoscoreLabel": "B",
    "RecentQuanityOfStockUnits": "24,1",
    "LongName": "BARILLA COLLEZIONE pasta linguine 500g",
    "AlcoholVolume": "0",
    "FicCode": "E",
    "EcoscoreValue": "60"
  },
  {
    "productId": "7250",
    "technicalArticleNumber": "1160380",
    "commercialArticleNumber": "14539",
    "name": "pasta cavatappi",
    "description": "*Italië\n*kooktijd:5-7\nminuten\n*Eiwit: 12,6g/100g",
    "brand": "BONI",
    "seoBrand": "Boni Selection",
    "thumbNail": "https://static.colruytgroup.com/images/200x200/std.lang.all/44/81/asset-2804481.jpg",
    "fullImage": "https://static.colruytgroup.com/images/500x500/std.lang.all/44/81/asset-2804481.jpg",
    "squareImage": "https://static.colruytgroup.com/images/500x500sq/std.lang.all/44/81/asset-2804481.jpg",
    "content": "500g",
    "walkRouteSequenceNumber": 8104,
    "price": {
      "basicPrice": 1.35,
      "recommendedQuantity": "2.0",
      "measurementUnitPrice": 2.7,
      "measurementUnit": "K",
      "isRedPrice": false,
      "pricePerUOM": 2.7,
      "activationDate": "13-11-2023",
      "isPromoActive": "N",
      "priceChangeCode": "E"
    },
    "isAvailable": true,
    "isPriceAvailable": true,
    "inPromo": false,
    "gtin": [
      "05400141240078",
      "05400141345360",
      "05400141346480",
      "15400141127093",
      "15400141240075",
      "00000025145397",
      "05400141102253",
      "05400141127096",
      "05400141719055",
      "15400141719052",
      "15400141346487",
      "05400141145397",
      "05400141164091"
    ],
    "topCategoryName": "Kruidenierswaren/Droge voeding",
    "topCategoryId": "233",
    "businessDomain": "RETAIL_BE",
    "IsPrivateLabel": true,
    "IsBiffe": false,
    "WeightconversionFactor": "0",
    "IsWeightArticle": false,
    "nutriscoreLabel": "A",
    "IsBio": false,
    "CountryOfOrigin": "ITALIË",
    "IsExclusivelySoldInLuxembourg": false,
    "OrderUnit": "P",
    "ShortName": "BONI CAVATAPPI 500G",
    "InSeason": true,
    "IsNew": false,
    "EcoscoreLabel": "B",
    "RecentQuanityOfStockUnits": "2,1,10",
    "LongName": "BONI pasta cavatappi 500g",
    "AlcoholVolume": "0",
    "StartSeasonDate": "01/04/2020",
    "FicCode": "I",
    "EcoscoreValue": "65"
  },
  {
    "productId": "10662",
    "technicalArticleNumber": "1396442",
    "commercialArticleNumber": "21046",
    "name": "ketchup curry",
    "brand": "ZEISNER",
    "seoBrand": "Zeisner",
    "thumbNail": "https://static.colruytgroup.com/images/200x200/std.lang.all/22/92/asset-2812292.jpg",
    "fullImage": "https://static.colruytgroup.com/images/500x500/std.lang.all/22/92/asset-2812292.jpg",
    "squareImage": "https://static.colruytgroup.com/images/500x500sq/std.lang.all/22/92/asset-2812292.jpg",
    "content": "800ml",
    "walkRouteSequenceNumber": 8202,
    "price": {
      "basicPrice": 3.29,
      "recommendedQuantity": "1.0",
      "measurementUnitPrice": 4.12,
      "measurementUnit": "L",
      "isRedPrice": false,
      "pricePerUOM": 4.12,
      "activationDate": "31-01-2024",
      "recordSource": "Offline",
      "isPromoActive": "N",
      "priceChangeCode": "L"
    },
    "isAvailable": true,
    "isPriceAvailable": true,
    "inPromo": false,
    "gtin": [
      "04003879110128",
      "04003879110029"
    ],
    "topCategoryName": "Kruidenierswaren/Droge voeding",
    "topCategoryId": "233",
    "businessDomain": "RETAIL_BE",
    "IsPrivateLabel": false,
    "IsBiffe": false,
    "WeightconversionFactor": "0",
    "IsWeightArticle": false,
    "nutriscoreLabel": "D",
    "IsBio": false,
    "CountryOfOrigin": "BELGIË",
    "IsExclusivelySoldInLuxembourg": false,
    "OrderUnit": "P",
    "ShortName": "ZEISNER CURRY KETC800ML",
    "IsNew": false,
    "EcoscoreLabel": "B",
    "RecentQuanityOfStockUnits": "1,12",
    "LongName": "ZEISNER ketchup curry 800ml",
    "AlcoholVolume": "0",
    "FicCode": "E",
    "EcoscoreValue": "74"
  },
  {
    "productId": "137574",
    "technicalArticleNumber": "3147837",
    "commercialArticleNumber": "16398",
    "name": "rode pesto",
    "brand": "BONI",
    "seoBrand": "Boni Selection",
    "thumbNail": "https://static.colruytgroup.com/images/200x200/std.lang.all/11/99/asset-2201199.jpg",
    "fullImage": "https://static.colruytgroup.com/images/500x500/std.lang.all/11/99/asset-2201199.jpg",
    "squareImage": "https://static.colruytgroup.com/images/500x500sq/std.lang.all/11/99/asset-2201199.jpg",
    "content": "190g",
    "walkRouteSequenceNumber": 8409,
    "price": {
      "basicPrice": 1.09,
      "recommendedQuantity": "1.0",
      "measurementUnitPrice": 5.74,
      "measurementUnit": "K",
      "isRedPrice": false,
      "pricePerUOM": 5.74,
      "activationDate": "10-11-2023",
      "recordSource": "Offline",
      "isPromoActive": "N",
      "priceChangeCode": "L"
    },
    "isAvailable": true,
    "isPriceAvailable": true,
    "inPromo": false,
    "gtin": [
      "05400141124668",
      "05400141158298",
      "05400141356991",
      "05400141563771",
      "15400141124665",
      "15400141356998",
      "15400141563778"
    ],
    "topCategoryName": "Kruidenierswaren/Droge voeding",
    "topCategoryId": "233",
    "businessDomain": "RETAIL_BE",
    "IsPrivateLabel": true,
    "IsBiffe": false,
    "WeightconversionFactor": "0",
    "IsWeightArticle": false,
    "nutriscoreLabel": "E",
    "IsBio": false,
    "CountryOfOrigin": "BELGIË",
    "IsExclusivelySoldInLuxembourg": false,
    "OrderUnit": "P",
    "ShortName": "BONI RODE PESTO 190G",
    "IsNew": false,
    "EcoscoreLabel": "C",
    "RecentQuanityOfStockUnits": "1,12",
    "LongName": "BONI rode pesto 190g",
    "AlcoholVolume": "0",
    "FicCode": "I",
    "EcoscoreValue": "51"
  },
  {
    "productId": "9820",
    "technicalArticleNumber": "1400626",
    "commercialArticleNumber": "13419",
    "name": "mayonaise met citroen",
    "description": "*Met scharreleieren",
    "brand": "EVERYDAY",
    "seoBrand": "Everyday",
    "thumbNail": "https://static.colruytgroup.com/images/200x200/std.lang.all/85/65/asset-3328565.jpg",
    "fullImage": "https://static.colruytgroup.com/images/500x500/std.lang.all/85/65/asset-3328565.jpg",
    "squareImage": "https://static.colruytgroup.com/images/500x500sq/std.lang.all/85/65/asset-3328565.jpg",
    "content": "500ml",
    "walkRouteSequenceNumber": 8092,
    "price": {
      "basicPrice": 1.25,
      "recommendedQuantity": "1.0",
      "measurementUnitPrice": 2.5,
      "measurementUnit": "L",
      "isRedPrice": false,
      "pricePerUOM": 2.5,
      "activationDate": "14-11-2023",
      "recordSource": "Offline",
      "isPromoActive": "N",
      "priceChangeCode": "E"
    },
    "isAvailable": true,
    "isPriceAvailable": true,
    "inPromo": false,
    "gtin": [
      "15400141090489",
      "15400141799672",
      "05400141108859",
      "05400141113020",
      "05400141210422",
      "15400141113027",
      "15400141957164",
      "05400141090482",
      "05400141799675"
    ],
    "topCategoryName": "Kruidenierswaren/Droge voeding",
    "topCategoryId": "233",
    "businessDomain": "RETAIL_BE",
    "IsPrivateLabel": true,
    "IsBiffe": false,
    "WeightconversionFactor": "0",
    "IsWeightArticle": false,
    "nutriscoreLabel": "E",
    "IsBio": false,
    "CountryOfOrigin": "BELGIË",
    "IsExclusivelySoldInLuxembourg": false,
    "OrderUnit": "P",
    "ShortName": "EVD MAYON CITR 500ML",
    "IsNew": false,
    "EcoscoreLabel": "C",
    "RecentQuanityOfStockUnits": "12,1,1",
    "LongName": "EVERYDAY mayonaise met citroen 500ml",
    "AlcoholVolume": "0",
    "FicCode": "I",
    "EcoscoreValue": "47"
  },
  {
    "productId": "170",
    "technicalArticleNumber": "15426",
    "commercialArticleNumber": "15426",
    "name": "cracker mini olijfolie&oregano",
    "description": "*Mini crackers, met\noregano en olijfolie\nvierkant\n*Individueel verpakt\n8x5 stuks",
    "brand": "LU",
    "seoBrand": "LU",
    "thumbNail": "https://static.colruytgroup.com/images/200x200/std.lang.all/85/23/asset-358523.jpg",
    "fullImage": "https://static.colruytgroup.com/images/500x500/std.lang.all/85/23/asset-358523.jpg",
    "squareImage": "https://static.colruytgroup.com/images/500x500sq/std.lang.all/85/23/asset-358523.jpg",
    "content": "250g",
    "walkRouteSequenceNumber": 4497,
    "price": {
      "basicPrice": 1.79,
      "recommendedQuantity": "1.0",
      "measurementUnitPrice": 7.16,
      "measurementUnit": "K",
      "isRedPrice": false,
      "pricePerUOM": 7.16,
      "activationDate": "14-02-2024",
      "recordSource": "Offline",
      "isPromoActive": "N",
      "priceChangeCode": "E"
    },
    "isAvailable": true,
    "isPriceAvailable": true,
    "inPromo": false,
    "gtin": [
      "07622210475183",
      "07622210475213"
    ],
    "topCategoryName": "Brood/Ontbijt",
    "topCategoryId": "124",
    "businessDomain": "RETAIL_BE",
    "IsPrivateLabel": false,
    "IsBiffe": false,
    "WeightconversionFactor": "0",
    "IsWeightArticle": false,
    "nutriscoreLabel": "E",
    "IsBio": false,
    "CountryOfOrigin": "ITALIË",
    "IsExclusivelySoldInLuxembourg": false,
    "OrderUnit": "P",
    "ShortName": "LU MINI CRACK OLIJ 250G",
    "IsNew": false,
    "RecentQuanityOfStockUnits": "1,12",
    "LongName": "LU cracker mini olijfolie&oregano 250g",
    "AlcoholVolume": "0",
    "FicCode": "E"
  },
  {
    "productId": "883",
    "technicalArticleNumber": "13257",
    "commercialArticleNumber": "13257",
    "name": "mayonaise eieren",
    "description": "*Met eieren van\nvrije uitloop",
    "brand": "BONI",
    "seoBrand": "Boni Selection",
    "thumbNail": "https://static.colruytgroup.com/images/200x200/std.lang.all/02/50/asset-2930250.jpg",
    "fullImage": "https://static.colruytgroup.com/images/500x500/std.lang.all/02/50/asset-2930250.jpg",
    "squareImage": "https://static.colruytgroup.com/images/500x500sq/std.lang.all/02/50/asset-2930250.jpg",
    "content": "500ml",
    "walkRouteSequenceNumber": 8085,
    "price": {
      "basicPrice": 1.39,
      "recommendedQuantity": "1.0",
      "quantityPrice": 1.11,
      "quantityPriceQuantity": "2.0",
      "measurementUnitPrice": 2.78,
      "measurementUnitQuantityPrice": 2.22,
      "measurementUnit": "L",
      "isRedPrice": false,
      "pricePerUOM": 2.78,
      "activationDate": "20-03-2024",
      "recordSource": "Offline",
      "isPromoActive": "N",
      "priceChangeCode": "E",
      "quantityPricePerUOM": 2.22,
      "quantityActivationDate": "20-03-2024",
      "quantityPriceChangeCode": "H"
    },
    "isAvailable": true,
    "isPriceAvailable": true,
    "inPromo": false,
    "gtin": [
      "05400141896428",
      "15400141896425",
      "05400141037678",
      "05400141099461",
      "05400141113297",
      "05400141288612",
      "15400141288619"
    ],
    "topCategoryName": "Kruidenierswaren/Droge voeding",
    "topCategoryId": "233",
    "businessDomain": "RETAIL_BE",
    "IsPrivateLabel": true,
    "IsBiffe": false,
    "WeightconversionFactor": "0",
    "IsWeightArticle": false,
    "nutriscoreLabel": "D",
    "IsBio": false,
    "CountryOfOrigin": "BELGIË",
    "IsExclusivelySoldInLuxembourg": false,
    "OrderUnit": "P",
    "ShortName": "BONI MAYO EIEREN 500 ML",
    "IsNew": false,
    "EcoscoreLabel": "C",
    "RecentQuanityOfStockUnits": "1,12",
    "LongName": "BONI mayonaise eieren 500ml",
    "AlcoholVolume": "0",
    "FicCode": "I",
    "EcoscoreValue": "47"
  },
  {
    "productId": "227945",
    "technicalArticleNumber": "3551805",
    "commercialArticleNumber": "50853",
    "name": "augurken in azijn",
    "brand": "BONI",
    "seoBrand": "Boni Selection",
    "thumbNail": "https://static.colruytgroup.com/images/200x200/std.lang.all/12/75/asset-2261275.jpg",
    "fullImage": "https://static.colruytgroup.com/images/500x500/std.lang.all/12/75/asset-2261275.jpg",
    "squareImage": "https://static.colruytgroup.com/images/500x500sq/std.lang.all/12/75/asset-2261275.jpg",
    "content": "330g",
    "walkRouteSequenceNumber": 16343,
    "price": {
      "basicPrice": 0.914,
      "recommendedQuantity": "1.0",
      "measurementUnitPrice": 4.82,
      "measurementUnit": "K",
      "isRedPrice": false,
      "pricePerUOM": 4.82,
      "activationDate": "07-03-2024",
      "recordSource": "Offline",
      "isPromoActive": "N",
      "priceChangeCode": "E"
    },
    "isAvailable": true,
    "isPriceAvailable": true,
    "inPromo": false,
    "gtin": [
      "15400141827764",
      "15400141298632",
      "05400141410297",
      "05400141298635"
    ],
    "topCategoryName": "Kruidenierswaren/Droge voeding",
    "topCategoryId": "233",
    "businessDomain": "RETAIL_BE",
    "IsPrivateLabel": true,
    "IsBiffe": false,
    "WeightconversionFactor": "0",
    "IsWeightArticle": false,
    "nutriscoreLabel": "C",
    "IsBio": false,
    "CountryOfOrigin": "BELGIË",
    "IsExclusivelySoldInLuxembourg": false,
    "OrderUnit": "P",
    "ShortName": "BONI XTRAFYN AUG.AZ 330",
    "IsNew": false,
    "EcoscoreLabel": "A",
    "RecentQuanityOfStockUnits": "1,12",
    "LongName": "BONI augurken in azijn 330g",
    "AlcoholVolume": "0",
    "FicCode": "I",
    "EcoscoreValue": "97"
  },
  {
    "productId": "2609",
    "technicalArticleNumber": "1101211",
    "commercialArticleNumber": "13099",
    "name": "olijven zwart ontpit",
    "description": "Zwarte ontpitte olijven. Lekker bij\nhet aperitief of als garnituur.",
    "brand": "BONI",
    "seoBrand": "Boni Selection",
    "thumbNail": "https://static.colruytgroup.com/images/200x200/std.lang.all/85/33/asset-2118533.jpg",
    "fullImage": "https://static.colruytgroup.com/images/500x500/std.lang.all/85/33/asset-2118533.jpg",
    "squareImage": "https://static.colruytgroup.com/images/500x500sq/std.lang.all/85/33/asset-2118533.jpg",
    "content": "400g",
    "walkRouteSequenceNumber": 4594,
    "price": {
      "basicPrice": 1.09,
      "recommendedQuantity": "1.0",
      "measurementUnitPrice": 6.42,
      "measurementUnit": "K",
      "isRedPrice": false,
      "pricePerUOM": 6.42,
      "activationDate": "06-01-2024",
      "recordSource": "Offline",
      "isPromoActive": "N",
      "priceChangeCode": "E"
    },
    "isAvailable": true,
    "isPriceAvailable": true,
    "inPromo": false,
    "gtin": [
      "05400141099713",
      "05400141352962",
      "15400141352969",
      "15400141958413"
    ],
    "topCategoryName": "Chips/Borrelhapjes",
    "topCategoryId": "306",
    "businessDomain": "RETAIL_BE",
    "IsPrivateLabel": true,
    "IsBiffe": false,
    "WeightconversionFactor": "0",
    "IsWeightArticle": false,
    "nutriscoreLabel": "C",
    "IsBio": false,
    "CountryOfOrigin": "SPANJE",
    "IsExclusivelySoldInLuxembourg": false,
    "OrderUnit": "P",
    "ShortName": "BONI ZWART ONTP OLY400G",
    "IsNew": false,
    "EcoscoreLabel": "A",
    "RecentQuanityOfStockUnits": "1,12",
    "LongName": "BONI olijven zwart ontpit 400g",
    "AlcoholVolume": "0",
    "FicCode": "I",
    "EcoscoreValue": "88"
  },
  {
    "productId": "226782",
    "technicalArticleNumber": "3565979",
    "commercialArticleNumber": "14137",
    "name": "vanillinesuiker",
    "brand": "BONI",
    "seoBrand": "Boni Selection",
    "thumbNail": "https://static.colruytgroup.com/images/200x200/std.lang.all/19/09/asset-2111909.jpg",
    "fullImage": "https://static.colruytgroup.com/images/500x500/std.lang.all/19/09/asset-2111909.jpg",
    "squareImage": "https://static.colruytgroup.com/images/500x500sq/std.lang.all/19/09/asset-2111909.jpg",
    "content": "15x8g",
    "walkRouteSequenceNumber": 9442,
    "price": {
      "basicPrice": 0.586,
      "recommendedQuantity": "3.0",
      "measurementUnitPrice": 4.89,
      "measurementUnit": "K",
      "isRedPrice": false,
      "pricePerUOM": 4.89,
      "activationDate": "15-02-2024",
      "recordSource": "Offline",
      "isPromoActive": "N",
      "priceChangeCode": "H"
    },
    "isAvailable": true,
    "isPriceAvailable": true,
    "inPromo": false,
    "gtin": [
      "15400141975717",
      "15400141332749",
      "05400141463637",
      "05400141405446",
      "05400141332742"
    ],
    "topCategoryName": "Kruidenierswaren/Droge voeding",
    "topCategoryId": "233",
    "businessDomain": "RETAIL_BE",
    "IsPrivateLabel": true,
    "IsBiffe": false,
    "WeightconversionFactor": "0",
    "IsWeightArticle": false,
    "nutriscoreLabel": "E",
    "IsBio": false,
    "CountryOfOrigin": "BELGIË",
    "IsExclusivelySoldInLuxembourg": false,
    "OrderUnit": "P",
    "ShortName": "BONI VANILLINESUIK15X8G",
    "IsNew": false,
    "EcoscoreLabel": "B",
    "RecentQuanityOfStockUnits": "3,1,27",
    "LongName": "BONI vanillinesuiker 15x8g",
    "AlcoholVolume": "0",
    "FicCode": "I",
    "EcoscoreValue": "76"
  },
  {
    "productId": "533994",
    "technicalArticleNumber": "4127242",
    "commercialArticleNumber": "9371",
    "name": "al dente spaghetti fijn",
    "description": "*100% harde tarwe\n*Al dente beet\n*Eiwit : 13,5g/100g\n*Kooktijd : 6 min",
    "brand": "SOUBRY",
    "seoBrand": "Soubry",
    "thumbNail": "https://static.colruytgroup.com/images/200x200/std.lang.all/01/44/asset-1910144.jpg",
    "fullImage": "https://static.colruytgroup.com/images/500x500/std.lang.all/01/44/asset-1910144.jpg",
    "squareImage": "https://static.colruytgroup.com/images/500x500sq/std.lang.all/01/44/asset-1910144.jpg",
    "content": "375g",
    "walkRouteSequenceNumber": 8290,
    "price": {
      "basicPrice": 0.77,
      "recommendedQuantity": "6.0",
      "measurementUnitPrice": 2.06,
      "measurementUnit": "K",
      "isRedPrice": false,
      "pricePerUOM": 2.06,
      "activationDate": "01-02-2024",
      "recordSource": "Offline",
      "isPromoActive": "N",
      "priceChangeCode": "H"
    },
    "isAvailable": true,
    "isPriceAvailable": true,
    "inPromo": false,
    "gtin": [
      "75410028099995",
      "35410028171105",
      "05410028171104",
      "05410028170107",
      "75410028170106"
    ],
    "topCategoryName": "Kruidenierswaren/Droge voeding",
    "topCategoryId": "233",
    "businessDomain": "RETAIL_BE",
    "IsPrivateLabel": false,
    "IsBiffe": false,
    "WeightconversionFactor": "0",
    "IsWeightArticle": false,
    "nutriscoreLabel": "A",
    "IsBio": false,
    "CountryOfOrigin": "BELGIË",
    "IsExclusivelySoldInLuxembourg": false,
    "OrderUnit": "P",
    "ShortName": "SOUB AL D.SPAG.FIJN375",
    "IsNew": false,
    "EcoscoreLabel": "A",
    "RecentQuanityOfStockUnits": "24,1,6",
    "LongName": "SOUBRY al dente spaghetti fijn 375g",
    "FicCode": "E",
    "EcoscoreValue": "97"
  },
  {
    "productId": "2368",
    "technicalArticleNumber": "1099775",
    "commercialArticleNumber": "13095",
    "name": "olijven groen ontpit",
    "description": "Groene ontpitte olijven. Lekker bij\nhet aperitief of als garnituur.",
    "brand": "BONI",
    "seoBrand": "Boni Selection",
    "thumbNail": "https://static.colruytgroup.com/images/200x200/std.lang.all/88/66/asset-3388866.jpg",
    "fullImage": "https://static.colruytgroup.com/images/500x500/std.lang.all/88/66/asset-3388866.jpg",
    "squareImage": "https://static.colruytgroup.com/images/500x500sq/std.lang.all/88/66/asset-3388866.jpg",
    "content": "335g",
    "walkRouteSequenceNumber": 4592,
    "price": {
      "basicPrice": 0.641,
      "recommendedQuantity": "1.0",
      "measurementUnitPrice": 3.89,
      "measurementUnit": "K",
      "isRedPrice": false,
      "pricePerUOM": 3.89,
      "activationDate": "24-02-2024",
      "recordSource": "Offline",
      "isPromoActive": "N",
      "priceChangeCode": "L"
    },
    "isAvailable": true,
    "isPriceAvailable": true,
    "inPromo": false,
    "gtin": [
      "15400141352952",
      "15400141232360",
      "05400141352955",
      "05400141232363",
      "05400141118407",
      "05400141999891",
      "15400141504894",
      "05400141504897",
      "15400141999898"
    ],
    "topCategoryName": "Chips/Borrelhapjes",
    "topCategoryId": "306",
    "businessDomain": "RETAIL_BE",
    "IsPrivateLabel": true,
    "IsBiffe": false,
    "WeightconversionFactor": "0",
    "IsWeightArticle": false,
    "nutriscoreLabel": "D",
    "IsBio": false,
    "CountryOfOrigin": "SPANJE",
    "IsExclusivelySoldInLuxembourg": false,
    "OrderUnit": "P",
    "ShortName": "BONI OLYF GROE ONTP335G",
    "IsNew": false,
    "EcoscoreLabel": "A",
    "RecentQuanityOfStockUnits": "12,1,1",
    "LongName": "BONI olijven groen ontpit 335g",
    "AlcoholVolume": "0",
    "FicCode": "I",
    "EcoscoreValue": "88"
  },
  {
    "productId": "15353",
    "technicalArticleNumber": "1580552",
    "commercialArticleNumber": "6394",
    "name": "rietsuiker FT",
    "brand": "BONI",
    "seoBrand": "Boni Selection",
    "thumbNail": "https://static.colruytgroup.com/images/200x200/std.lang.all/84/88/asset-3028488.jpg",
    "fullImage": "https://static.colruytgroup.com/images/500x500/std.lang.all/84/88/asset-3028488.jpg",
    "squareImage": "https://static.colruytgroup.com/images/500x500sq/std.lang.all/84/88/asset-3028488.jpg",
    "content": "500g",
    "walkRouteSequenceNumber": 9299,
    "price": {
      "basicPrice": 1.65,
      "recommendedQuantity": "1.0",
      "measurementUnitPrice": 3.3,
      "measurementUnit": "K",
      "isRedPrice": false,
      "pricePerUOM": 3.3,
      "activationDate": "02-01-2024",
      "recordSource": "Offline",
      "isPromoActive": "N",
      "priceChangeCode": "E"
    },
    "isAvailable": true,
    "isPriceAvailable": true,
    "inPromo": false,
    "gtin": [
      "15400141828709",
      "15400141385882",
      "05400141048384",
      "05400141354539",
      "05400141385885"
    ],
    "topCategoryName": "Kruidenierswaren/Droge voeding",
    "topCategoryId": "233",
    "businessDomain": "RETAIL_BE",
    "IsPrivateLabel": true,
    "IsBiffe": false,
    "WeightconversionFactor": "0",
    "IsWeightArticle": false,
    "nutriscoreLabel": "E",
    "IsBio": false,
    "CountryOfOrigin": "MALAWI",
    "IsExclusivelySoldInLuxembourg": false,
    "OrderUnit": "P",
    "ShortName": "BONI FT RIETSUIKER 500G",
    "IsNew": false,
    "EcoscoreLabel": "B",
    "RecentQuanityOfStockUnits": "10,1",
    "LongName": "BONI rietsuiker FT 500g",
    "AlcoholVolume": "0",
    "FicCode": "I",
    "EcoscoreValue": "77"
  },
  {
    "productId": "452740",
    "technicalArticleNumber": "4030404",
    "commercialArticleNumber": "5573",
    "name": "groene olijven met kaas",
    "description": "*Zie verpakking",
    "brand": "EVERYDAY",
    "seoBrand": "Everyday",
    "thumbNail": "https://static.colruytgroup.com/images/200x200/std.lang.all/17/15/asset-2741715.jpg",
    "fullImage": "https://static.colruytgroup.com/images/500x500/std.lang.all/17/15/asset-2741715.jpg",
    "squareImage": "https://static.colruytgroup.com/images/500x500sq/std.lang.all/17/15/asset-2741715.jpg",
    "content": "200g",
    "walkRouteSequenceNumber": 7697,
    "price": {
      "basicPrice": 2.29,
      "recommendedQuantity": "1.0",
      "measurementUnitPrice": 11.45,
      "measurementUnit": "K",
      "isRedPrice": false,
      "pricePerUOM": 11.45,
      "activationDate": "02-03-2024",
      "recordSource": "Offline",
      "isPromoActive": "N",
      "priceChangeCode": "L"
    },
    "isAvailable": true,
    "isPriceAvailable": true,
    "inPromo": false,
    "gtin": [
      "05400141490442",
      "25400141269370",
      "05400141050653",
      "05400141269376",
      "05400141705928",
      "05400141944884"
    ],
    "topCategoryName": "Chips/Borrelhapjes",
    "topCategoryId": "306",
    "businessDomain": "RETAIL_BE",
    "IsPrivateLabel": true,
    "IsBiffe": false,
    "WeightconversionFactor": "0",
    "IsWeightArticle": false,
    "nutriscoreLabel": "D",
    "IsBio": false,
    "CountryOfOrigin": "MAROKKO",
    "IsExclusivelySoldInLuxembourg": false,
    "OrderUnit": "P",
    "ShortName": "EVD OLIJVEN KAAS 200G",
    "IsNew": false,
    "EcoscoreLabel": "B",
    "RecentQuanityOfStockUnits": "1,9",
    "LongName": "EVERYDAY groene olijven met kaas 200g",
    "FicCode": "I",
    "EcoscoreValue": "75"
  },
  {
    "productId": "6949",
    "technicalArticleNumber": "1154147",
    "commercialArticleNumber": "14521",
    "name": "farfalle",
    "description": "*Italië\n*kooktijd:13-15\nminuten\n*Eiwit: 12,6g/100g",
    "brand": "BONI",
    "seoBrand": "Boni Selection",
    "thumbNail": "https://static.colruytgroup.com/images/200x200/std.lang.all/21/57/asset-972157.jpg",
    "fullImage": "https://static.colruytgroup.com/images/500x500/std.lang.all/21/57/asset-972157.jpg",
    "squareImage": "https://static.colruytgroup.com/images/500x500sq/std.lang.all/21/57/asset-972157.jpg",
    "content": "500g",
    "walkRouteSequenceNumber": 8107,
    "price": {
      "basicPrice": 0.99,
      "recommendedQuantity": "2.0",
      "quantityPrice": 0.817,
      "quantityPriceQuantity": "4.0",
      "measurementUnitPrice": 1.98,
      "measurementUnitQuantityPrice": 1.64,
      "measurementUnit": "K",
      "isRedPrice": false,
      "pricePerUOM": 1.98,
      "activationDate": "20-03-2024",
      "recordSource": "Offline",
      "isPromoActive": "N",
      "priceChangeCode": "E",
      "quantityPricePerUOM": 1.64,
      "quantityActivationDate": "20-03-2024",
      "quantityPriceChangeCode": "E"
    },
    "isAvailable": true,
    "isPriceAvailable": true,
    "inPromo": false,
    "gtin": [
      "00000025145212",
      "05400141010534",
      "05400141164169",
      "05400141285437",
      "05400141445213",
      "15400141010531",
      "15400141127048",
      "15400141285434",
      "05400141102246"
    ],
    "topCategoryName": "Kruidenierswaren/Droge voeding",
    "topCategoryId": "233",
    "businessDomain": "RETAIL_BE",
    "IsPrivateLabel": true,
    "IsBiffe": false,
    "WeightconversionFactor": "0",
    "IsWeightArticle": false,
    "nutriscoreLabel": "A",
    "IsBio": false,
    "CountryOfOrigin": "ITALIË",
    "IsExclusivelySoldInLuxembourg": false,
    "OrderUnit": "P",
    "ShortName": "BONI FARFALLE 500G",
    "IsNew": false,
    "EcoscoreLabel": "A",
    "RecentQuanityOfStockUnits": "2,10,1",
    "LongName": "BONI farfalle 500g",
    "AlcoholVolume": "0",
    "FicCode": "I",
    "EcoscoreValue": "80"
  },
  {
    "productId": "179137",
    "technicalArticleNumber": "3369140",
    "commercialArticleNumber": "20424",
    "name": "spaghetti volkoren",
    "description": "*kooktijd: 9 minuten\n*Eiwit: 13,5 g/100 g",
    "brand": "BONI",
    "seoBrand": "Boni Selection",
    "thumbNail": "https://static.colruytgroup.com/images/200x200/std.lang.all/06/09/asset-3330609.jpg",
    "fullImage": "https://static.colruytgroup.com/images/500x500/std.lang.all/06/09/asset-3330609.jpg",
    "squareImage": "https://static.colruytgroup.com/images/500x500sq/std.lang.all/06/09/asset-3330609.jpg",
    "content": "500g",
    "walkRouteSequenceNumber": 8166,
    "price": {
      "basicPrice": 1.09,
      "recommendedQuantity": "1.0",
      "measurementUnitPrice": 2.18,
      "measurementUnit": "K",
      "isRedPrice": false,
      "pricePerUOM": 2.18,
      "activationDate": "12-07-2023",
      "recordSource": "Offline",
      "isPromoActive": "N",
      "priceChangeCode": "L"
    },
    "isAvailable": true,
    "isPriceAvailable": true,
    "inPromo": false,
    "gtin": [
      "15400141768531",
      "05400141243017",
      "05400141288414",
      "05400141357998",
      "05400141768534",
      "15400141243014"
    ],
    "topCategoryName": "Kruidenierswaren/Droge voeding",
    "topCategoryId": "233",
    "businessDomain": "RETAIL_BE",
    "IsPrivateLabel": true,
    "IsBiffe": false,
    "WeightconversionFactor": "0",
    "IsWeightArticle": false,
    "nutriscoreLabel": "A",
    "IsBio": false,
    "CountryOfOrigin": "BELGIË",
    "IsExclusivelySoldInLuxembourg": false,
    "OrderUnit": "P",
    "ShortName": "BONI SPAGHETTI VOL 500G",
    "IsNew": false,
    "EcoscoreLabel": "A",
    "RecentQuanityOfStockUnits": "1,24",
    "LongName": "BONI spaghetti volkoren 500g",
    "AlcoholVolume": "0",
    "FicCode": "I",
    "EcoscoreValue": "98"
  },
  {
    "productId": "58681",
    "technicalArticleNumber": "2374645",
    "commercialArticleNumber": "7681",
    "name": "Tomato ketchup",
    "brand": "HEINZ",
    "seoBrand": "Heinz",
    "thumbNail": "https://static.colruytgroup.com/images/200x200/std.lang.all/63/72/asset-376372.jpg",
    "fullImage": "https://static.colruytgroup.com/images/500x500/std.lang.all/63/72/asset-376372.jpg",
    "squareImage": "https://static.colruytgroup.com/images/500x500sq/std.lang.all/63/72/asset-376372.jpg",
    "content": "500ml",
    "walkRouteSequenceNumber": 8190,
    "price": {
      "basicPrice": 2.99,
      "recommendedQuantity": "1.0",
      "measurementUnitPrice": 5.98,
      "measurementUnit": "L",
      "isRedPrice": false,
      "pricePerUOM": 5.98,
      "activationDate": "19-03-2024",
      "recordSource": "Offline",
      "isPromoActive": "N",
      "priceChangeCode": "H"
    },
    "isAvailable": true,
    "isPriceAvailable": true,
    "inPromo": false,
    "gtin": [
      "00000087157239",
      "08715700500232",
      "08715700017006"
    ],
    "topCategoryName": "Kruidenierswaren/Droge voeding",
    "topCategoryId": "233",
    "businessDomain": "RETAIL_BE",
    "IsPrivateLabel": false,
    "IsBiffe": false,
    "WeightconversionFactor": "0",
    "IsWeightArticle": false,
    "nutriscoreLabel": "D",
    "IsBio": false,
    "CountryOfOrigin": "EUROPA",
    "IsExclusivelySoldInLuxembourg": false,
    "OrderUnit": "P",
    "ShortName": "HEINZ KETCHUP FLES 500M",
    "IsNew": false,
    "EcoscoreLabel": "B",
    "RecentQuanityOfStockUnits": "1,12",
    "LongName": "HEINZ Tomato ketchup 500ml",
    "AlcoholVolume": "0",
    "FicCode": "E",
    "EcoscoreValue": "74"
  },
  {
    "productId": "144062",
    "technicalArticleNumber": "3287579",
    "commercialArticleNumber": "2755",
    "name": "tarwe toasts volkoren",
    "description": "*Volkoren tarwe-\ncrackers,\nrechthoekig",
    "brand": "BONI",
    "seoBrand": "Boni Selection",
    "thumbNail": "https://static.colruytgroup.com/images/200x200/std.lang.all/14/51/asset-2361451.jpg",
    "fullImage": "https://static.colruytgroup.com/images/500x500/std.lang.all/14/51/asset-2361451.jpg",
    "squareImage": "https://static.colruytgroup.com/images/500x500sq/std.lang.all/14/51/asset-2361451.jpg",
    "content": "250g",
    "walkRouteSequenceNumber": 17058,
    "price": {
      "basicPrice": 0.99,
      "recommendedQuantity": "1.0",
      "measurementUnitPrice": 3.96,
      "measurementUnit": "K",
      "isRedPrice": false,
      "pricePerUOM": 3.96,
      "activationDate": "06-12-2023",
      "recordSource": "Offline",
      "isPromoActive": "N",
      "priceChangeCode": "E"
    },
    "isAvailable": true,
    "isPriceAvailable": true,
    "inPromo": false,
    "gtin": [
      "15400141046479",
      "05400141212587",
      "05400141046472",
      "05400141354560",
      "05400141388275",
      "15400141388272",
      "15400141445494",
      "05400141445497"
    ],
    "topCategoryName": "Brood/Ontbijt",
    "topCategoryId": "124",
    "businessDomain": "RETAIL_BE",
    "IsPrivateLabel": true,
    "IsBiffe": false,
    "WeightconversionFactor": "0",
    "IsWeightArticle": false,
    "nutriscoreLabel": "A",
    "IsBio": false,
    "CountryOfOrigin": "DUITSLAND",
    "IsExclusivelySoldInLuxembourg": false,
    "OrderUnit": "P",
    "ShortName": "BONI TAR.TOAST VOLK.250",
    "IsNew": false,
    "EcoscoreLabel": "A",
    "RecentQuanityOfStockUnits": "1,12",
    "LongName": "BONI tarwe toasts volkoren 250g",
    "AlcoholVolume": "0",
    "FicCode": "I",
    "EcoscoreValue": "87"
  },
  {
    "productId": "336321",
    "technicalArticleNumber": "3806344",
    "commercialArticleNumber": "14398",
    "name": "ketchup TD",
    "brand": "EVERYDAY",
    "seoBrand": "Everyday",
    "thumbNail": "https://static.colruytgroup.com/images/200x200/std.lang.all/90/97/asset-2099097.jpg",
    "fullImage": "https://static.colruytgroup.com/images/500x500/std.lang.all/90/97/asset-2099097.jpg",
    "squareImage": "https://static.colruytgroup.com/images/500x500sq/std.lang.all/90/97/asset-2099097.jpg",
    "content": "1kg",
    "walkRouteSequenceNumber": 8203,
    "price": {
      "basicPrice": 1.29,
      "recommendedQuantity": "1.0",
      "measurementUnitPrice": 1.29,
      "measurementUnit": "K",
      "isRedPrice": false,
      "pricePerUOM": 1.29,
      "activationDate": "06-03-2024",
      "recordSource": "Offline",
      "isPromoActive": "N",
      "priceChangeCode": "H"
    },
    "isAvailable": true,
    "isPriceAvailable": true,
    "inPromo": false,
    "gtin": [
      "15400141343486",
      "05400141660104",
      "15400141660101",
      "05400141213553",
      "05400141343489"
    ],
    "topCategoryName": "Kruidenierswaren/Droge voeding",
    "topCategoryId": "233",
    "businessDomain": "RETAIL_BE",
    "IsPrivateLabel": true,
    "IsBiffe": false,
    "WeightconversionFactor": "0",
    "IsWeightArticle": false,
    "nutriscoreLabel": "C",
    "IsBio": false,
    "CountryOfOrigin": "SPANJE",
    "IsExclusivelySoldInLuxembourg": false,
    "OrderUnit": "P",
    "ShortName": "EVD KETCHUP 1KG",
    "IsNew": false,
    "EcoscoreLabel": "B",
    "RecentQuanityOfStockUnits": "8,1",
    "LongName": "EVERYDAY ketchup TD 1kg",
    "AlcoholVolume": "0",
    "FicCode": "I",
    "EcoscoreValue": "79"
  },
  {
    "productId": "949",
    "technicalArticleNumber": "28894",
    "commercialArticleNumber": "28894",
    "name": "groene olijven kaasblokjes",
    "description": "*Groen\n*Ontpit\n*Griekenland\n*Met kaasblokjes",
    "brand": "BONI",
    "seoBrand": "Boni Selection",
    "thumbNail": "https://static.colruytgroup.com/images/200x200/std.lang.all/15/10/asset-2741510.jpg",
    "fullImage": "https://static.colruytgroup.com/images/500x500/std.lang.all/15/10/asset-2741510.jpg",
    "squareImage": "https://static.colruytgroup.com/images/500x500sq/std.lang.all/15/10/asset-2741510.jpg",
    "content": "150g",
    "walkRouteSequenceNumber": 7687,
    "price": {
      "basicPrice": 2.89,
      "recommendedQuantity": "1.0",
      "measurementUnitPrice": 19.27,
      "measurementUnit": "K",
      "isRedPrice": false,
      "pricePerUOM": 19.27,
      "activationDate": "15-02-2024",
      "recordSource": "Offline",
      "isPromoActive": "N",
      "priceChangeCode": "E"
    },
    "isAvailable": true,
    "isPriceAvailable": true,
    "inPromo": false,
    "gtin": [
      "15400141974383",
      "05400141088946",
      "15400141406228",
      "05400141938029",
      "05400141090697",
      "05400141705959",
      "15400141088943",
      "05400141500646",
      "05400141406221"
    ],
    "topCategoryName": "Chips/Borrelhapjes",
    "topCategoryId": "306",
    "businessDomain": "RETAIL_BE",
    "IsPrivateLabel": true,
    "IsBiffe": false,
    "WeightconversionFactor": "0",
    "IsWeightArticle": false,
    "nutriscoreLabel": "D",
    "IsBio": false,
    "CountryOfOrigin": "GRIEKENLAND",
    "IsExclusivelySoldInLuxembourg": false,
    "OrderUnit": "P",
    "ShortName": "BONI GR.OLI.KAAS.150 GR",
    "IsNew": false,
    "EcoscoreLabel": "A",
    "RecentQuanityOfStockUnits": "1",
    "LongName": "BONI groene olijven kaasblokjes 150g",
    "AlcoholVolume": "0",
    "FicCode": "I",
    "EcoscoreValue": "97"
  },
  {
    "productId": "35",
    "technicalArticleNumber": "14940",
    "commercialArticleNumber": "14940",
    "name": "bakpoeder Backin",
    "brand": "DR.OETKER",
    "seoBrand": "Dr.Oetker",
    "thumbNail": "https://static.colruytgroup.com/images/200x200/std.lang.all/46/60/asset-1244660.jpg",
    "fullImage": "https://static.colruytgroup.com/images/500x500/std.lang.all/46/60/asset-1244660.jpg",
    "squareImage": "https://static.colruytgroup.com/images/500x500sq/std.lang.all/46/60/asset-1244660.jpg",
    "content": "5st",
    "walkRouteSequenceNumber": 9440,
    "price": {
      "basicPrice": 0.69,
      "recommendedQuantity": "1.0",
      "quantityPrice": 0.633,
      "quantityPriceQuantity": "3.0",
      "measurementUnitPrice": 8.63,
      "measurementUnitQuantityPrice": 7.92,
      "measurementUnit": "K",
      "isRedPrice": false,
      "pricePerUOM": 8.63,
      "activationDate": "20-03-2024",
      "recordSource": "Offline",
      "isPromoActive": "N",
      "priceChangeCode": "E",
      "quantityPricePerUOM": 7.92,
      "quantityActivationDate": "20-03-2024",
      "quantityPriceChangeCode": "E"
    },
    "isAvailable": true,
    "isPriceAvailable": true,
    "inPromo": false,
    "gtin": [
      "05410231103411",
      "05410231103404"
    ],
    "topCategoryName": "Kruidenierswaren/Droge voeding",
    "topCategoryId": "233",
    "businessDomain": "RETAIL_BE",
    "IsPrivateLabel": false,
    "IsBiffe": false,
    "WeightconversionFactor": "0",
    "IsWeightArticle": false,
    "IsBio": false,
    "CountryOfOrigin": "FRANKRIJK",
    "IsExclusivelySoldInLuxembourg": false,
    "OrderUnit": "P",
    "ShortName": "OETK BACKINGPOWDER 5ZAK",
    "IsNew": false,
    "RecentQuanityOfStockUnits": "24,1",
    "LongName": "DR.OETKER bakpoeder Backin 5st",
    "AlcoholVolume": "0",
    "FicCode": "E"
  },
  {
    "productId": "35952",
    "technicalArticleNumber": "1863260",
    "commercialArticleNumber": "15204",
    "name": "beschuit natuur rond 13st",
    "description": "*Beschuiten, rond",
    "brand": "EVERYDAY",
    "seoBrand": "Everyday",
    "thumbNail": "https://static.colruytgroup.com/images/200x200/std.lang.all/80/35/asset-1408035.jpg",
    "fullImage": "https://static.colruytgroup.com/images/500x500/std.lang.all/80/35/asset-1408035.jpg",
    "squareImage": "https://static.colruytgroup.com/images/500x500sq/std.lang.all/80/35/asset-1408035.jpg",
    "content": "125g",
    "walkRouteSequenceNumber": 17112,
    "price": {
      "basicPrice": 0.45,
      "recommendedQuantity": "3.0",
      "measurementUnitPrice": 3.6,
      "measurementUnit": "K",
      "isRedPrice": false,
      "pricePerUOM": 3.6,
      "activationDate": "14-11-2023",
      "recordSource": "Offline",
      "isPromoActive": "N",
      "priceChangeCode": "E"
    },
    "isAvailable": true,
    "isPriceAvailable": true,
    "inPromo": false,
    "gtin": [
      "25400141272127",
      "15400141272120",
      "05400141053173",
      "05400141159844",
      "05400141210446",
      "05400141272123",
      "05400141352047",
      "25400141159848",
      "05400141210439"
    ],
    "topCategoryName": "Brood/Ontbijt",
    "topCategoryId": "124",
    "businessDomain": "RETAIL_BE",
    "IsPrivateLabel": true,
    "IsBiffe": false,
    "WeightconversionFactor": "0",
    "IsWeightArticle": false,
    "nutriscoreLabel": "D",
    "IsBio": false,
    "CountryOfOrigin": "NEDERLAND",
    "IsExclusivelySoldInLuxembourg": false,
    "OrderUnit": "P",
    "ShortName": "EVD ROND.BESCHUIT 125GR",
    "IsNew": false,
    "EcoscoreLabel": "B",
    "RecentQuanityOfStockUnits": "24,1",
    "LongName": "EVERYDAY beschuit natuur rond 13st 125g",
    "AlcoholVolume": "0",
    "FicCode": "I",
    "EcoscoreValue": "75"
  },
  {
    "productId": "145776",
    "technicalArticleNumber": "3330905",
    "commercialArticleNumber": "6962",
    "name": "Picos met olijfolie",
    "description": "*Mini soepstengels",
    "brand": "BONI",
    "seoBrand": "Boni Selection",
    "thumbNail": "https://static.colruytgroup.com/images/200x200/std.lang.all/11/50/asset-2201150.jpg",
    "fullImage": "https://static.colruytgroup.com/images/500x500/std.lang.all/11/50/asset-2201150.jpg",
    "squareImage": "https://static.colruytgroup.com/images/500x500sq/std.lang.all/11/50/asset-2201150.jpg",
    "content": "150g",
    "walkRouteSequenceNumber": 4486,
    "price": {
      "basicPrice": 1.79,
      "recommendedQuantity": "1.0",
      "measurementUnitPrice": 11.94,
      "measurementUnit": "K",
      "isRedPrice": false,
      "pricePerUOM": 11.94,
      "activationDate": "22-02-2024",
      "isPromoActive": "N",
      "priceChangeCode": "E"
    },
    "isAvailable": true,
    "isPriceAvailable": true,
    "inPromo": false,
    "gtin": [
      "05400141213416",
      "05400141190700",
      "15400141388289",
      "05400141388282",
      "05400141215526",
      "05400141377293"
    ],
    "topCategoryName": "Brood/Ontbijt",
    "topCategoryId": "124",
    "businessDomain": "RETAIL_BE",
    "IsPrivateLabel": true,
    "IsBiffe": false,
    "WeightconversionFactor": "0",
    "IsWeightArticle": false,
    "nutriscoreLabel": "D",
    "IsBio": false,
    "CountryOfOrigin": "SPANJE",
    "IsExclusivelySoldInLuxembourg": false,
    "OrderUnit": "P",
    "ShortName": "BONI PICOS ARTISAN 150G",
    "IsNew": false,
    "EcoscoreLabel": "B",
    "RecentQuanityOfStockUnits": "1,24",
    "LongName": "BONI Picos met olijfolie 150g",
    "AlcoholVolume": "0",
    "FicCode": "I",
    "EcoscoreValue": "79"
  },
  {
    "productId": "611",
    "technicalArticleNumber": "5950",
    "commercialArticleNumber": "5950",
    "name": "cassonade Graeffe",
    "brand": "TIENSE SUIKER",
    "seoBrand": "Tiense Suiker",
    "thumbNail": "https://static.colruytgroup.com/images/200x200/std.lang.all/73/20/asset-1637320.jpg",
    "fullImage": "https://static.colruytgroup.com/images/500x500/std.lang.all/73/20/asset-1637320.jpg",
    "squareImage": "https://static.colruytgroup.com/images/500x500sq/std.lang.all/73/20/asset-1637320.jpg",
    "content": "1kg",
    "walkRouteSequenceNumber": 9292,
    "price": {
      "basicPrice": 2.23,
      "recommendedQuantity": "1.0",
      "measurementUnitPrice": 2.23,
      "measurementUnit": "K",
      "isRedPrice": false,
      "pricePerUOM": 2.23,
      "activationDate": "14-02-2024",
      "recordSource": "Offline",
      "isPromoActive": "N",
      "priceChangeCode": "E"
    },
    "isAvailable": true,
    "isPriceAvailable": true,
    "inPromo": false,
    "gtin": [
      "05410256700008",
      "05410256700015",
      "05410256704006"
    ],
    "topCategoryName": "Kruidenierswaren/Droge voeding",
    "topCategoryId": "233",
    "businessDomain": "RETAIL_BE",
    "IsPrivateLabel": false,
    "IsBiffe": false,
    "WeightconversionFactor": "0",
    "IsWeightArticle": false,
    "nutriscoreLabel": "E",
    "IsBio": false,
    "CountryOfOrigin": "BELGIË",
    "IsExclusivelySoldInLuxembourg": false,
    "OrderUnit": "P",
    "ShortName": "TIENEN CASSONADE 1KG",
    "IsNew": false,
    "EcoscoreLabel": "A",
    "RecentQuanityOfStockUnits": "10,1",
    "LongName": "TIENSE SUIKER cassonade Graeffe 1kg",
    "AlcoholVolume": "0",
    "FicCode": "E",
    "EcoscoreValue": "81"
  },
  {
    "productId": "778579",
    "technicalArticleNumber": "4572139",
    "commercialArticleNumber": "28534",
    "name": "noodles chicken cup",
    "description": "*Noedels met\nkippensmaak",
    "brand": "AIKI",
    "seoBrand": "Aïki",
    "thumbNail": "https://static.colruytgroup.com/images/200x200/std.lang.all/37/37/asset-3353737.jpg",
    "fullImage": "https://static.colruytgroup.com/images/500x500/std.lang.all/37/37/asset-3353737.jpg",
    "squareImage": "https://static.colruytgroup.com/images/500x500sq/std.lang.all/37/37/asset-3353737.jpg",
    "content": "68g",
    "walkRouteSequenceNumber": 17018,
    "price": {
      "basicPrice": 1.29,
      "recommendedQuantity": "1.0",
      "measurementUnitPrice": 18.98,
      "measurementUnit": "K",
      "isRedPrice": false,
      "pricePerUOM": 18.98,
      "activationDate": "11-03-2024",
      "recordSource": "Offline",
      "isPromoActive": "N",
      "priceChangeCode": "E"
    },
    "isAvailable": true,
    "isPriceAvailable": true,
    "inPromo": false,
    "gtin": [
      "05414972130385",
      "05414972730387"
    ],
    "topCategoryName": "Kruidenierswaren/Droge voeding",
    "topCategoryId": "233",
    "businessDomain": "RETAIL_BE",
    "IsPrivateLabel": false,
    "IsBiffe": false,
    "WeightconversionFactor": "0",
    "IsWeightArticle": false,
    "nutriscoreLabel": "C",
    "IsBio": false,
    "CountryOfOrigin": "HONGARIJE",
    "IsExclusivelySoldInLuxembourg": false,
    "OrderUnit": "P",
    "ShortName": "AIKI NOODLE.CHICK.CUP68",
    "IsNew": false,
    "EcoscoreLabel": "B",
    "RecentQuanityOfStockUnits": "1,8",
    "LongName": "AIKI noodles chicken cup 68g",
    "FicCode": "E",
    "EcoscoreValue": "62"
  },
  {
    "productId": "947",
    "technicalArticleNumber": "28892",
    "commercialArticleNumber": "28892",
    "name": "groene olijven met look",
    "description": "*Groen\n*Ontpit\n*Griekenland\n*Met look",
    "brand": "BONI",
    "seoBrand": "Boni Selection",
    "thumbNail": "https://static.colruytgroup.com/images/200x200/std.lang.all/87/04/asset-2738704.jpg",
    "fullImage": "https://static.colruytgroup.com/images/500x500/std.lang.all/87/04/asset-2738704.jpg",
    "squareImage": "https://static.colruytgroup.com/images/500x500sq/std.lang.all/87/04/asset-2738704.jpg",
    "content": "150g",
    "walkRouteSequenceNumber": 7686,
    "price": {
      "basicPrice": 2.89,
      "recommendedQuantity": "1.0",
      "measurementUnitPrice": 19.27,
      "measurementUnit": "K",
      "isRedPrice": false,
      "pricePerUOM": 19.27,
      "activationDate": "02-01-2024",
      "recordSource": "Offline",
      "isPromoActive": "N",
      "priceChangeCode": "E"
    },
    "isAvailable": true,
    "isPriceAvailable": true,
    "inPromo": false,
    "gtin": [
      "05400141088922",
      "05400141980707",
      "15400141740728",
      "05400141740721",
      "05400141406214",
      "15400141980704",
      "15400141088929"
    ],
    "topCategoryName": "Chips/Borrelhapjes",
    "topCategoryId": "306",
    "businessDomain": "RETAIL_BE",
    "IsPrivateLabel": true,
    "IsBiffe": false,
    "WeightconversionFactor": "0",
    "IsWeightArticle": false,
    "nutriscoreLabel": "C",
    "IsBio": false,
    "CountryOfOrigin": "GRIEKENLAND",
    "IsExclusivelySoldInLuxembourg": false,
    "OrderUnit": "P",
    "ShortName": "BONI GR.OLI.LOOK 150 GR",
    "IsNew": false,
    "EcoscoreLabel": "B",
    "RecentQuanityOfStockUnits": "1",
    "LongName": "BONI groene olijven met look 150g",
    "AlcoholVolume": "0",
    "FicCode": "I",
    "EcoscoreValue": "75"
  },
  {
    "productId": "609",
    "technicalArticleNumber": "5935",
    "commercialArticleNumber": "5935",
    "name": "ruwe rietsuikerklontjes FT",
    "brand": "CANDICO",
    "seoBrand": "Candico",
    "thumbNail": "https://static.colruytgroup.com/images/200x200/std.lang.all/95/64/asset-639564.jpg",
    "fullImage": "https://static.colruytgroup.com/images/500x500/std.lang.all/95/64/asset-639564.jpg",
    "squareImage": "https://static.colruytgroup.com/images/500x500sq/std.lang.all/95/64/asset-639564.jpg",
    "content": "1kg",
    "walkRouteSequenceNumber": 9204,
    "price": {
      "basicPrice": 3.7,
      "recommendedQuantity": "1.0",
      "measurementUnitPrice": 3.7,
      "measurementUnit": "K",
      "isRedPrice": false,
      "pricePerUOM": 3.7,
      "activationDate": "22-03-2024",
      "recordSource": "Offline",
      "isPromoActive": "N",
      "priceChangeCode": "H"
    },
    "isAvailable": true,
    "isPriceAvailable": true,
    "inPromo": false,
    "gtin": [
      "05410301311067",
      "05410301318790",
      "15410301311125"
    ],
    "topCategoryName": "Kruidenierswaren/Droge voeding",
    "topCategoryId": "233",
    "businessDomain": "RETAIL_BE",
    "IsPrivateLabel": false,
    "IsBiffe": false,
    "WeightconversionFactor": "0",
    "IsWeightArticle": false,
    "nutriscoreLabel": "E",
    "IsBio": false,
    "CountryOfOrigin": "BELGIË",
    "IsExclusivelySoldInLuxembourg": false,
    "OrderUnit": "P",
    "ShortName": "FT CAND RIETS KLONT 1KG",
    "IsNew": false,
    "EcoscoreLabel": "B",
    "RecentQuanityOfStockUnits": "1,5",
    "LongName": "CANDICO ruwe rietsuikerklontjes FT 1kg",
    "AlcoholVolume": "0",
    "FicCode": "E",
    "EcoscoreValue": "69"
  },
  {
    "productId": "12774",
    "technicalArticleNumber": "1334825",
    "commercialArticleNumber": "15522",
    "name": "paneermeel original",
    "description": "*Van versgebakken\nbrood\n*Paneren kroketten\n*Zonder bewaarmiddel\n*Paneren vlees/vis",
    "brand": "ANCO",
    "seoBrand": "Anco",
    "thumbNail": "https://static.colruytgroup.com/images/200x200/std.lang.all/70/27/asset-857027.jpg",
    "fullImage": "https://static.colruytgroup.com/images/500x500/std.lang.all/70/27/asset-857027.jpg",
    "squareImage": "https://static.colruytgroup.com/images/500x500sq/std.lang.all/70/27/asset-857027.jpg",
    "content": "200g",
    "walkRouteSequenceNumber": 9709,
    "price": {
      "basicPrice": 0.59,
      "recommendedQuantity": "4.0",
      "measurementUnitPrice": 2.95,
      "measurementUnit": "K",
      "isRedPrice": false,
      "pricePerUOM": 2.95,
      "activationDate": "14-11-2023",
      "recordSource": "Offline",
      "isPromoActive": "N",
      "priceChangeCode": "E"
    },
    "isAvailable": true,
    "isPriceAvailable": true,
    "inPromo": false,
    "gtin": [
      "05410028632469",
      "15410028632466",
      "05410018302150",
      "55410028630132",
      "05410028630137",
      "05410018302167",
      "65410018302152"
    ],
    "topCategoryName": "Kruidenierswaren/Droge voeding",
    "topCategoryId": "233",
    "businessDomain": "RETAIL_BE",
    "IsPrivateLabel": false,
    "IsBiffe": false,
    "WeightconversionFactor": "0",
    "IsWeightArticle": false,
    "nutriscoreLabel": "B",
    "IsBio": false,
    "CountryOfOrigin": "BELGIË",
    "IsExclusivelySoldInLuxembourg": false,
    "OrderUnit": "P",
    "ShortName": "ANCO PANEERMEEL 200G",
    "InSeason": true,
    "IsNew": false,
    "RecentQuanityOfStockUnits": "1,1,12,4",
    "LongName": "ANCO paneermeel original 200g",
    "AlcoholVolume": "0",
    "StartSeasonDate": "16/08/2021",
    "FicCode": "E"
  },
  {
    "productId": "827",
    "technicalArticleNumber": "13031",
    "commercialArticleNumber": "13031",
    "name": "olie arachide",
    "description": "*Frituren, wokken,\nbasis voor sauzen\n*100% arachideolie",
    "brand": "BONI",
    "seoBrand": "Boni Selection",
    "thumbNail": "https://static.colruytgroup.com/images/200x200/std.lang.all/09/98/asset-2080998.jpg",
    "fullImage": "https://static.colruytgroup.com/images/500x500/std.lang.all/09/98/asset-2080998.jpg",
    "squareImage": "https://static.colruytgroup.com/images/500x500sq/std.lang.all/09/98/asset-2080998.jpg",
    "content": "1L",
    "walkRouteSequenceNumber": 9125,
    "price": {
      "basicPrice": 2.99,
      "recommendedQuantity": "1.0",
      "measurementUnitPrice": 2.99,
      "measurementUnit": "L",
      "isRedPrice": false,
      "pricePerUOM": 2.99,
      "activationDate": "14-11-2023",
      "recordSource": "Offline",
      "isPromoActive": "N",
      "priceChangeCode": "E"
    },
    "isAvailable": true,
    "isPriceAvailable": true,
    "inPromo": false,
    "gtin": [
      "15400141192374",
      "05400141117219",
      "05400141192377",
      "05400141345438"
    ],
    "topCategoryName": "Kruidenierswaren/Droge voeding",
    "topCategoryId": "233",
    "businessDomain": "RETAIL_BE",
    "IsPrivateLabel": true,
    "IsBiffe": false,
    "WeightconversionFactor": "0",
    "IsWeightArticle": false,
    "nutriscoreLabel": "C",
    "IsBio": false,
    "CountryOfOrigin": "BELGIË",
    "IsExclusivelySoldInLuxembourg": false,
    "OrderUnit": "P",
    "ShortName": "BONI ARACHIDE OLIE1L",
    "InSeason": true,
    "IsNew": false,
    "EcoscoreLabel": "D",
    "RecentQuanityOfStockUnits": "15,1",
    "LongName": "BONI olie arachide 1L",
    "AlcoholVolume": "0",
    "StartSeasonDate": "19/11/2012",
    "FicCode": "I",
    "EcoscoreValue": "23"
  },
  {
    "productId": "670864",
    "technicalArticleNumber": "4383169",
    "commercialArticleNumber": "24385",
    "name": "basilico saus",
    "brand": "BONI",
    "seoBrand": "Boni Selection",
    "thumbNail": "https://static.colruytgroup.com/images/200x200/std.lang.all/11/42/asset-3361142.jpg",
    "fullImage": "https://static.colruytgroup.com/images/500x500/std.lang.all/11/42/asset-3361142.jpg",
    "squareImage": "https://static.colruytgroup.com/images/500x500sq/std.lang.all/11/42/asset-3361142.jpg",
    "content": "420g",
    "walkRouteSequenceNumber": 8333,
    "price": {
      "basicPrice": 1.05,
      "recommendedQuantity": "1.0",
      "measurementUnitPrice": 2.5,
      "measurementUnit": "K",
      "isRedPrice": false,
      "pricePerUOM": 2.5,
      "activationDate": "16-03-2024",
      "recordSource": "Offline",
      "isPromoActive": "N",
      "priceChangeCode": "H"
    },
    "isAvailable": true,
    "isPriceAvailable": true,
    "inPromo": false,
    "gtin": [
      "05400141501346",
      "15400141501343"
    ],
    "topCategoryName": "Kruidenierswaren/Droge voeding",
    "topCategoryId": "233",
    "businessDomain": "RETAIL_BE",
    "IsPrivateLabel": true,
    "IsBiffe": false,
    "WeightconversionFactor": "0",
    "IsWeightArticle": false,
    "nutriscoreLabel": "A",
    "IsBio": false,
    "CountryOfOrigin": "ITALIË",
    "IsExclusivelySoldInLuxembourg": false,
    "OrderUnit": "P",
    "ShortName": "BONI BASILICO SAUS 420G",
    "IsNew": false,
    "EcoscoreLabel": "A",
    "RecentQuanityOfStockUnits": "1,12",
    "LongName": "BONI basilico saus 420g",
    "FicCode": "I",
    "EcoscoreValue": "92"
  },
  {
    "productId": "10560",
    "technicalArticleNumber": "1395977",
    "commercialArticleNumber": "13533",
    "name": "azijn 7°",
    "description": "*Huishoudelijk\ngebruik",
    "brand": "DE BLAUWE HAND",
    "seoBrand": "De Blauwe Hand",
    "thumbNail": "https://static.colruytgroup.com/images/200x200/std.lang.all/28/61/asset-372861.jpg",
    "fullImage": "https://static.colruytgroup.com/images/500x500/std.lang.all/28/61/asset-372861.jpg",
    "squareImage": "https://static.colruytgroup.com/images/500x500sq/std.lang.all/28/61/asset-372861.jpg",
    "content": "75cl",
    "walkRouteSequenceNumber": 9148,
    "price": {
      "basicPrice": 0.79,
      "recommendedQuantity": "1.0",
      "measurementUnitPrice": 1.06,
      "measurementUnit": "L",
      "isRedPrice": false,
      "pricePerUOM": 1.06,
      "activationDate": "14-11-2023",
      "recordSource": "Offline",
      "isPromoActive": "N",
      "priceChangeCode": "E"
    },
    "isAvailable": true,
    "isPriceAvailable": true,
    "inPromo": false,
    "gtin": [
      "05410056777927",
      "05410056177925"
    ],
    "topCategoryName": "Kruidenierswaren/Droge voeding",
    "topCategoryId": "233",
    "businessDomain": "RETAIL_BE",
    "IsPrivateLabel": false,
    "IsBiffe": false,
    "WeightconversionFactor": "0",
    "IsWeightArticle": false,
    "nutriscoreLabel": "A",
    "IsBio": false,
    "CountryOfOrigin": "BELGIË",
    "IsExclusivelySoldInLuxembourg": false,
    "OrderUnit": "P",
    "ShortName": "BLAUWE HAND AZ 75CL",
    "IsNew": false,
    "EcoscoreLabel": "B",
    "RecentQuanityOfStockUnits": "12,1",
    "LongName": "DE BLAUWE HAND azijn 7° 75cl",
    "AlcoholVolume": "0",
    "FicCode": "E",
    "EcoscoreValue": "71"
  },
  {
    "productId": "24203",
    "technicalArticleNumber": "1957095",
    "commercialArticleNumber": "3358",
    "name": "penne rigate n.73",
    "description": "*Italië\n*kooktijd: 11minuten\n*Eiwit: 12,5 g/100 g",
    "brand": "BARILLA",
    "seoBrand": "Barilla",
    "thumbNail": "https://static.colruytgroup.com/images/200x200/std.lang.all/27/97/asset-3002797.jpg",
    "fullImage": "https://static.colruytgroup.com/images/500x500/std.lang.all/27/97/asset-3002797.jpg",
    "squareImage": "https://static.colruytgroup.com/images/500x500sq/std.lang.all/27/97/asset-3002797.jpg",
    "content": "500g",
    "walkRouteSequenceNumber": 8225,
    "price": {
      "basicPrice": 2.19,
      "recommendedQuantity": "1.0",
      "measurementUnitPrice": 4.38,
      "measurementUnit": "K",
      "isRedPrice": false,
      "pricePerUOM": 4.38,
      "activationDate": "14-03-2024",
      "recordSource": "Offline",
      "isPromoActive": "N",
      "priceChangeCode": "E"
    },
    "isAvailable": true,
    "isPriceAvailable": true,
    "inPromo": false,
    "gtin": [
      "08076809072571",
      "08076809074544",
      "08076802085738"
    ],
    "topCategoryName": "Kruidenierswaren/Droge voeding",
    "topCategoryId": "233",
    "businessDomain": "RETAIL_BE",
    "IsPrivateLabel": false,
    "IsBiffe": false,
    "WeightconversionFactor": "0",
    "IsWeightArticle": false,
    "nutriscoreLabel": "A",
    "IsBio": false,
    "CountryOfOrigin": "ITALIË",
    "IsExclusivelySoldInLuxembourg": false,
    "OrderUnit": "P",
    "ShortName": "BARILLA PENNE RIGA 500G",
    "IsNew": false,
    "EcoscoreLabel": "B",
    "RecentQuanityOfStockUnits": "1,12",
    "LongName": "BARILLA penne rigate n.73 500g",
    "AlcoholVolume": "0",
    "FicCode": "E",
    "EcoscoreValue": "60"
  },
  {
    "productId": "291562",
    "technicalArticleNumber": "3689959",
    "commercialArticleNumber": "34023",
    "name": "olijven mix Grieks",
    "brand": "BONI",
    "seoBrand": "Boni Selection",
    "thumbNail": "https://static.colruytgroup.com/images/200x200/std.lang.all/87/59/asset-2768759.jpg",
    "fullImage": "https://static.colruytgroup.com/images/500x500/std.lang.all/87/59/asset-2768759.jpg",
    "squareImage": "https://static.colruytgroup.com/images/500x500sq/std.lang.all/87/59/asset-2768759.jpg",
    "content": "150g",
    "walkRouteSequenceNumber": 7688,
    "price": {
      "basicPrice": 2.89,
      "recommendedQuantity": "1.0",
      "quantityPrice": 2.66,
      "quantityPriceQuantity": "3.0",
      "measurementUnitPrice": 19.27,
      "measurementUnitQuantityPrice": 17.74,
      "measurementUnit": "K",
      "isRedPrice": false,
      "pricePerUOM": 19.27,
      "activationDate": "17-11-2023",
      "isPromoActive": "N",
      "priceChangeCode": "E",
      "quantityPricePerUOM": 17.74,
      "quantityActivationDate": "17-11-2023",
      "quantityPriceChangeCode": "E"
    },
    "isAvailable": true,
    "isPriceAvailable": true,
    "inPromo": false,
    "gtin": [
      "05400141352481",
      "05400141387438",
      "05400141226676",
      "05400141986877",
      "15400141986874"
    ],
    "topCategoryName": "Chips/Borrelhapjes",
    "topCategoryId": "306",
    "businessDomain": "RETAIL_BE",
    "IsPrivateLabel": true,
    "IsBiffe": false,
    "WeightconversionFactor": "0",
    "IsWeightArticle": false,
    "nutriscoreLabel": "C",
    "IsBio": false,
    "CountryOfOrigin": "GRIEKENLAND",
    "IsExclusivelySoldInLuxembourg": false,
    "OrderUnit": "P",
    "ShortName": "BONI OLIJVENMIX 150GR",
    "IsNew": false,
    "EcoscoreLabel": "A",
    "RecentQuanityOfStockUnits": "1",
    "LongName": "BONI olijven mix Grieks 150g",
    "AlcoholVolume": "0",
    "FicCode": "I",
    "EcoscoreValue": "85"
  },
  {
    "productId": "7255",
    "technicalArticleNumber": "1160391",
    "commercialArticleNumber": "14554",
    "name": "lasagne",
    "description": "*Italië\n*kooktijd:\n30 a 40 minuten\n*Eiwit: 12 g/100 g",
    "brand": "BONI",
    "seoBrand": "Boni Selection",
    "thumbNail": "https://static.colruytgroup.com/images/200x200/std.lang.all/60/83/asset-2076083.jpg",
    "fullImage": "https://static.colruytgroup.com/images/500x500/std.lang.all/60/83/asset-2076083.jpg",
    "squareImage": "https://static.colruytgroup.com/images/500x500sq/std.lang.all/60/83/asset-2076083.jpg",
    "content": "500g",
    "walkRouteSequenceNumber": 8097,
    "price": {
      "basicPrice": 1.69,
      "recommendedQuantity": "1.0",
      "quantityPrice": 1.49,
      "quantityPriceQuantity": "4.0",
      "measurementUnitPrice": 3.38,
      "measurementUnitQuantityPrice": 2.98,
      "measurementUnit": "K",
      "isRedPrice": false,
      "pricePerUOM": 3.38,
      "activationDate": "20-03-2024",
      "recordSource": "Offline",
      "isPromoActive": "N",
      "priceChangeCode": "E",
      "quantityPricePerUOM": 2.98,
      "quantityActivationDate": "20-03-2024",
      "quantityPriceChangeCode": "L"
    },
    "isAvailable": true,
    "isPriceAvailable": true,
    "inPromo": false,
    "gtin": [
      "05400141211610",
      "05400141245547",
      "05400141187274",
      "05400141164114",
      "05400141308761",
      "15400141187271",
      "15400141211617",
      "15400141308768",
      "15400141507079",
      "15400141240822",
      "05400141507072",
      "05400141433791",
      "15400141433798"
    ],
    "topCategoryName": "Kruidenierswaren/Droge voeding",
    "topCategoryId": "233",
    "businessDomain": "RETAIL_BE",
    "IsPrivateLabel": true,
    "IsBiffe": false,
    "WeightconversionFactor": "0",
    "IsWeightArticle": false,
    "nutriscoreLabel": "A",
    "IsBio": false,
    "CountryOfOrigin": "ITALIË",
    "IsExclusivelySoldInLuxembourg": false,
    "OrderUnit": "P",
    "ShortName": "BONI LASAGNE 500G",
    "IsNew": false,
    "EcoscoreLabel": "B",
    "RecentQuanityOfStockUnits": "12,1,1",
    "LongName": "BONI lasagne 500g",
    "AlcoholVolume": "0",
    "FicCode": "I",
    "EcoscoreValue": "74"
  },
  {
    "productId": "804",
    "technicalArticleNumber": "13487",
    "commercialArticleNumber": "13487",
    "name": "kappertjes azijn",
    "description": "Kappertjes op azijn. Lekker bij filet\namericain, in sausen, op belegde\nbroodjes, bij visgerechten of op\npizza.",
    "brand": "BONI",
    "seoBrand": "Boni Selection",
    "thumbNail": "https://static.colruytgroup.com/images/200x200/std.lang.all/61/01/asset-3176101.jpg",
    "fullImage": "https://static.colruytgroup.com/images/500x500/std.lang.all/61/01/asset-3176101.jpg",
    "squareImage": "https://static.colruytgroup.com/images/500x500sq/std.lang.all/61/01/asset-3176101.jpg",
    "content": "100g",
    "walkRouteSequenceNumber": 16380,
    "price": {
      "basicPrice": 0.89,
      "recommendedQuantity": "1.0",
      "measurementUnitPrice": 14.84,
      "measurementUnit": "K",
      "isRedPrice": false,
      "pricePerUOM": 14.84,
      "activationDate": "14-11-2023",
      "recordSource": "Offline",
      "isPromoActive": "N",
      "priceChangeCode": "E"
    },
    "isAvailable": true,
    "isPriceAvailable": true,
    "inPromo": false,
    "gtin": [
      "05400141034516",
      "05400141057492",
      "05400141134872",
      "05400141216677",
      "05400141353006",
      "15400141216674",
      "15400141353003"
    ],
    "topCategoryName": "Kruidenierswaren/Droge voeding",
    "topCategoryId": "233",
    "businessDomain": "RETAIL_BE",
    "IsPrivateLabel": true,
    "IsBiffe": false,
    "WeightconversionFactor": "0",
    "IsWeightArticle": false,
    "nutriscoreLabel": "E",
    "IsBio": false,
    "CountryOfOrigin": "SPANJE",
    "IsExclusivelySoldInLuxembourg": false,
    "OrderUnit": "P",
    "ShortName": "BONI KAPPERS 100G",
    "IsNew": false,
    "RecentQuanityOfStockUnits": "1,12",
    "LongName": "BONI kappertjes azijn 100g",
    "AlcoholVolume": "0",
    "FicCode": "I"
  },
  {
    "productId": "169",
    "technicalArticleNumber": "15417",
    "commercialArticleNumber": "15417",
    "name": "rijstwafel",
    "description": "*Rijstwafel, rond,\nmet zeezout en sesam",
    "brand": "BONI BIO",
    "seoBrand": "Boni Selection Bio",
    "thumbNail": "https://static.colruytgroup.com/images/200x200/std.lang.all/05/00/asset-2310500.jpg",
    "fullImage": "https://static.colruytgroup.com/images/500x500/std.lang.all/05/00/asset-2310500.jpg",
    "squareImage": "https://static.colruytgroup.com/images/500x500sq/std.lang.all/05/00/asset-2310500.jpg",
    "content": "100g",
    "walkRouteSequenceNumber": 17122,
    "price": {
      "basicPrice": 0.607,
      "recommendedQuantity": "1.0",
      "measurementUnitPrice": 6.07,
      "measurementUnit": "K",
      "isRedPrice": false,
      "pricePerUOM": 6.07,
      "activationDate": "16-03-2024",
      "recordSource": "Offline",
      "isPromoActive": "N",
      "priceChangeCode": "H"
    },
    "isAvailable": true,
    "isPriceAvailable": true,
    "inPromo": false,
    "gtin": [
      "15400141443568",
      "35400141443562",
      "05400141443561",
      "05400141022414",
      "05400141022421",
      "05400141154177",
      "05400141154184",
      "05400141213188",
      "05400141294170",
      "05400141358896",
      "05400141359206",
      "05400141359213",
      "15400141358893",
      "15400141828617",
      "25400141358890"
    ],
    "topCategoryName": "Brood/Ontbijt",
    "topCategoryId": "124",
    "businessDomain": "RETAIL_BE",
    "IsPrivateLabel": true,
    "IsBiffe": false,
    "WeightconversionFactor": "0",
    "IsWeightArticle": false,
    "nutriscoreLabel": "B",
    "IsBio": true,
    "CountryOfOrigin": "BELGIË",
    "IsExclusivelySoldInLuxembourg": false,
    "OrderUnit": "P",
    "ShortName": "BONI BIO RIJSTWAFEL 100",
    "IsNew": false,
    "EcoscoreLabel": "B",
    "RecentQuanityOfStockUnits": "1,3,24,1,3",
    "LongName": "BONI BIO rijstwafel 100g",
    "AlcoholVolume": "0",
    "FicCode": "I",
    "EcoscoreValue": "63"
  },
  {
    "productId": "571611",
    "technicalArticleNumber": "4217276",
    "commercialArticleNumber": "12658",
    "name": "kandij cassonade bruin",
    "brand": "CANDICO",
    "seoBrand": "Candico",
    "thumbNail": "https://static.colruytgroup.com/images/200x200/std.lang.all/35/33/asset-1993533.jpg",
    "fullImage": "https://static.colruytgroup.com/images/500x500/std.lang.all/35/33/asset-1993533.jpg",
    "squareImage": "https://static.colruytgroup.com/images/500x500sq/std.lang.all/35/33/asset-1993533.jpg",
    "content": "1kg",
    "walkRouteSequenceNumber": 9297,
    "price": {
      "basicPrice": 2.95,
      "recommendedQuantity": "1.0",
      "measurementUnitPrice": 2.95,
      "measurementUnit": "K",
      "isRedPrice": false,
      "pricePerUOM": 2.95,
      "activationDate": "22-03-2024",
      "recordSource": "Offline",
      "isPromoActive": "N",
      "priceChangeCode": "H"
    },
    "isAvailable": true,
    "isPriceAvailable": true,
    "inPromo": false,
    "gtin": [
      "05410301043180",
      "05410256004410"
    ],
    "topCategoryName": "Kruidenierswaren/Droge voeding",
    "topCategoryId": "233",
    "businessDomain": "RETAIL_BE",
    "IsPrivateLabel": false,
    "IsBiffe": false,
    "WeightconversionFactor": "0",
    "IsWeightArticle": false,
    "nutriscoreLabel": "E",
    "IsBio": false,
    "CountryOfOrigin": "BELGIË",
    "IsExclusivelySoldInLuxembourg": false,
    "OrderUnit": "P",
    "ShortName": "CAND CASS.KANDIJ BRUIN1",
    "IsNew": false,
    "EcoscoreLabel": "A",
    "RecentQuanityOfStockUnits": "8,1",
    "LongName": "CANDICO kandij cassonade bruin 1kg",
    "FicCode": "E",
    "EcoscoreValue": "81"
  },
  {
    "productId": "100451",
    "technicalArticleNumber": "2865395",
    "commercialArticleNumber": "34577",
    "name": "pud.powder vanille gv lv",
    "description": "Op basis van geselecteerde\nmeelsoorten. Kookpudding.\nKoud of warm opdienen.\nVanillesmaak.\n*Glutenvrij",
    "brand": "IMPERIAL",
    "seoBrand": "Imperial",
    "thumbNail": "https://static.colruytgroup.com/images/200x200/std.lang.all/21/68/asset-1392168.jpg",
    "fullImage": "https://static.colruytgroup.com/images/500x500/std.lang.all/21/68/asset-1392168.jpg",
    "squareImage": "https://static.colruytgroup.com/images/500x500sq/std.lang.all/21/68/asset-1392168.jpg",
    "content": "7x50g",
    "walkRouteSequenceNumber": 9577,
    "price": {
      "basicPrice": 1.79,
      "recommendedQuantity": "1.0",
      "quantityPrice": 1.72,
      "quantityPriceQuantity": "3.0",
      "measurementUnitPrice": 5.12,
      "measurementUnitQuantityPrice": 4.92,
      "measurementUnit": "K",
      "isRedPrice": false,
      "pricePerUOM": 5.12,
      "activationDate": "22-03-2024",
      "recordSource": "Offline",
      "isPromoActive": "N",
      "priceChangeCode": "E",
      "quantityPricePerUOM": 4.92,
      "quantityActivationDate": "22-03-2024",
      "quantityPriceChangeCode": "E"
    },
    "isAvailable": true,
    "isPriceAvailable": true,
    "inPromo": false,
    "gtin": [
      "05414972105475",
      "05414972705477"
    ],
    "topCategoryName": "Kruidenierswaren/Droge voeding",
    "topCategoryId": "233",
    "businessDomain": "RETAIL_BE",
    "IsPrivateLabel": false,
    "IsBiffe": false,
    "WeightconversionFactor": "0",
    "IsWeightArticle": false,
    "nutriscoreLabel": "C",
    "IsBio": false,
    "CountryOfOrigin": "BELGIË",
    "IsExclusivelySoldInLuxembourg": false,
    "OrderUnit": "P",
    "ShortName": "IMPER PUD VAN 7X50GR",
    "IsNew": false,
    "RecentQuanityOfStockUnits": "1,12",
    "LongName": "IMPERIAL pud.powder vanille gv lv 7x50g",
    "AlcoholVolume": "0",
    "FicCode": "E"
  },
  {
    "productId": "181051",
    "technicalArticleNumber": "3369183",
    "commercialArticleNumber": "20359",
    "name": "spirelli volkoren",
    "description": "*kooktijd:9 minuten\n*Eiwit: 13,5 g/100 g",
    "brand": "BONI",
    "seoBrand": "Boni Selection",
    "thumbNail": "https://static.colruytgroup.com/images/200x200/std.lang.all/16/07/asset-3331607.jpg",
    "fullImage": "https://static.colruytgroup.com/images/500x500/std.lang.all/16/07/asset-3331607.jpg",
    "squareImage": "https://static.colruytgroup.com/images/500x500sq/std.lang.all/16/07/asset-3331607.jpg",
    "content": "500g",
    "walkRouteSequenceNumber": 8163,
    "price": {
      "basicPrice": 1.09,
      "recommendedQuantity": "2.0",
      "quantityPrice": 0.892,
      "quantityPriceQuantity": "4.0",
      "measurementUnitPrice": 2.18,
      "measurementUnitQuantityPrice": 1.79,
      "measurementUnit": "K",
      "isRedPrice": false,
      "pricePerUOM": 2.18,
      "activationDate": "20-03-2024",
      "recordSource": "Offline",
      "isPromoActive": "N",
      "priceChangeCode": "E",
      "quantityPricePerUOM": 1.79,
      "quantityActivationDate": "20-03-2024",
      "quantityPriceChangeCode": "H"
    },
    "isAvailable": true,
    "isPriceAvailable": true,
    "inPromo": false,
    "gtin": [
      "05400141358018",
      "15400141829751",
      "05400141301267",
      "05400141288391",
      "15400141768524",
      "05400141768527",
      "15400141301264"
    ],
    "topCategoryName": "Kruidenierswaren/Droge voeding",
    "topCategoryId": "233",
    "businessDomain": "RETAIL_BE",
    "IsPrivateLabel": true,
    "IsBiffe": false,
    "WeightconversionFactor": "0",
    "IsWeightArticle": false,
    "nutriscoreLabel": "A",
    "IsBio": false,
    "CountryOfOrigin": "BELGIË",
    "IsExclusivelySoldInLuxembourg": false,
    "OrderUnit": "P",
    "ShortName": "BONI SPIRELLI VOLK 500G",
    "IsNew": false,
    "EcoscoreLabel": "A",
    "RecentQuanityOfStockUnits": "2,1,1",
    "LongName": "BONI spirelli volkoren 500g",
    "AlcoholVolume": "0",
    "FicCode": "I",
    "EcoscoreValue": "98"
  },
  {
    "productId": "679012",
    "technicalArticleNumber": "4396658",
    "commercialArticleNumber": "24491",
    "name": "pastasaus tomaat mascarpone",
    "brand": "BONI",
    "seoBrand": "Boni Selection",
    "thumbNail": "https://static.colruytgroup.com/images/200x200/std.lang.all/92/18/asset-2859218.jpg",
    "fullImage": "https://static.colruytgroup.com/images/500x500/std.lang.all/92/18/asset-2859218.jpg",
    "squareImage": "https://static.colruytgroup.com/images/500x500sq/std.lang.all/92/18/asset-2859218.jpg",
    "content": "410g",
    "walkRouteSequenceNumber": 8334,
    "price": {
      "basicPrice": 2.48,
      "recommendedQuantity": "1.0",
      "measurementUnitPrice": 6.05,
      "measurementUnit": "K",
      "isRedPrice": false,
      "pricePerUOM": 6.05,
      "activationDate": "17-01-2024",
      "recordSource": "Offline",
      "isPromoActive": "N",
      "priceChangeCode": "H"
    },
    "isAvailable": true,
    "isPriceAvailable": true,
    "inPromo": false,
    "gtin": [
      "15400141607243",
      "05400141607246"
    ],
    "topCategoryName": "Kruidenierswaren/Droge voeding",
    "topCategoryId": "233",
    "businessDomain": "RETAIL_BE",
    "IsPrivateLabel": true,
    "IsBiffe": false,
    "WeightconversionFactor": "0",
    "IsWeightArticle": false,
    "nutriscoreLabel": "C",
    "IsBio": false,
    "CountryOfOrigin": "BELGIË",
    "IsExclusivelySoldInLuxembourg": false,
    "OrderUnit": "P",
    "ShortName": "BONI PASTASAUS TO.MA410",
    "IsNew": false,
    "EcoscoreLabel": "A",
    "RecentQuanityOfStockUnits": "1,12",
    "LongName": "BONI pastasaus tomaat mascarpone 410g",
    "FicCode": "I",
    "EcoscoreValue": "94"
  },
  {
    "productId": "200643",
    "technicalArticleNumber": "3422731",
    "commercialArticleNumber": "30377",
    "name": "guacamole mild",
    "description": "*Guacamole op basis\nvan Mexicaanse Hass\navocado's, met\ntomaat, paprika, ui\nen milde kruiding",
    "brand": "BONI",
    "seoBrand": "Boni Selection",
    "thumbNail": "https://static.colruytgroup.com/images/200x200/std.lang.all/94/03/asset-2439403.jpg",
    "fullImage": "https://static.colruytgroup.com/images/500x500/std.lang.all/94/03/asset-2439403.jpg",
    "squareImage": "https://static.colruytgroup.com/images/500x500sq/std.lang.all/94/03/asset-2439403.jpg",
    "content": "200g",
    "walkRouteSequenceNumber": 7763,
    "price": {
      "basicPrice": 2.99,
      "recommendedQuantity": "1.0",
      "quantityPrice": 2.75,
      "quantityPriceQuantity": "3.0",
      "measurementUnitPrice": 14.95,
      "measurementUnitQuantityPrice": 13.75,
      "measurementUnit": "K",
      "isRedPrice": false,
      "pricePerUOM": 14.95,
      "activationDate": "07-03-2024",
      "recordSource": "Offline",
      "isPromoActive": "N",
      "priceChangeCode": "E",
      "quantityPricePerUOM": 13.75,
      "quantityActivationDate": "07-03-2024",
      "quantityPriceChangeCode": "H"
    },
    "isAvailable": true,
    "isPriceAvailable": true,
    "inPromo": false,
    "gtin": [
      "05400141354478",
      "15400141354475",
      "15400141377078",
      "05400141440362",
      "15400141440369",
      "05400141216943"
    ],
    "topCategoryName": "Chips/Borrelhapjes",
    "topCategoryId": "306",
    "businessDomain": "RETAIL_BE",
    "IsPrivateLabel": true,
    "IsBiffe": false,
    "WeightconversionFactor": "0",
    "IsWeightArticle": false,
    "nutriscoreLabel": "A",
    "IsBio": false,
    "CountryOfOrigin": "BELGIË",
    "IsExclusivelySoldInLuxembourg": false,
    "OrderUnit": "P",
    "ShortName": "BONI GUACA MILD 200G",
    "IsNew": false,
    "EcoscoreLabel": "B",
    "RecentQuanityOfStockUnits": "1",
    "LongName": "BONI guacamole mild 200g",
    "AlcoholVolume": "0",
    "FicCode": "I",
    "EcoscoreValue": "64"
  },
  {
    "productId": "23232",
    "technicalArticleNumber": "2176737",
    "commercialArticleNumber": "14909",
    "name": "kruiden lookpoeder",
    "brand": "BONI",
    "seoBrand": "Boni Selection",
    "thumbNail": "https://static.colruytgroup.com/images/200x200/std.lang.all/10/40/asset-2711040.jpg",
    "fullImage": "https://static.colruytgroup.com/images/500x500/std.lang.all/10/40/asset-2711040.jpg",
    "squareImage": "https://static.colruytgroup.com/images/500x500sq/std.lang.all/10/40/asset-2711040.jpg",
    "content": "60g",
    "walkRouteSequenceNumber": 6434,
    "price": {
      "basicPrice": 0.677,
      "recommendedQuantity": "1.0",
      "measurementUnitPrice": 11.29,
      "measurementUnit": "K",
      "isRedPrice": false,
      "pricePerUOM": 11.29,
      "activationDate": "23-01-2024",
      "recordSource": "Offline",
      "isPromoActive": "N",
      "priceChangeCode": "H"
    },
    "isAvailable": true,
    "isPriceAvailable": true,
    "inPromo": false,
    "gtin": [
      "35400141126298",
      "05400141937039",
      "15400141937036",
      "05400141189919",
      "05400141099034",
      "05400141126297"
    ],
    "topCategoryName": "Kruidenierswaren/Droge voeding",
    "topCategoryId": "233",
    "businessDomain": "RETAIL_BE",
    "IsPrivateLabel": true,
    "IsBiffe": false,
    "WeightconversionFactor": "0",
    "IsWeightArticle": false,
    "nutriscoreLabel": "A",
    "IsBio": false,
    "CountryOfOrigin": "CHINA (VOLKSREBUPLIEK)",
    "IsExclusivelySoldInLuxembourg": false,
    "OrderUnit": "P",
    "ShortName": "BONI LOOKPOEDER FIJ 60G",
    "IsNew": false,
    "EcoscoreLabel": "A",
    "RecentQuanityOfStockUnits": "1,12",
    "LongName": "BONI kruiden lookpoeder 60g",
    "AlcoholVolume": "0",
    "FicCode": "I",
    "EcoscoreValue": "90"
  },
  {
    "productId": "80",
    "technicalArticleNumber": "14255",
    "commercialArticleNumber": "14255",
    "name": "langkorrelrijst parboiled",
    "description": "*Losse rijst\n*kooktijd:20 minuten",
    "brand": "EVERYDAY",
    "seoBrand": "Everyday",
    "thumbNail": "https://static.colruytgroup.com/images/200x200/std.lang.all/48/61/asset-724861.jpg",
    "fullImage": "https://static.colruytgroup.com/images/500x500/std.lang.all/48/61/asset-724861.jpg",
    "squareImage": "https://static.colruytgroup.com/images/500x500sq/std.lang.all/48/61/asset-724861.jpg",
    "content": "2kg",
    "walkRouteSequenceNumber": 8377,
    "price": {
      "basicPrice": 1.78,
      "recommendedQuantity": "1.0",
      "measurementUnitPrice": 0.89,
      "measurementUnit": "K",
      "isRedPrice": false,
      "pricePerUOM": 0.89,
      "activationDate": "14-11-2023",
      "recordSource": "Offline",
      "isPromoActive": "N",
      "priceChangeCode": "E"
    },
    "isAvailable": true,
    "isPriceAvailable": true,
    "inPromo": false,
    "gtin": [
      "15400141975298",
      "05400141070293"
    ],
    "topCategoryName": "Kruidenierswaren/Droge voeding",
    "topCategoryId": "233",
    "businessDomain": "RETAIL_BE",
    "IsPrivateLabel": true,
    "IsBiffe": false,
    "WeightconversionFactor": "0",
    "IsWeightArticle": false,
    "nutriscoreLabel": "B",
    "IsBio": false,
    "CountryOfOrigin": "ITALIË",
    "IsExclusivelySoldInLuxembourg": false,
    "OrderUnit": "P",
    "ShortName": "EVD PARBOILED RIJST 2KG",
    "IsNew": false,
    "EcoscoreLabel": "D",
    "RecentQuanityOfStockUnits": "6,1",
    "LongName": "EVERYDAY langkorrelrijst parboiled 2kg",
    "AlcoholVolume": "0",
    "FicCode": "I",
    "EcoscoreValue": "22"
  },
  {
    "productId": "830",
    "technicalArticleNumber": "13039",
    "commercialArticleNumber": "13039",
    "name": "frituurolie",
    "description": "* Frituren\n* Zonnebloemolie,\nzonnebloem- high\noleic, raapzaadolie\n* 12 à 14 bakbeurten",
    "brand": "BONI",
    "seoBrand": "Boni Selection",
    "thumbNail": "https://static.colruytgroup.com/images/200x200/std.lang.all/10/37/asset-2711037.jpg",
    "fullImage": "https://static.colruytgroup.com/images/500x500/std.lang.all/10/37/asset-2711037.jpg",
    "squareImage": "https://static.colruytgroup.com/images/500x500sq/std.lang.all/10/37/asset-2711037.jpg",
    "content": "2L",
    "walkRouteSequenceNumber": 8964,
    "price": {
      "basicPrice": 4.99,
      "recommendedQuantity": "1.0",
      "quantityPrice": 4.04,
      "quantityPriceQuantity": "2.0",
      "measurementUnitPrice": 2.5,
      "measurementUnitQuantityPrice": 2.02,
      "measurementUnit": "L",
      "isRedPrice": false,
      "pricePerUOM": 2.5,
      "activationDate": "20-03-2024",
      "recordSource": "Offline",
      "isPromoActive": "N",
      "priceChangeCode": "E",
      "quantityPricePerUOM": 2.02,
      "quantityActivationDate": "20-03-2024",
      "quantityPriceChangeCode": "H"
    },
    "isAvailable": true,
    "isPriceAvailable": true,
    "inPromo": false,
    "gtin": [
      "05400141636390",
      "15400141636397",
      "05400141117226",
      "05400141117233",
      "05400141130393",
      "05400141192810",
      "15400141957577"
    ],
    "topCategoryName": "Kruidenierswaren/Droge voeding",
    "topCategoryId": "233",
    "businessDomain": "RETAIL_BE",
    "IsPrivateLabel": true,
    "IsBiffe": false,
    "WeightconversionFactor": "0",
    "IsWeightArticle": false,
    "nutriscoreLabel": "C",
    "IsBio": false,
    "CountryOfOrigin": "BELGIË",
    "IsExclusivelySoldInLuxembourg": false,
    "OrderUnit": "P",
    "ShortName": "BONI FRITUUROLIE 2L",
    "IsNew": false,
    "EcoscoreLabel": "C",
    "RecentQuanityOfStockUnits": "6,1",
    "LongName": "BONI frituurolie 2L",
    "AlcoholVolume": "0",
    "FicCode": "I",
    "EcoscoreValue": "41"
  },
  {
    "productId": "25116",
    "technicalArticleNumber": "2176756",
    "commercialArticleNumber": "14938",
    "name": "zwarte peper molen",
    "brand": "BONI",
    "seoBrand": "Boni Selection",
    "thumbNail": "https://static.colruytgroup.com/images/200x200/std.lang.all/91/64/asset-1759164.jpg",
    "fullImage": "https://static.colruytgroup.com/images/500x500/std.lang.all/91/64/asset-1759164.jpg",
    "squareImage": "https://static.colruytgroup.com/images/500x500sq/std.lang.all/91/64/asset-1759164.jpg",
    "content": "35g",
    "walkRouteSequenceNumber": 6441,
    "price": {
      "basicPrice": 0.99,
      "recommendedQuantity": "1.0",
      "measurementUnitPrice": 28.29,
      "measurementUnit": "K",
      "isRedPrice": false,
      "pricePerUOM": 28.29,
      "activationDate": "17-02-2024",
      "recordSource": "Offline",
      "isPromoActive": "N",
      "priceChangeCode": "E"
    },
    "isAvailable": true,
    "isPriceAvailable": true,
    "inPromo": false,
    "gtin": [
      "05400141208191",
      "15400141208198",
      "05400141149388",
      "05400141098808"
    ],
    "topCategoryName": "Kruidenierswaren/Droge voeding",
    "topCategoryId": "233",
    "businessDomain": "RETAIL_BE",
    "IsPrivateLabel": true,
    "IsBiffe": false,
    "WeightconversionFactor": "0",
    "IsWeightArticle": false,
    "nutriscoreLabel": "A",
    "IsBio": false,
    "CountryOfOrigin": "DUITSLAND",
    "IsExclusivelySoldInLuxembourg": false,
    "OrderUnit": "P",
    "ShortName": "BONI ZW PEPER MOLEN 35G",
    "IsNew": false,
    "EcoscoreLabel": "E",
    "RecentQuanityOfStockUnits": "1,16",
    "LongName": "BONI zwarte peper molen 35g",
    "AlcoholVolume": "0",
    "FicCode": "I",
    "EcoscoreValue": "14"
  },
  {
    "productId": "10545",
    "technicalArticleNumber": "1394830",
    "commercialArticleNumber": "12523",
    "name": "bouillon Original kip",
    "description": "*Bouillonblokjes\n*Tuinkruiden\n*Kippensmaak\n*Laag in zout\n*Klaar voor gebruik",
    "brand": "KNORR",
    "seoBrand": "Knorr",
    "thumbNail": "https://static.colruytgroup.com/images/200x200/std.lang.all/09/23/asset-3450923.jpg",
    "fullImage": "https://static.colruytgroup.com/images/500x500/std.lang.all/09/23/asset-3450923.jpg",
    "squareImage": "https://static.colruytgroup.com/images/500x500sq/std.lang.all/09/23/asset-3450923.jpg",
    "content": "12st",
    "walkRouteSequenceNumber": 6536,
    "price": {
      "basicPrice": 1.9,
      "recommendedQuantity": "2.0",
      "measurementUnitPrice": 15.84,
      "measurementUnit": "K",
      "isRedPrice": false,
      "pricePerUOM": 15.84,
      "activationDate": "23-03-2024",
      "recordSource": "Offline",
      "isPromoActive": "N",
      "priceChangeCode": "L"
    },
    "isAvailable": true,
    "isPriceAvailable": true,
    "inPromo": false,
    "gtin": [
      "05411100133430",
      "08711100033073",
      "08720182721174",
      "08720182721167",
      "55400141660246",
      "05400141125238"
    ],
    "topCategoryName": "Kruidenierswaren/Droge voeding",
    "topCategoryId": "233",
    "businessDomain": "RETAIL_BE",
    "IsPrivateLabel": false,
    "IsBiffe": false,
    "WeightconversionFactor": "0",
    "IsWeightArticle": false,
    "nutriscoreLabel": "C",
    "IsBio": false,
    "CountryOfOrigin": "PORTUGAL",
    "IsExclusivelySoldInLuxembourg": false,
    "OrderUnit": "P",
    "ShortName": "KN ORIGINAL KIP 12ST",
    "IsNew": false,
    "EcoscoreLabel": "B",
    "RecentQuanityOfStockUnits": "2,1,1,12,3",
    "LongName": "KNORR bouillon Original kip 12st",
    "AlcoholVolume": "0",
    "FicCode": "E",
    "EcoscoreValue": "79"
  },
  {
    "productId": "6948",
    "technicalArticleNumber": "1154144",
    "commercialArticleNumber": "14520",
    "name": "gnocchi",
    "description": "*Italië\n*kooktijd:12-14\nminuten\n*Eiwit: 12,6g/100g",
    "brand": "BONI",
    "seoBrand": "Boni Selection",
    "thumbNail": "https://static.colruytgroup.com/images/200x200/std.lang.all/17/03/asset-1261703.jpg",
    "fullImage": "https://static.colruytgroup.com/images/500x500/std.lang.all/17/03/asset-1261703.jpg",
    "squareImage": "https://static.colruytgroup.com/images/500x500sq/std.lang.all/17/03/asset-1261703.jpg",
    "content": "500g",
    "walkRouteSequenceNumber": 8101,
    "price": {
      "basicPrice": 1.87,
      "recommendedQuantity": "2.0",
      "measurementUnitPrice": 3.74,
      "measurementUnit": "K",
      "isRedPrice": false,
      "pricePerUOM": 3.74,
      "activationDate": "14-11-2023",
      "isPromoActive": "N",
      "priceChangeCode": "E"
    },
    "isAvailable": true,
    "isPriceAvailable": true,
    "inPromo": false,
    "gtin": [
      "05400141004380",
      "05400141127034",
      "05400141285420",
      "05400141445206",
      "15400141004387",
      "15400141127031",
      "15400141285427",
      "00000025145205",
      "05400141102260"
    ],
    "topCategoryName": "Kruidenierswaren/Droge voeding",
    "topCategoryId": "233",
    "businessDomain": "RETAIL_BE",
    "IsPrivateLabel": true,
    "IsBiffe": false,
    "WeightconversionFactor": "0",
    "IsWeightArticle": false,
    "nutriscoreLabel": "A",
    "IsBio": false,
    "CountryOfOrigin": "ITALIË",
    "IsExclusivelySoldInLuxembourg": false,
    "OrderUnit": "P",
    "ShortName": "BONI GNOCCHI 500G",
    "IsNew": false,
    "EcoscoreLabel": "B",
    "RecentQuanityOfStockUnits": "10,1,2",
    "LongName": "BONI gnocchi 500g",
    "AlcoholVolume": "0",
    "FicCode": "I",
    "EcoscoreValue": "70"
  },
  {
    "productId": "4221",
    "technicalArticleNumber": "1009041",
    "commercialArticleNumber": "13574",
    "name": "Tomato ketchup",
    "brand": "HEINZ",
    "seoBrand": "Heinz",
    "thumbNail": "https://static.colruytgroup.com/images/200x200/std.lang.all/49/06/asset-794906.jpg",
    "fullImage": "https://static.colruytgroup.com/images/500x500/std.lang.all/49/06/asset-794906.jpg",
    "squareImage": "https://static.colruytgroup.com/images/500x500sq/std.lang.all/49/06/asset-794906.jpg",
    "content": "1,17L",
    "walkRouteSequenceNumber": 8187,
    "price": {
      "basicPrice": 3.74,
      "recommendedQuantity": "1.0",
      "measurementUnitPrice": 3.2,
      "measurementUnit": "L",
      "isRedPrice": false,
      "pricePerUOM": 3.2,
      "activationDate": "19-03-2024",
      "recordSource": "Offline",
      "isPromoActive": "N",
      "priceChangeCode": "L"
    },
    "isAvailable": true,
    "isPriceAvailable": true,
    "inPromo": false,
    "gtin": [
      "08715700515021",
      "08715700015026",
      "00013000007351",
      "08715700225623",
      "08715700124841"
    ],
    "topCategoryName": "Kruidenierswaren/Droge voeding",
    "topCategoryId": "233",
    "businessDomain": "RETAIL_BE",
    "IsPrivateLabel": false,
    "IsBiffe": false,
    "WeightconversionFactor": "0",
    "IsWeightArticle": false,
    "nutriscoreLabel": "D",
    "IsBio": false,
    "CountryOfOrigin": "EUROPA",
    "IsExclusivelySoldInLuxembourg": false,
    "OrderUnit": "P",
    "ShortName": "HEIN KETCHUP TOMAT1.17L",
    "InSeason": true,
    "IsNew": false,
    "EcoscoreLabel": "B",
    "RecentQuanityOfStockUnits": "1,6,1",
    "LongName": "HEINZ Tomato ketchup 1,17L",
    "AlcoholVolume": "0",
    "StartSeasonDate": "20/09/2022",
    "FicCode": "E",
    "EcoscoreValue": "74"
  },
  {
    "productId": "899",
    "technicalArticleNumber": "13654",
    "commercialArticleNumber": "13654",
    "name": "kruiden kip",
    "brand": "EVERYDAY",
    "seoBrand": "Everyday",
    "thumbNail": "https://static.colruytgroup.com/images/200x200/std.lang.all/26/05/asset-382605.jpg",
    "fullImage": "https://static.colruytgroup.com/images/500x500/std.lang.all/26/05/asset-382605.jpg",
    "squareImage": "https://static.colruytgroup.com/images/500x500sq/std.lang.all/26/05/asset-382605.jpg",
    "content": "170g",
    "walkRouteSequenceNumber": 6398,
    "price": {
      "basicPrice": 2.4,
      "recommendedQuantity": "1.0",
      "measurementUnitPrice": 14.12,
      "measurementUnit": "K",
      "isRedPrice": false,
      "pricePerUOM": 14.12,
      "activationDate": "21-03-2024",
      "recordSource": "Offline",
      "isPromoActive": "N",
      "priceChangeCode": "H"
    },
    "isAvailable": true,
    "isPriceAvailable": true,
    "inPromo": false,
    "gtin": [
      "05400141752304",
      "00000025136548",
      "05400141136548",
      "05400141136661",
      "05400141159776",
      "15400141159773"
    ],
    "topCategoryName": "Kruidenierswaren/Droge voeding",
    "topCategoryId": "233",
    "businessDomain": "RETAIL_BE",
    "IsPrivateLabel": true,
    "IsBiffe": false,
    "WeightconversionFactor": "0",
    "IsWeightArticle": false,
    "nutriscoreLabel": "D",
    "IsBio": false,
    "CountryOfOrigin": "BELGIË",
    "IsExclusivelySoldInLuxembourg": false,
    "OrderUnit": "P",
    "ShortName": "EVD KIPKRUIDEN 170GR",
    "IsNew": false,
    "EcoscoreLabel": "E",
    "RecentQuanityOfStockUnits": "1,28",
    "LongName": "EVERYDAY kruiden kip 170g",
    "AlcoholVolume": "0",
    "FicCode": "I",
    "EcoscoreValue": "7"
  },
  {
    "productId": "159925",
    "technicalArticleNumber": "3283623",
    "commercialArticleNumber": "38598",
    "name": "samourai saus TD",
    "brand": "BONI",
    "seoBrand": "Boni Selection",
    "thumbNail": "https://static.colruytgroup.com/images/200x200/std.lang.all/22/80/asset-2282280.jpg",
    "fullImage": "https://static.colruytgroup.com/images/500x500/std.lang.all/22/80/asset-2282280.jpg",
    "squareImage": "https://static.colruytgroup.com/images/500x500sq/std.lang.all/22/80/asset-2282280.jpg",
    "content": "300ml",
    "walkRouteSequenceNumber": 8122,
    "price": {
      "basicPrice": 1.27,
      "recommendedQuantity": "1.0",
      "quantityPrice": 1.06,
      "quantityPriceQuantity": "3.0",
      "measurementUnitPrice": 4.24,
      "measurementUnitQuantityPrice": 3.54,
      "measurementUnit": "L",
      "isRedPrice": false,
      "pricePerUOM": 4.24,
      "activationDate": "20-03-2024",
      "recordSource": "Offline",
      "isPromoActive": "N",
      "priceChangeCode": "E",
      "quantityPricePerUOM": 3.54,
      "quantityActivationDate": "20-03-2024",
      "quantityPriceChangeCode": "H"
    },
    "isAvailable": true,
    "isPriceAvailable": true,
    "inPromo": false,
    "gtin": [
      "15400141057840",
      "05400141288513",
      "05400141057843",
      "15400141956365",
      "15400141900535",
      "05400141900538"
    ],
    "topCategoryName": "Kruidenierswaren/Droge voeding",
    "topCategoryId": "233",
    "businessDomain": "RETAIL_BE",
    "IsPrivateLabel": true,
    "IsBiffe": false,
    "WeightconversionFactor": "0",
    "IsWeightArticle": false,
    "nutriscoreLabel": "E",
    "IsBio": false,
    "CountryOfOrigin": "BELGIË",
    "IsExclusivelySoldInLuxembourg": false,
    "OrderUnit": "P",
    "ShortName": "BONI SAMOURAISAUS TD300",
    "InSeason": true,
    "IsNew": false,
    "EcoscoreLabel": "D",
    "RecentQuanityOfStockUnits": "1,10",
    "LongName": "BONI samourai saus TD 300ml",
    "AlcoholVolume": "0",
    "StartSeasonDate": "03/11/2017",
    "FicCode": "I",
    "EcoscoreValue": "38"
  },
  {
    "productId": "190527",
    "technicalArticleNumber": "3471093",
    "commercialArticleNumber": "50417",
    "name": "saus chinese curry",
    "brand": "MANNA",
    "seoBrand": "Manna",
    "thumbNail": "https://static.colruytgroup.com/images/200x200/std.lang.all/94/45/asset-1819445.jpg",
    "fullImage": "https://static.colruytgroup.com/images/500x500/std.lang.all/94/45/asset-1819445.jpg",
    "squareImage": "https://static.colruytgroup.com/images/500x500sq/std.lang.all/94/45/asset-1819445.jpg",
    "content": "355g",
    "walkRouteSequenceNumber": 8253,
    "price": {
      "basicPrice": 1.19,
      "recommendedQuantity": "1.0",
      "measurementUnitPrice": 3.36,
      "measurementUnit": "K",
      "isRedPrice": false,
      "pricePerUOM": 3.36,
      "activationDate": "22-03-2024",
      "recordSource": "Offline",
      "isPromoActive": "N",
      "priceChangeCode": "H"
    },
    "isAvailable": true,
    "isPriceAvailable": true,
    "inPromo": false,
    "gtin": [
      "05412723015134",
      "05412723015110"
    ],
    "topCategoryName": "Kruidenierswaren/Droge voeding",
    "topCategoryId": "233",
    "businessDomain": "RETAIL_BE",
    "IsPrivateLabel": false,
    "IsBiffe": false,
    "WeightconversionFactor": "0",
    "IsWeightArticle": false,
    "nutriscoreLabel": "C",
    "IsBio": false,
    "CountryOfOrigin": "BELGIË",
    "IsExclusivelySoldInLuxembourg": false,
    "OrderUnit": "P",
    "ShortName": "MANNA CHINESE CURRY355G",
    "IsNew": false,
    "EcoscoreLabel": "A",
    "RecentQuanityOfStockUnits": "12,1",
    "LongName": "MANNA saus chinese curry 355g",
    "AlcoholVolume": "0",
    "FicCode": "E",
    "EcoscoreValue": "100"
  },
  {
    "productId": "686685",
    "technicalArticleNumber": "4410184",
    "commercialArticleNumber": "24995",
    "name": "gegrilde groentensaus",
    "brand": "BONI",
    "seoBrand": "Boni Selection",
    "thumbNail": "https://static.colruytgroup.com/images/200x200/std.lang.all/81/68/asset-3028168.jpg",
    "fullImage": "https://static.colruytgroup.com/images/500x500/std.lang.all/81/68/asset-3028168.jpg",
    "squareImage": "https://static.colruytgroup.com/images/500x500sq/std.lang.all/81/68/asset-3028168.jpg",
    "content": "410g",
    "walkRouteSequenceNumber": 8332,
    "price": {
      "basicPrice": 1.05,
      "recommendedQuantity": "1.0",
      "measurementUnitPrice": 2.57,
      "measurementUnit": "K",
      "isRedPrice": false,
      "pricePerUOM": 2.57,
      "activationDate": "10-02-2024",
      "recordSource": "Offline",
      "isPromoActive": "N",
      "priceChangeCode": "E"
    },
    "isAvailable": true,
    "isPriceAvailable": true,
    "inPromo": false,
    "gtin": [
      "05400141608939",
      "15400141608936"
    ],
    "topCategoryName": "Kruidenierswaren/Droge voeding",
    "topCategoryId": "233",
    "businessDomain": "RETAIL_BE",
    "IsPrivateLabel": true,
    "IsBiffe": false,
    "WeightconversionFactor": "0",
    "IsWeightArticle": false,
    "nutriscoreLabel": "A",
    "IsBio": false,
    "CountryOfOrigin": "BELGIË",
    "IsExclusivelySoldInLuxembourg": false,
    "OrderUnit": "P",
    "ShortName": "BONI GEGR.GROENTENS410",
    "IsNew": false,
    "EcoscoreLabel": "A",
    "RecentQuanityOfStockUnits": "1,12",
    "LongName": "BONI gegrilde groentensaus 410g",
    "FicCode": "I",
    "EcoscoreValue": "94"
  },
  {
    "productId": "138645",
    "technicalArticleNumber": "3202565",
    "commercialArticleNumber": "15858",
    "name": "rijst thai kookbuiltjes",
    "description": "*Kookbuiltjes\n*kooktijd:12 minuten",
    "brand": "BONI",
    "seoBrand": "Boni Selection",
    "thumbNail": "https://static.colruytgroup.com/images/200x200/std.lang.all/55/31/asset-3205531.jpg",
    "fullImage": "https://static.colruytgroup.com/images/500x500/std.lang.all/55/31/asset-3205531.jpg",
    "squareImage": "https://static.colruytgroup.com/images/500x500sq/std.lang.all/55/31/asset-3205531.jpg",
    "content": "4x125g",
    "walkRouteSequenceNumber": 8315,
    "price": {
      "basicPrice": 1.15,
      "recommendedQuantity": "1.0",
      "quantityPrice": 0.89,
      "quantityPriceQuantity": "2.0",
      "measurementUnitPrice": 2.3,
      "measurementUnitQuantityPrice": 1.78,
      "measurementUnit": "K",
      "isRedPrice": false,
      "pricePerUOM": 2.3,
      "activationDate": "20-03-2024",
      "recordSource": "Offline",
      "isPromoActive": "N",
      "priceChangeCode": "E",
      "quantityPricePerUOM": 1.78,
      "quantityActivationDate": "20-03-2024",
      "quantityPriceChangeCode": "L"
    },
    "isAvailable": true,
    "isPriceAvailable": true,
    "inPromo": false,
    "gtin": [
      "15400141240648",
      "05400141240641",
      "05400141301304",
      "05400141184624",
      "15400141301301",
      "05400141380125"
    ],
    "topCategoryName": "Kruidenierswaren/Droge voeding",
    "topCategoryId": "233",
    "businessDomain": "RETAIL_BE",
    "IsPrivateLabel": true,
    "IsBiffe": false,
    "WeightconversionFactor": "0",
    "IsWeightArticle": false,
    "nutriscoreLabel": "B",
    "IsBio": false,
    "CountryOfOrigin": "THAILAND",
    "IsExclusivelySoldInLuxembourg": false,
    "OrderUnit": "P",
    "ShortName": "BONI KOOKB THAI 4X125GR",
    "IsNew": false,
    "EcoscoreLabel": "E",
    "RecentQuanityOfStockUnits": "1,16",
    "LongName": "BONI rijst thai kookbuiltjes 4x125g",
    "AlcoholVolume": "0",
    "FicCode": "I",
    "EcoscoreValue": "10"
  },
  {
    "productId": "258440",
    "technicalArticleNumber": "3592190",
    "commercialArticleNumber": "12201",
    "name": "mayonaise met citroen TD",
    "description": "*Met scharreleieren",
    "brand": "BONI",
    "seoBrand": "Boni Selection",
    "thumbNail": "https://static.colruytgroup.com/images/200x200/std.lang.all/18/76/asset-3141876.jpg",
    "fullImage": "https://static.colruytgroup.com/images/500x500/std.lang.all/18/76/asset-3141876.jpg",
    "squareImage": "https://static.colruytgroup.com/images/500x500sq/std.lang.all/18/76/asset-3141876.jpg",
    "content": "500ml",
    "walkRouteSequenceNumber": 8080,
    "price": {
      "basicPrice": 1.49,
      "recommendedQuantity": "1.0",
      "quantityPrice": 1.11,
      "quantityPriceQuantity": "2.0",
      "measurementUnitPrice": 2.98,
      "measurementUnitQuantityPrice": 2.22,
      "measurementUnit": "L",
      "isRedPrice": false,
      "pricePerUOM": 2.98,
      "activationDate": "20-03-2024",
      "recordSource": "Offline",
      "isPromoActive": "N",
      "priceChangeCode": "E",
      "quantityPricePerUOM": 2.22,
      "quantityActivationDate": "20-03-2024",
      "quantityPriceChangeCode": "H"
    },
    "isAvailable": true,
    "isPriceAvailable": true,
    "inPromo": false,
    "gtin": [
      "15400141044505",
      "05400141044508",
      "05400141896145",
      "15400141896142",
      "05400141526370",
      "15400141526377",
      "05400141267679",
      "15400141267676"
    ],
    "topCategoryName": "Kruidenierswaren/Droge voeding",
    "topCategoryId": "233",
    "businessDomain": "RETAIL_BE",
    "IsPrivateLabel": true,
    "IsBiffe": false,
    "WeightconversionFactor": "0",
    "IsWeightArticle": false,
    "nutriscoreLabel": "E",
    "IsBio": false,
    "CountryOfOrigin": "BELGIË",
    "IsExclusivelySoldInLuxembourg": false,
    "OrderUnit": "P",
    "ShortName": "BONI TD MAYO CITROEN500",
    "InSeason": true,
    "IsNew": false,
    "EcoscoreLabel": "C",
    "RecentQuanityOfStockUnits": "1,12",
    "LongName": "BONI mayonaise met citroen TD 500ml",
    "AlcoholVolume": "0",
    "StartSeasonDate": "03/01/2023",
    "FicCode": "I",
    "EcoscoreValue": "42"
  },
  {
    "productId": "18792",
    "technicalArticleNumber": "1771704",
    "commercialArticleNumber": "19299",
    "name": "soepparels",
    "description": "*Soepparels",
    "brand": "BONI",
    "seoBrand": "Boni Selection",
    "thumbNail": "https://static.colruytgroup.com/images/200x200/std.lang.all/67/97/asset-686797.jpg",
    "fullImage": "https://static.colruytgroup.com/images/500x500/std.lang.all/67/97/asset-686797.jpg",
    "squareImage": "https://static.colruytgroup.com/images/500x500sq/std.lang.all/67/97/asset-686797.jpg",
    "content": "200g",
    "walkRouteSequenceNumber": 16996,
    "price": {
      "basicPrice": 1.19,
      "recommendedQuantity": "1.0",
      "measurementUnitPrice": 5.95,
      "measurementUnit": "K",
      "isRedPrice": false,
      "pricePerUOM": 5.95,
      "activationDate": "14-11-2023",
      "recordSource": "Offline",
      "isPromoActive": "N",
      "priceChangeCode": "E"
    },
    "isAvailable": true,
    "isPriceAvailable": true,
    "inPromo": false,
    "gtin": [
      "05400141210767",
      "15400141956198",
      "09001411222006",
      "09001411222051",
      "15400141394440",
      "05400141394443"
    ],
    "topCategoryName": "Kruidenierswaren/Droge voeding",
    "topCategoryId": "233",
    "businessDomain": "RETAIL_BE",
    "IsPrivateLabel": true,
    "IsBiffe": false,
    "WeightconversionFactor": "0",
    "IsWeightArticle": false,
    "nutriscoreLabel": "E",
    "IsBio": false,
    "CountryOfOrigin": "OOSTENRIJK",
    "IsExclusivelySoldInLuxembourg": false,
    "OrderUnit": "P",
    "ShortName": "BONI SOEPPARELS 200GR",
    "IsNew": false,
    "EcoscoreLabel": "C",
    "RecentQuanityOfStockUnits": "1,16",
    "LongName": "BONI soepparels 200g",
    "AlcoholVolume": "0",
    "FicCode": "I",
    "EcoscoreValue": "43"
  },
  {
    "productId": "70",
    "technicalArticleNumber": "14158",
    "commercialArticleNumber": "14158",
    "name": "vanillesuiker",
    "description": "*Voor gebak en\ndesserten",
    "brand": "DR.OETKER",
    "seoBrand": "Dr.Oetker",
    "thumbNail": "https://static.colruytgroup.com/images/200x200/std.lang.all/47/02/asset-1244702.jpg",
    "fullImage": "https://static.colruytgroup.com/images/500x500/std.lang.all/47/02/asset-1244702.jpg",
    "squareImage": "https://static.colruytgroup.com/images/500x500sq/std.lang.all/47/02/asset-1244702.jpg",
    "content": "10st",
    "walkRouteSequenceNumber": 9441,
    "price": {
      "basicPrice": 0.99,
      "recommendedQuantity": "1.0",
      "measurementUnitPrice": 12.38,
      "measurementUnit": "K",
      "isRedPrice": false,
      "pricePerUOM": 12.38,
      "activationDate": "02-02-2024",
      "recordSource": "Offline",
      "isPromoActive": "N",
      "priceChangeCode": "E"
    },
    "isAvailable": true,
    "isPriceAvailable": true,
    "inPromo": false,
    "gtin": [
      "05410231101127",
      "05410231030045"
    ],
    "topCategoryName": "Kruidenierswaren/Droge voeding",
    "topCategoryId": "233",
    "businessDomain": "RETAIL_BE",
    "IsPrivateLabel": false,
    "IsBiffe": false,
    "WeightconversionFactor": "0",
    "IsWeightArticle": false,
    "nutriscoreLabel": "E",
    "IsBio": false,
    "CountryOfOrigin": "FRANKRIJK",
    "IsExclusivelySoldInLuxembourg": false,
    "OrderUnit": "P",
    "ShortName": "OETK GEVANIL.SUIKER10",
    "IsNew": false,
    "RecentQuanityOfStockUnits": "1,20",
    "LongName": "DR.OETKER vanillesuiker 10st",
    "AlcoholVolume": "0",
    "FicCode": "E"
  },
  {
    "productId": "862756",
    "technicalArticleNumber": "4714134",
    "commercialArticleNumber": "31886",
    "name": "beschuiten",
    "description": "*Beschuiten,\nvierkant, natuur",
    "brand": "EVERYDAY",
    "seoBrand": "Everyday",
    "thumbNail": "https://static.colruytgroup.com/images/200x200/std.lang.all/23/85/asset-3412385.jpg",
    "fullImage": "https://static.colruytgroup.com/images/500x500/std.lang.all/23/85/asset-3412385.jpg",
    "squareImage": "https://static.colruytgroup.com/images/500x500sq/std.lang.all/23/85/asset-3412385.jpg",
    "content": "500g",
    "walkRouteSequenceNumber": 17072,
    "price": {
      "basicPrice": 1.8,
      "recommendedQuantity": "1.0",
      "quantityPrice": 1.35,
      "quantityPriceQuantity": "2.0",
      "measurementUnitPrice": 3.6,
      "measurementUnitQuantityPrice": 2.7,
      "measurementUnit": "K",
      "isRedPrice": false,
      "pricePerUOM": 3.6,
      "activationDate": "20-03-2024",
      "recordSource": "Offline",
      "isPromoActive": "N",
      "priceChangeCode": "E",
      "quantityPricePerUOM": 2.7,
      "quantityActivationDate": "20-03-2024",
      "quantityPriceChangeCode": "H"
    },
    "isAvailable": true,
    "isPriceAvailable": true,
    "inPromo": false,
    "gtin": [
      "15400141893226",
      "05400141893229"
    ],
    "topCategoryName": "Brood/Ontbijt",
    "topCategoryId": "124",
    "businessDomain": "RETAIL_BE",
    "IsPrivateLabel": true,
    "IsBiffe": false,
    "WeightconversionFactor": "0",
    "IsWeightArticle": false,
    "nutriscoreLabel": "C",
    "IsBio": false,
    "CountryOfOrigin": "GRIEKENLAND",
    "IsExclusivelySoldInLuxembourg": false,
    "OrderUnit": "P",
    "ShortName": "EVD BESCHUITEN 500G",
    "IsNew": false,
    "EcoscoreLabel": "B",
    "RecentQuanityOfStockUnits": "12,1",
    "LongName": "EVERYDAY beschuiten 500g",
    "AlcoholVolume": "0",
    "FicCode": "I",
    "EcoscoreValue": "75"
  },
  {
    "productId": "32",
    "technicalArticleNumber": "14932",
    "commercialArticleNumber": "14932",
    "name": "bindmiddel wit",
    "description": "*Sausbinder\n*Makkelijk bereiden\n*Glutenvrij\n*Zonder klonters\n*Culinaire hulp",
    "brand": "MAIZENA EXPRESS",
    "seoBrand": "Maizena Express",
    "thumbNail": "https://static.colruytgroup.com/images/200x200/std.lang.all/62/50/asset-2796250.jpg",
    "fullImage": "https://static.colruytgroup.com/images/500x500/std.lang.all/62/50/asset-2796250.jpg",
    "squareImage": "https://static.colruytgroup.com/images/500x500sq/std.lang.all/62/50/asset-2796250.jpg",
    "content": "250g",
    "walkRouteSequenceNumber": 9704,
    "price": {
      "basicPrice": 1.99,
      "recommendedQuantity": "2.0",
      "measurementUnitPrice": 7.96,
      "measurementUnit": "K",
      "isRedPrice": false,
      "pricePerUOM": 7.96,
      "activationDate": "02-02-2024",
      "recordSource": "Offline",
      "isPromoActive": "N",
      "priceChangeCode": "E"
    },
    "isAvailable": true,
    "isPriceAvailable": true,
    "inPromo": false,
    "gtin": [
      "05400141349320",
      "08711100180050",
      "08711100080053"
    ],
    "topCategoryName": "Kruidenierswaren/Droge voeding",
    "topCategoryId": "233",
    "businessDomain": "RETAIL_BE",
    "IsPrivateLabel": false,
    "IsBiffe": false,
    "WeightconversionFactor": "0",
    "IsWeightArticle": false,
    "nutriscoreLabel": "D",
    "IsBio": false,
    "CountryOfOrigin": "DUITSLAND",
    "IsExclusivelySoldInLuxembourg": false,
    "OrderUnit": "P",
    "ShortName": "MAIZENA EXPRES WIT 250G",
    "IsNew": false,
    "EcoscoreLabel": "B",
    "RecentQuanityOfStockUnits": "2,16,1",
    "LongName": "MAIZENA EXPRESS bindmiddel wit 250g",
    "AlcoholVolume": "0",
    "FicCode": "E",
    "EcoscoreValue": "73"
  },
  {
    "productId": "855",
    "technicalArticleNumber": "13163",
    "commercialArticleNumber": "13163",
    "name": "kruiden paprika",
    "brand": "BONI",
    "seoBrand": "Boni Selection",
    "thumbNail": "https://static.colruytgroup.com/images/200x200/std.lang.all/83/62/asset-3028362.jpg",
    "fullImage": "https://static.colruytgroup.com/images/500x500/std.lang.all/83/62/asset-3028362.jpg",
    "squareImage": "https://static.colruytgroup.com/images/500x500sq/std.lang.all/83/62/asset-3028362.jpg",
    "content": "50g",
    "walkRouteSequenceNumber": 6389,
    "price": {
      "basicPrice": 0.822,
      "recommendedQuantity": "1.0",
      "measurementUnitPrice": 16.44,
      "measurementUnit": "K",
      "isRedPrice": false,
      "pricePerUOM": 16.44,
      "activationDate": "24-02-2024",
      "recordSource": "Offline",
      "isPromoActive": "N",
      "priceChangeCode": "L"
    },
    "isAvailable": true,
    "isPriceAvailable": true,
    "inPromo": false,
    "gtin": [
      "05400141098969",
      "05400141131635",
      "05400141170405",
      "15400141098966"
    ],
    "topCategoryName": "Kruidenierswaren/Droge voeding",
    "topCategoryId": "233",
    "businessDomain": "RETAIL_BE",
    "IsPrivateLabel": true,
    "IsBiffe": false,
    "WeightconversionFactor": "0",
    "IsWeightArticle": false,
    "nutriscoreLabel": "A",
    "IsBio": false,
    "CountryOfOrigin": "SPANJE",
    "IsExclusivelySoldInLuxembourg": false,
    "OrderUnit": "P",
    "ShortName": "BONI PAPRIKA 50G",
    "IsNew": false,
    "EcoscoreLabel": "E",
    "RecentQuanityOfStockUnits": "1,12",
    "LongName": "BONI kruiden paprika 50g",
    "AlcoholVolume": "0",
    "FicCode": "I",
    "EcoscoreValue": "17"
  },
  {
    "productId": "892",
    "technicalArticleNumber": "13352",
    "commercialArticleNumber": "13352",
    "name": "mosterd L'Impériale",
    "brand": "BISTER",
    "seoBrand": "Bister",
    "thumbNail": "https://static.colruytgroup.com/images/200x200/std.lang.all/33/60/asset-783360.jpg",
    "fullImage": "https://static.colruytgroup.com/images/500x500/std.lang.all/33/60/asset-783360.jpg",
    "squareImage": "https://static.colruytgroup.com/images/500x500sq/std.lang.all/33/60/asset-783360.jpg",
    "content": "250g",
    "walkRouteSequenceNumber": 8236,
    "price": {
      "basicPrice": 1.69,
      "recommendedQuantity": "1.0",
      "measurementUnitPrice": 6.76,
      "measurementUnit": "K",
      "isRedPrice": false,
      "pricePerUOM": 6.76,
      "activationDate": "28-02-2024",
      "recordSource": "Offline",
      "isPromoActive": "N",
      "priceChangeCode": "H"
    },
    "isAvailable": true,
    "isPriceAvailable": true,
    "inPromo": false,
    "gtin": [
      "05410641100000",
      "05410641900112"
    ],
    "topCategoryName": "Kruidenierswaren/Droge voeding",
    "topCategoryId": "233",
    "businessDomain": "RETAIL_BE",
    "IsPrivateLabel": false,
    "IsBiffe": false,
    "WeightconversionFactor": "0",
    "IsWeightArticle": false,
    "nutriscoreLabel": "E",
    "IsBio": false,
    "CountryOfOrigin": "BELGIË",
    "IsExclusivelySoldInLuxembourg": false,
    "OrderUnit": "P",
    "ShortName": "BISTER IMP MOSTERD250G",
    "IsNew": false,
    "EcoscoreLabel": "B",
    "RecentQuanityOfStockUnits": "1,12",
    "LongName": "BISTER mosterd L'Impériale 250g",
    "AlcoholVolume": "0",
    "FicCode": "E",
    "EcoscoreValue": "66"
  },
  {
    "productId": "113215",
    "technicalArticleNumber": "3002190",
    "commercialArticleNumber": "8446",
    "name": "gevulde kerspaprika",
    "description": "*Kerspaprika gevuld\nmet roomkaas",
    "brand": "BONI",
    "seoBrand": "Boni Selection",
    "thumbNail": "https://static.colruytgroup.com/images/200x200/std.lang.all/91/85/asset-2429185.jpg",
    "fullImage": "https://static.colruytgroup.com/images/500x500/std.lang.all/91/85/asset-2429185.jpg",
    "squareImage": "https://static.colruytgroup.com/images/500x500sq/std.lang.all/91/85/asset-2429185.jpg",
    "content": "150g",
    "walkRouteSequenceNumber": 7673,
    "price": {
      "basicPrice": 2.19,
      "recommendedQuantity": "1.0",
      "measurementUnitPrice": 14.6,
      "measurementUnit": "K",
      "isRedPrice": false,
      "pricePerUOM": 14.6,
      "activationDate": "08-03-2024",
      "recordSource": "Offline",
      "isPromoActive": "N",
      "priceChangeCode": "L"
    },
    "isAvailable": true,
    "isPriceAvailable": true,
    "inPromo": false,
    "gtin": [
      "15400141979258",
      "05400141979251",
      "05400141165838",
      "15400141970972",
      "15400141972235",
      "15400141442158",
      "05400141278576",
      "05400141214086",
      "05400141157284",
      "05400141081978",
      "05400141073584",
      "05400141506631",
      "15400141506638"
    ],
    "topCategoryName": "Chips/Borrelhapjes",
    "topCategoryId": "306",
    "businessDomain": "RETAIL_BE",
    "IsPrivateLabel": true,
    "IsBiffe": false,
    "WeightconversionFactor": "0",
    "IsWeightArticle": false,
    "nutriscoreLabel": "D",
    "IsBio": false,
    "CountryOfOrigin": "DUITSLAND",
    "IsExclusivelySoldInLuxembourg": false,
    "OrderUnit": "P",
    "ShortName": "BONI GEV.KERSPAPRI.150G",
    "IsNew": false,
    "RecentQuanityOfStockUnits": "1,1",
    "LongName": "BONI gevulde kerspaprika 150g",
    "AlcoholVolume": "0",
    "FicCode": "I"
  },
  {
    "productId": "475445",
    "technicalArticleNumber": "4063445",
    "commercialArticleNumber": "7078",
    "name": "bolognaise saus",
    "brand": "EVERYDAY",
    "seoBrand": "Everyday",
    "thumbNail": "https://static.colruytgroup.com/images/200x200/std.lang.all/62/35/asset-3346235.jpg",
    "fullImage": "https://static.colruytgroup.com/images/500x500/std.lang.all/62/35/asset-3346235.jpg",
    "squareImage": "https://static.colruytgroup.com/images/500x500sq/std.lang.all/62/35/asset-3346235.jpg",
    "content": "990g",
    "walkRouteSequenceNumber": 8397,
    "price": {
      "basicPrice": 2.06,
      "recommendedQuantity": "1.0",
      "measurementUnitPrice": 2.09,
      "measurementUnit": "K",
      "isRedPrice": false,
      "pricePerUOM": 2.09,
      "activationDate": "28-09-2023",
      "recordSource": "Offline",
      "isPromoActive": "N",
      "priceChangeCode": "E"
    },
    "isAvailable": true,
    "isPriceAvailable": true,
    "inPromo": false,
    "gtin": [
      "15400141672395",
      "05400141672398",
      "15400141266822",
      "05400141266825"
    ],
    "topCategoryName": "Kruidenierswaren/Droge voeding",
    "topCategoryId": "233",
    "businessDomain": "RETAIL_BE",
    "IsPrivateLabel": true,
    "IsBiffe": false,
    "WeightconversionFactor": "0",
    "IsWeightArticle": false,
    "nutriscoreLabel": "A",
    "IsBio": false,
    "CountryOfOrigin": "BELGIË",
    "IsExclusivelySoldInLuxembourg": false,
    "OrderUnit": "P",
    "ShortName": "EVD BOLOGNAISESAUS 990G",
    "IsNew": false,
    "EcoscoreLabel": "D",
    "RecentQuanityOfStockUnits": "6,1,6,1",
    "LongName": "EVERYDAY bolognaise saus 990g",
    "FicCode": "I",
    "EcoscoreValue": "36"
  },
  {
    "productId": "617",
    "technicalArticleNumber": "5963",
    "commercialArticleNumber": "5963",
    "name": "fijn keukenzout met jodium",
    "description": "*Gejodeerd zout",
    "brand": "JOZO",
    "seoBrand": "Jozo",
    "thumbNail": "https://static.colruytgroup.com/images/200x200/std.lang.all/88/53/asset-3448853.jpg",
    "fullImage": "https://static.colruytgroup.com/images/500x500/std.lang.all/88/53/asset-3448853.jpg",
    "squareImage": "https://static.colruytgroup.com/images/500x500sq/std.lang.all/88/53/asset-3448853.jpg",
    "content": "1kg",
    "walkRouteSequenceNumber": 6496,
    "price": {
      "basicPrice": 1.69,
      "recommendedQuantity": "1.0",
      "measurementUnitPrice": 1.69,
      "measurementUnit": "K",
      "isRedPrice": false,
      "pricePerUOM": 1.69,
      "activationDate": "12-01-2024",
      "recordSource": "Offline",
      "isPromoActive": "N",
      "priceChangeCode": "H"
    },
    "isAvailable": true,
    "isPriceAvailable": true,
    "inPromo": false,
    "gtin": [
      "00000087158168",
      "08715800100349",
      "08715800100844",
      "08715800100899"
    ],
    "topCategoryName": "Kruidenierswaren/Droge voeding",
    "topCategoryId": "233",
    "businessDomain": "RETAIL_BE",
    "IsPrivateLabel": false,
    "IsBiffe": false,
    "WeightconversionFactor": "0",
    "IsWeightArticle": false,
    "nutriscoreLabel": "E",
    "IsBio": false,
    "CountryOfOrigin": "NEDERLAND",
    "IsExclusivelySoldInLuxembourg": false,
    "OrderUnit": "P",
    "ShortName": "JOZO ZOUT JODIUM 1KG",
    "IsNew": false,
    "EcoscoreLabel": "A",
    "RecentQuanityOfStockUnits": "1,12",
    "LongName": "JOZO fijn keukenzout met jodium 1kg",
    "AlcoholVolume": "0",
    "FicCode": "E",
    "EcoscoreValue": "100"
  },
  {
    "productId": "18258",
    "technicalArticleNumber": "1712076",
    "commercialArticleNumber": "13357",
    "name": "mosterd Dijon",
    "brand": "EVERYDAY",
    "seoBrand": "Everyday",
    "thumbNail": "https://static.colruytgroup.com/images/200x200/std.lang.all/21/85/asset-3342185.jpg",
    "fullImage": "https://static.colruytgroup.com/images/500x500/std.lang.all/21/85/asset-3342185.jpg",
    "squareImage": "https://static.colruytgroup.com/images/500x500sq/std.lang.all/21/85/asset-3342185.jpg",
    "content": "370g",
    "walkRouteSequenceNumber": 8231,
    "price": {
      "basicPrice": 1.25,
      "recommendedQuantity": "1.0",
      "measurementUnitPrice": 3.38,
      "measurementUnit": "K",
      "isRedPrice": false,
      "pricePerUOM": 3.38,
      "activationDate": "30-01-2024",
      "recordSource": "Offline",
      "isPromoActive": "N",
      "priceChangeCode": "H"
    },
    "isAvailable": true,
    "isPriceAvailable": true,
    "inPromo": false,
    "gtin": [
      "05400141210460",
      "05400141533576",
      "15400141956129",
      "05400141857955",
      "05400141719598",
      "05400141561135"
    ],
    "topCategoryName": "Kruidenierswaren/Droge voeding",
    "topCategoryId": "233",
    "businessDomain": "RETAIL_BE",
    "IsPrivateLabel": true,
    "IsBiffe": false,
    "WeightconversionFactor": "0",
    "IsWeightArticle": false,
    "nutriscoreLabel": "E",
    "IsBio": false,
    "CountryOfOrigin": "NEDERLAND",
    "IsExclusivelySoldInLuxembourg": false,
    "OrderUnit": "P",
    "ShortName": "EVD DIJONMOSTERD370",
    "InSeason": true,
    "IsNew": false,
    "EcoscoreLabel": "B",
    "RecentQuanityOfStockUnits": "1,1,12",
    "LongName": "EVERYDAY mosterd Dijon 370g",
    "AlcoholVolume": "0",
    "StartSeasonDate": "27/12/2022",
    "FicCode": "I",
    "EcoscoreValue": "67"
  },
  {
    "productId": "879",
    "technicalArticleNumber": "13233",
    "commercialArticleNumber": "13233",
    "name": "laurierblaadjes zakje",
    "description": "*Geeft smaak aan\nsauzen, soepen,\nstoofpotjes",
    "brand": "BONI",
    "seoBrand": "Boni Selection",
    "thumbNail": "https://static.colruytgroup.com/images/200x200/std.lang.all/98/87/asset-1829887.jpg",
    "fullImage": "https://static.colruytgroup.com/images/500x500/std.lang.all/98/87/asset-1829887.jpg",
    "squareImage": "https://static.colruytgroup.com/images/500x500sq/std.lang.all/98/87/asset-1829887.jpg",
    "content": "20g",
    "walkRouteSequenceNumber": 6488,
    "price": {
      "basicPrice": 1.8,
      "recommendedQuantity": "1.0",
      "measurementUnitPrice": 90,
      "measurementUnit": "K",
      "isRedPrice": false,
      "pricePerUOM": 90,
      "activationDate": "17-01-2024",
      "recordSource": "Offline",
      "isPromoActive": "N",
      "priceChangeCode": "E"
    },
    "isAvailable": true,
    "isPriceAvailable": true,
    "inPromo": false,
    "gtin": [
      "05400141099416",
      "05400141632330",
      "15400141959021"
    ],
    "topCategoryName": "Kruidenierswaren/Droge voeding",
    "topCategoryId": "233",
    "businessDomain": "RETAIL_BE",
    "IsPrivateLabel": true,
    "IsBiffe": false,
    "WeightconversionFactor": "0",
    "IsWeightArticle": false,
    "IsBio": false,
    "CountryOfOrigin": "TURKIJE",
    "IsExclusivelySoldInLuxembourg": false,
    "OrderUnit": "P",
    "ShortName": "BONI ZAKJE LAURIER 20G",
    "IsNew": false,
    "EcoscoreLabel": "A",
    "RecentQuanityOfStockUnits": "1",
    "LongName": "BONI laurierblaadjes zakje 20g",
    "AlcoholVolume": "0",
    "FicCode": "I",
    "EcoscoreValue": "90"
  },
  {
    "productId": "26832",
    "technicalArticleNumber": "1979517",
    "commercialArticleNumber": "15324",
    "name": "beschuit Naturel",
    "description": "*Beschuiten,\nvierkant, natuur\n*Met 97 % granen",
    "brand": "LU HEUDEBERT",
    "seoBrand": "LU Heudebert",
    "thumbNail": "https://static.colruytgroup.com/images/200x200/std.lang.all/70/31/asset-1467031.jpg",
    "fullImage": "https://static.colruytgroup.com/images/500x500/std.lang.all/70/31/asset-1467031.jpg",
    "squareImage": "https://static.colruytgroup.com/images/500x500sq/std.lang.all/70/31/asset-1467031.jpg",
    "content": "300g",
    "walkRouteSequenceNumber": 17080,
    "price": {
      "basicPrice": 1.79,
      "recommendedQuantity": "1.0",
      "measurementUnitPrice": 5.97,
      "measurementUnit": "K",
      "isRedPrice": false,
      "pricePerUOM": 5.97,
      "activationDate": "02-02-2024",
      "recordSource": "Offline",
      "isPromoActive": "N",
      "priceChangeCode": "E"
    },
    "isAvailable": true,
    "isPriceAvailable": true,
    "inPromo": false,
    "gtin": [
      "05410041145502",
      "25410041145506"
    ],
    "topCategoryName": "Brood/Ontbijt",
    "topCategoryId": "124",
    "businessDomain": "RETAIL_BE",
    "IsPrivateLabel": false,
    "IsBiffe": false,
    "WeightconversionFactor": "0",
    "IsWeightArticle": false,
    "nutriscoreLabel": "D",
    "IsBio": false,
    "CountryOfOrigin": "FRANKRIJK",
    "IsExclusivelySoldInLuxembourg": false,
    "OrderUnit": "P",
    "ShortName": "LU HEUDEB BESCH NAT300G",
    "IsNew": false,
    "RecentQuanityOfStockUnits": "1,15",
    "LongName": "LU HEUDEBERT beschuit Naturel 300g",
    "AlcoholVolume": "0",
    "FicCode": "E"
  },
  {
    "productId": "158",
    "technicalArticleNumber": "15062",
    "commercialArticleNumber": "15062",
    "name": "bladerdeeg pasteitjes 6st",
    "description": "*Bladerdeeghapje,\nom op te vullen\n*Vershoudzakjes\n2x3 stuks",
    "brand": "BONI",
    "seoBrand": "Boni Selection",
    "thumbNail": "https://static.colruytgroup.com/images/200x200/std.lang.all/16/72/asset-3361672.jpg",
    "fullImage": "https://static.colruytgroup.com/images/500x500/std.lang.all/16/72/asset-3361672.jpg",
    "squareImage": "https://static.colruytgroup.com/images/500x500sq/std.lang.all/16/72/asset-3361672.jpg",
    "content": "150g",
    "walkRouteSequenceNumber": 16995,
    "price": {
      "basicPrice": 1.48,
      "recommendedQuantity": "2.0",
      "measurementUnitPrice": 9.87,
      "measurementUnit": "K",
      "isRedPrice": false,
      "pricePerUOM": 9.87,
      "activationDate": "26-12-2023",
      "recordSource": "Offline",
      "isPromoActive": "N",
      "priceChangeCode": "H"
    },
    "isAvailable": true,
    "isPriceAvailable": true,
    "inPromo": false,
    "gtin": [
      "05400141528404",
      "15400141528401",
      "00000025150629",
      "05400141004953",
      "05400141057454",
      "05400141116090",
      "05400141273458",
      "15400141273455"
    ],
    "topCategoryName": "Brood/Ontbijt",
    "topCategoryId": "124",
    "businessDomain": "RETAIL_BE",
    "IsPrivateLabel": true,
    "IsBiffe": false,
    "WeightconversionFactor": "0",
    "IsWeightArticle": false,
    "nutriscoreLabel": "E",
    "IsBio": false,
    "CountryOfOrigin": "BELGIË",
    "IsExclusivelySoldInLuxembourg": false,
    "OrderUnit": "P",
    "ShortName": "BONI 6 BOUCHEE 150 G",
    "IsNew": false,
    "EcoscoreLabel": "B",
    "RecentQuanityOfStockUnits": "1,2,12",
    "LongName": "BONI bladerdeeg pasteitjes 6st 150g",
    "AlcoholVolume": "0",
    "FicCode": "I",
    "EcoscoreValue": "73"
  },
  {
    "productId": "678495",
    "technicalArticleNumber": "4395482",
    "commercialArticleNumber": "22330",
    "name": "arrabbiatta",
    "brand": "BONI",
    "seoBrand": "Boni Selection",
    "thumbNail": "https://static.colruytgroup.com/images/200x200/std.lang.all/81/64/asset-3028164.jpg",
    "fullImage": "https://static.colruytgroup.com/images/500x500/std.lang.all/81/64/asset-3028164.jpg",
    "squareImage": "https://static.colruytgroup.com/images/500x500sq/std.lang.all/81/64/asset-3028164.jpg",
    "content": "410g",
    "walkRouteSequenceNumber": 8338,
    "price": {
      "basicPrice": 1.85,
      "recommendedQuantity": "1.0",
      "measurementUnitPrice": 4.52,
      "measurementUnit": "K",
      "isRedPrice": false,
      "pricePerUOM": 4.52,
      "activationDate": "17-11-2023",
      "isPromoActive": "N",
      "priceChangeCode": "E"
    },
    "isAvailable": true,
    "isPriceAvailable": true,
    "inPromo": false,
    "gtin": [
      "05400141604627",
      "15400141604624"
    ],
    "topCategoryName": "Kruidenierswaren/Droge voeding",
    "topCategoryId": "233",
    "businessDomain": "RETAIL_BE",
    "IsPrivateLabel": true,
    "IsBiffe": false,
    "WeightconversionFactor": "0",
    "IsWeightArticle": false,
    "nutriscoreLabel": "A",
    "IsBio": false,
    "CountryOfOrigin": "BELGIË",
    "IsExclusivelySoldInLuxembourg": false,
    "OrderUnit": "P",
    "ShortName": "BONI ARRABIATTA 410G",
    "IsNew": false,
    "EcoscoreLabel": "A",
    "RecentQuanityOfStockUnits": "1,12",
    "LongName": "BONI arrabbiatta 410g",
    "FicCode": "I",
    "EcoscoreValue": "93"
  },
  {
    "productId": "57822",
    "technicalArticleNumber": "2261190",
    "commercialArticleNumber": "7807",
    "name": "toast melba rond 44st",
    "description": "*Toast, rond\n*vershoudzakje\n44 stuks",
    "brand": "BONI",
    "seoBrand": "Boni Selection",
    "thumbNail": "https://static.colruytgroup.com/images/200x200/std.lang.all/60/53/asset-3326053.jpg",
    "fullImage": "https://static.colruytgroup.com/images/500x500/std.lang.all/60/53/asset-3326053.jpg",
    "squareImage": "https://static.colruytgroup.com/images/500x500sq/std.lang.all/60/53/asset-3326053.jpg",
    "content": "110g",
    "walkRouteSequenceNumber": 4495,
    "price": {
      "basicPrice": 0.95,
      "recommendedQuantity": "1.0",
      "measurementUnitPrice": 8.64,
      "measurementUnit": "K",
      "isRedPrice": false,
      "pricePerUOM": 8.64,
      "activationDate": "22-02-2024",
      "recordSource": "Offline",
      "isPromoActive": "N",
      "priceChangeCode": "H"
    },
    "isAvailable": true,
    "isPriceAvailable": true,
    "inPromo": false,
    "gtin": [
      "15400141470137",
      "05400141470130",
      "15400141953425",
      "05400141168914",
      "05400141364286",
      "15400141364283"
    ],
    "topCategoryName": "Brood/Ontbijt",
    "topCategoryId": "124",
    "businessDomain": "RETAIL_BE",
    "IsPrivateLabel": true,
    "IsBiffe": false,
    "WeightconversionFactor": "0",
    "IsWeightArticle": false,
    "nutriscoreLabel": "C",
    "IsBio": false,
    "CountryOfOrigin": "NEDERLAND",
    "IsExclusivelySoldInLuxembourg": false,
    "OrderUnit": "P",
    "ShortName": "BONI MEL.TO.ROND110G",
    "IsNew": false,
    "EcoscoreLabel": "B",
    "RecentQuanityOfStockUnits": "1,12",
    "LongName": "BONI toast melba rond 44st 110g",
    "AlcoholVolume": "0",
    "FicCode": "I",
    "EcoscoreValue": "75"
  },
  {
    "productId": "50461",
    "technicalArticleNumber": "2181015",
    "commercialArticleNumber": "14993",
    "name": "spirelli tricolore",
    "description": "*Italië\n*kooktijd\n9-12 minuten\n*Eiwit: 12,6g/100g",
    "brand": "BONI",
    "seoBrand": "Boni Selection",
    "thumbNail": "https://static.colruytgroup.com/images/200x200/std.lang.all/08/47/asset-2790847.jpg",
    "fullImage": "https://static.colruytgroup.com/images/500x500/std.lang.all/08/47/asset-2790847.jpg",
    "squareImage": "https://static.colruytgroup.com/images/500x500sq/std.lang.all/08/47/asset-2790847.jpg",
    "content": "500g",
    "walkRouteSequenceNumber": 8105,
    "price": {
      "basicPrice": 1.35,
      "recommendedQuantity": "2.0",
      "quantityPrice": 1.01,
      "quantityPriceQuantity": "4.0",
      "measurementUnitPrice": 2.7,
      "measurementUnitQuantityPrice": 2.02,
      "measurementUnit": "K",
      "isRedPrice": false,
      "pricePerUOM": 2.7,
      "activationDate": "20-03-2024",
      "recordSource": "Offline",
      "isPromoActive": "N",
      "priceChangeCode": "E",
      "quantityPricePerUOM": 2.02,
      "quantityActivationDate": "20-03-2024",
      "quantityPriceChangeCode": "E"
    },
    "isAvailable": true,
    "isPriceAvailable": true,
    "inPromo": false,
    "gtin": [
      "05400141165920",
      "05400141239959",
      "15400141127154",
      "15400141239956",
      "05400141947540",
      "05400141998214",
      "05400141086102",
      "05400141102123",
      "05400141127157",
      "05400141719024",
      "15400141719021"
    ],
    "topCategoryName": "Kruidenierswaren/Droge voeding",
    "topCategoryId": "233",
    "businessDomain": "RETAIL_BE",
    "IsPrivateLabel": true,
    "IsBiffe": false,
    "WeightconversionFactor": "0",
    "IsWeightArticle": false,
    "nutriscoreLabel": "A",
    "IsBio": false,
    "CountryOfOrigin": "ITALIË",
    "IsExclusivelySoldInLuxembourg": false,
    "OrderUnit": "P",
    "ShortName": "BONI SPIRELLI TRIC 500G",
    "IsNew": false,
    "EcoscoreLabel": "B",
    "RecentQuanityOfStockUnits": "10,1,2",
    "LongName": "BONI spirelli tricolore 500g",
    "AlcoholVolume": "0",
    "FicCode": "I",
    "EcoscoreValue": "60"
  },
  {
    "productId": "112",
    "technicalArticleNumber": "13634",
    "commercialArticleNumber": "13634",
    "name": "witte peper gemalen",
    "brand": "EVERYDAY",
    "seoBrand": "Everyday",
    "thumbNail": "https://static.colruytgroup.com/images/200x200/std.lang.all/24/73/asset-382473.jpg",
    "fullImage": "https://static.colruytgroup.com/images/500x500/std.lang.all/24/73/asset-382473.jpg",
    "squareImage": "https://static.colruytgroup.com/images/500x500sq/std.lang.all/24/73/asset-382473.jpg",
    "content": "100g",
    "walkRouteSequenceNumber": 6403,
    "price": {
      "basicPrice": 1.19,
      "recommendedQuantity": "1.0",
      "measurementUnitPrice": 11.9,
      "measurementUnit": "K",
      "isRedPrice": false,
      "pricePerUOM": 11.9,
      "activationDate": "30-01-2024",
      "recordSource": "Offline",
      "isPromoActive": "N",
      "priceChangeCode": "H"
    },
    "isAvailable": true,
    "isPriceAvailable": true,
    "inPromo": false,
    "gtin": [
      "00000025836349",
      "05400141099409",
      "05400141136357",
      "15400141959007"
    ],
    "topCategoryName": "Kruidenierswaren/Droge voeding",
    "topCategoryId": "233",
    "businessDomain": "RETAIL_BE",
    "IsPrivateLabel": true,
    "IsBiffe": false,
    "WeightconversionFactor": "0",
    "IsWeightArticle": false,
    "nutriscoreLabel": "A",
    "IsBio": false,
    "CountryOfOrigin": "INDIA",
    "IsExclusivelySoldInLuxembourg": false,
    "OrderUnit": "P",
    "ShortName": "EVD PEPER WIT GEM 100G",
    "IsNew": false,
    "EcoscoreLabel": "E",
    "RecentQuanityOfStockUnits": "1,28",
    "LongName": "EVERYDAY witte peper gemalen 100g",
    "AlcoholVolume": "0",
    "FicCode": "I",
    "EcoscoreValue": "7"
  },
  {
    "productId": "852",
    "technicalArticleNumber": "13159",
    "commercialArticleNumber": "13159",
    "name": "kruiden oregano",
    "brand": "BONI",
    "seoBrand": "Boni Selection",
    "thumbNail": "https://static.colruytgroup.com/images/200x200/std.lang.all/83/61/asset-3028361.jpg",
    "fullImage": "https://static.colruytgroup.com/images/500x500/std.lang.all/83/61/asset-3028361.jpg",
    "squareImage": "https://static.colruytgroup.com/images/500x500sq/std.lang.all/83/61/asset-3028361.jpg",
    "content": "12g",
    "walkRouteSequenceNumber": 6432,
    "price": {
      "basicPrice": 0.6,
      "recommendedQuantity": "1.0",
      "measurementUnitPrice": 50,
      "measurementUnit": "K",
      "isRedPrice": false,
      "pricePerUOM": 50,
      "activationDate": "30-01-2024",
      "recordSource": "Offline",
      "isPromoActive": "N",
      "priceChangeCode": "E"
    },
    "isAvailable": true,
    "isPriceAvailable": true,
    "inPromo": false,
    "gtin": [
      "05400141098037",
      "05400141131598",
      "05400141170139",
      "15400141098034"
    ],
    "topCategoryName": "Kruidenierswaren/Droge voeding",
    "topCategoryId": "233",
    "businessDomain": "RETAIL_BE",
    "IsPrivateLabel": true,
    "IsBiffe": false,
    "WeightconversionFactor": "0",
    "IsWeightArticle": false,
    "nutriscoreLabel": "A",
    "IsBio": false,
    "CountryOfOrigin": "TURKIJE",
    "IsExclusivelySoldInLuxembourg": false,
    "OrderUnit": "P",
    "ShortName": "BONI OREGANO 12G",
    "IsNew": false,
    "EcoscoreLabel": "C",
    "RecentQuanityOfStockUnits": "1,12",
    "LongName": "BONI kruiden oregano 12g",
    "AlcoholVolume": "0",
    "FicCode": "I",
    "EcoscoreValue": "57"
  },
  {
    "productId": "802",
    "technicalArticleNumber": "13464",
    "commercialArticleNumber": "13464",
    "name": "augurkenschijfjes zoetzuur",
    "description": "Zoetzure augurken in schijfjes. Lekker\nbij het aperitief, bij een koude\nschotel, met filet américain enz.",
    "brand": "BONI",
    "seoBrand": "Boni Selection",
    "thumbNail": "https://static.colruytgroup.com/images/200x200/std.lang.all/40/90/asset-2294090.jpg",
    "fullImage": "https://static.colruytgroup.com/images/500x500/std.lang.all/40/90/asset-2294090.jpg",
    "squareImage": "https://static.colruytgroup.com/images/500x500sq/std.lang.all/40/90/asset-2294090.jpg",
    "content": "670g",
    "walkRouteSequenceNumber": 16342,
    "price": {
      "basicPrice": 1.31,
      "recommendedQuantity": "1.0",
      "measurementUnitPrice": 3.86,
      "measurementUnit": "K",
      "isRedPrice": false,
      "pricePerUOM": 3.86,
      "activationDate": "22-03-2024",
      "recordSource": "Offline",
      "isPromoActive": "N",
      "priceChangeCode": "H"
    },
    "isAvailable": true,
    "isPriceAvailable": true,
    "inPromo": false,
    "gtin": [
      "05400141298628",
      "05400141407556",
      "15400141298625",
      "15400141837985",
      "05400141115970"
    ],
    "topCategoryName": "Kruidenierswaren/Droge voeding",
    "topCategoryId": "233",
    "businessDomain": "RETAIL_BE",
    "IsPrivateLabel": true,
    "IsBiffe": false,
    "WeightconversionFactor": "0",
    "IsWeightArticle": false,
    "nutriscoreLabel": "A",
    "IsBio": false,
    "CountryOfOrigin": "NEDERLAND",
    "IsExclusivelySoldInLuxembourg": false,
    "OrderUnit": "P",
    "ShortName": "BONI GESN AUGU 670G ZZ",
    "InSeason": true,
    "IsNew": false,
    "EcoscoreLabel": "A",
    "RecentQuanityOfStockUnits": "12,1",
    "LongName": "BONI augurkenschijfjes zoetzuur 670g",
    "AlcoholVolume": "0",
    "StartSeasonDate": "28/07/2000",
    "FicCode": "I",
    "EcoscoreValue": "100"
  },
  {
    "productId": "131856",
    "technicalArticleNumber": "3188075",
    "commercialArticleNumber": "26316",
    "name": "tomatensoep met balletjes",
    "description": "*Met tomaat,\n3,5% kippenballetjes\n*In de kookpot",
    "brand": "BONI",
    "seoBrand": "Boni Selection",
    "thumbNail": "https://static.colruytgroup.com/images/200x200/std.lang.all/10/95/asset-3351095.jpg",
    "fullImage": "https://static.colruytgroup.com/images/500x500/std.lang.all/10/95/asset-3351095.jpg",
    "squareImage": "https://static.colruytgroup.com/images/500x500sq/std.lang.all/10/95/asset-3351095.jpg",
    "content": "950ml",
    "walkRouteSequenceNumber": 6632,
    "price": {
      "basicPrice": 2.99,
      "recommendedQuantity": "1.0",
      "measurementUnitPrice": 3.15,
      "measurementUnit": "L",
      "isRedPrice": false,
      "pricePerUOM": 3.15,
      "activationDate": "22-03-2024",
      "recordSource": "Offline",
      "isPromoActive": "N",
      "priceChangeCode": "E"
    },
    "isAvailable": true,
    "isPriceAvailable": true,
    "inPromo": false,
    "gtin": [
      "05400141022681",
      "05400141158830",
      "05400141098655",
      "05400141074451",
      "05400141777802"
    ],
    "topCategoryName": "Bereidingen/Charcuterie/Vis/Veggie",
    "topCategoryId": "105",
    "businessDomain": "RETAIL_BE",
    "IsPrivateLabel": true,
    "IsBiffe": false,
    "WeightconversionFactor": "0",
    "IsWeightArticle": false,
    "nutriscoreLabel": "C",
    "IsBio": false,
    "CountryOfOrigin": "BELGIË",
    "IsExclusivelySoldInLuxembourg": false,
    "OrderUnit": "P",
    "ShortName": "BONI TOM.SOEP BAL.950ML",
    "InSeason": true,
    "IsNew": false,
    "EcoscoreLabel": "B",
    "RecentQuanityOfStockUnits": "1",
    "LongName": "BONI tomatensoep met balletjes 950ml",
    "AlcoholVolume": "0",
    "StartSeasonDate": "05/07/2016",
    "FicCode": "I",
    "EcoscoreValue": "60"
  },
  {
    "productId": "13",
    "technicalArticleNumber": "14852",
    "commercialArticleNumber": "14852",
    "name": "bloem tarwe vloeiend",
    "description": "*Fijne tarwebloem\n*Ideaal voor sauzen\n*Klontert niet\n*Zonder bewaarmiddel",
    "brand": "ANCO",
    "seoBrand": "Anco",
    "thumbNail": "https://static.colruytgroup.com/images/200x200/nl_be/96/01/asset-2319601.jpg",
    "fullImage": "https://static.colruytgroup.com/images/500x500/nl_be/96/01/asset-2319601.jpg",
    "squareImage": "https://static.colruytgroup.com/images/500x500sq/nl_be/96/01/asset-2319601.jpg",
    "content": "1kg",
    "walkRouteSequenceNumber": 9615,
    "price": {
      "basicPrice": 1.99,
      "recommendedQuantity": "1.0",
      "measurementUnitPrice": 1.99,
      "measurementUnit": "K",
      "isRedPrice": false,
      "pricePerUOM": 1.99,
      "activationDate": "13-03-2024",
      "isPromoActive": "Y",
      "priceChangeCode": "E"
    },
    "isAvailable": true,
    "isPriceAvailable": true,
    "inPromo": true,
    "promotion": [
      {
        "techPromoId": "100913COLR",
        "promotionId": "100913",
        "promotionType": "3",
        "isPersonalized": "N",
        "publicationStartDate": "13-03-2024",
        "publicationEndDate": "26-03-2024"
      }
    ],
    "gtin": [
      "05410028909608",
      "05410028809601",
      "05410018601741",
      "05410018601758"
    ],
    "topCategoryName": "Kruidenierswaren/Droge voeding",
    "topCategoryId": "233",
    "businessDomain": "RETAIL_BE",
    "IsPrivateLabel": false,
    "IsBiffe": false,
    "WeightconversionFactor": "0",
    "IsWeightArticle": false,
    "nutriscoreLabel": "A",
    "IsBio": false,
    "CountryOfOrigin": "BELGIË",
    "IsExclusivelySoldInLuxembourg": false,
    "OrderUnit": "P",
    "ShortName": "ANCO VLOEIENDE BLOEM 1K",
    "IsNew": false,
    "EcoscoreLabel": "A",
    "RecentQuanityOfStockUnits": "10,1",
    "LongName": "ANCO bloem tarwe vloeiend 1kg",
    "AlcoholVolume": "0",
    "FicCode": "E",
    "EcoscoreValue": "100"
  },
  {
    "productId": "179589",
    "technicalArticleNumber": "3352453",
    "commercialArticleNumber": "4615",
    "name": "augurkenschijfjes zoetzuur",
    "brand": "BONI",
    "seoBrand": "Boni Selection",
    "thumbNail": "https://static.colruytgroup.com/images/200x200/std.lang.all/99/54/asset-2529954.jpg",
    "fullImage": "https://static.colruytgroup.com/images/500x500/std.lang.all/99/54/asset-2529954.jpg",
    "squareImage": "https://static.colruytgroup.com/images/500x500sq/std.lang.all/99/54/asset-2529954.jpg",
    "content": "530g",
    "walkRouteSequenceNumber": 16327,
    "price": {
      "basicPrice": 0.99,
      "recommendedQuantity": "1.0",
      "measurementUnitPrice": 3.42,
      "measurementUnit": "K",
      "isRedPrice": false,
      "pricePerUOM": 3.42,
      "activationDate": "05-12-2023",
      "recordSource": "Offline",
      "isPromoActive": "N",
      "priceChangeCode": "E"
    },
    "isAvailable": true,
    "isPriceAvailable": true,
    "inPromo": false,
    "gtin": [
      "15400141357537",
      "15400141012832",
      "05400141357530",
      "05400141012835",
      "05400141950816",
      "15400141950813",
      "05400141352948"
    ],
    "topCategoryName": "Kruidenierswaren/Droge voeding",
    "topCategoryId": "233",
    "businessDomain": "RETAIL_BE",
    "IsPrivateLabel": true,
    "IsBiffe": false,
    "WeightconversionFactor": "0",
    "IsWeightArticle": false,
    "nutriscoreLabel": "A",
    "IsBio": false,
    "CountryOfOrigin": "DUITSLAND",
    "IsExclusivelySoldInLuxembourg": false,
    "OrderUnit": "P",
    "ShortName": "BONI AUGURKPLAKJES 530G",
    "InSeason": true,
    "IsNew": false,
    "EcoscoreLabel": "A",
    "RecentQuanityOfStockUnits": "1,12",
    "LongName": "BONI augurkenschijfjes zoetzuur 530g",
    "AlcoholVolume": "0",
    "StartSeasonDate": "17/07/2018",
    "FicCode": "I",
    "EcoscoreValue": "100"
  },
  {
    "productId": "6946",
    "technicalArticleNumber": "1154141",
    "commercialArticleNumber": "14518",
    "name": "vermicelli",
    "description": "*Italië\n*kooktijd:2-3\nminuten\n*Eiwit: 12,6g/100g",
    "brand": "BONI",
    "seoBrand": "Boni Selection",
    "thumbNail": "https://static.colruytgroup.com/images/200x200/std.lang.all/92/34/asset-2809234.jpg",
    "fullImage": "https://static.colruytgroup.com/images/500x500/std.lang.all/92/34/asset-2809234.jpg",
    "squareImage": "https://static.colruytgroup.com/images/500x500sq/std.lang.all/92/34/asset-2809234.jpg",
    "content": "500g",
    "walkRouteSequenceNumber": 8098,
    "price": {
      "basicPrice": 0.99,
      "recommendedQuantity": "2.0",
      "quantityPrice": 0.817,
      "quantityPriceQuantity": "4.0",
      "measurementUnitPrice": 1.98,
      "measurementUnitQuantityPrice": 1.64,
      "measurementUnit": "K",
      "isRedPrice": false,
      "pricePerUOM": 1.98,
      "activationDate": "20-03-2024",
      "recordSource": "Offline",
      "isPromoActive": "N",
      "priceChangeCode": "E",
      "quantityPricePerUOM": 1.64,
      "quantityActivationDate": "20-03-2024",
      "quantityPriceChangeCode": "E"
    },
    "isAvailable": true,
    "isPriceAvailable": true,
    "inPromo": false,
    "gtin": [
      "05400141086096",
      "05400141102086",
      "05400141127010",
      "05400141164497",
      "05400141240542",
      "15400141346470",
      "15400141240549",
      "05400141346473",
      "15400141127017",
      "25400141346477",
      "05400141720372",
      "15400141720379",
      "35400141346474"
    ],
    "topCategoryName": "Kruidenierswaren/Droge voeding",
    "topCategoryId": "233",
    "businessDomain": "RETAIL_BE",
    "IsPrivateLabel": true,
    "IsBiffe": false,
    "WeightconversionFactor": "0",
    "IsWeightArticle": false,
    "nutriscoreLabel": "A",
    "IsBio": false,
    "CountryOfOrigin": "ITALIË",
    "IsExclusivelySoldInLuxembourg": false,
    "OrderUnit": "P",
    "ShortName": "BONI VERMICELL 500G",
    "IsNew": false,
    "EcoscoreLabel": "B",
    "RecentQuanityOfStockUnits": "12,1,2",
    "LongName": "BONI vermicelli 500g",
    "AlcoholVolume": "0",
    "FicCode": "I",
    "EcoscoreValue": "60"
  },
  {
    "productId": "539747",
    "technicalArticleNumber": "4137556",
    "commercialArticleNumber": "9647",
    "name": "al dente capellini",
    "brand": "SOUBRY",
    "seoBrand": "Soubry",
    "thumbNail": "https://static.colruytgroup.com/images/200x200/std.lang.all/44/73/asset-1914473.jpg",
    "fullImage": "https://static.colruytgroup.com/images/500x500/std.lang.all/44/73/asset-1914473.jpg",
    "squareImage": "https://static.colruytgroup.com/images/500x500sq/std.lang.all/44/73/asset-1914473.jpg",
    "content": "375g",
    "walkRouteSequenceNumber": 8289,
    "price": {
      "basicPrice": 0.79,
      "recommendedQuantity": "6.0",
      "measurementUnitPrice": 2.11,
      "measurementUnit": "K",
      "isRedPrice": false,
      "pricePerUOM": 2.11,
      "activationDate": "02-02-2024",
      "recordSource": "Offline",
      "isPromoActive": "N",
      "priceChangeCode": "E"
    },
    "isAvailable": true,
    "isPriceAvailable": true,
    "inPromo": false,
    "gtin": [
      "05410028170244",
      "35410028171242",
      "75410028170243",
      "05410028171241",
      "75410028999998"
    ],
    "topCategoryName": "Kruidenierswaren/Droge voeding",
    "topCategoryId": "233",
    "businessDomain": "RETAIL_BE",
    "IsPrivateLabel": false,
    "IsBiffe": false,
    "WeightconversionFactor": "0",
    "IsWeightArticle": false,
    "nutriscoreLabel": "A",
    "IsBio": false,
    "CountryOfOrigin": "BELGIË",
    "IsExclusivelySoldInLuxembourg": false,
    "OrderUnit": "P",
    "ShortName": "SOUB AL DEN.CAPELLIN375",
    "IsNew": false,
    "EcoscoreLabel": "A",
    "RecentQuanityOfStockUnits": "1,6,24",
    "LongName": "SOUBRY al dente capellini 375g",
    "FicCode": "E",
    "EcoscoreValue": "97"
  },
  {
    "productId": "34",
    "technicalArticleNumber": "14936",
    "commercialArticleNumber": "14936",
    "name": "bindmiddel maïs",
    "description": "*Sausbinder\n*Makkelijk bereiden\n*Soepbinder\n*Zonder klonters\n*Culinaire hulp",
    "brand": "MAIZENA",
    "seoBrand": "Maizena",
    "thumbNail": "https://static.colruytgroup.com/images/200x200/std.lang.all/60/13/asset-2796013.jpg",
    "fullImage": "https://static.colruytgroup.com/images/500x500/std.lang.all/60/13/asset-2796013.jpg",
    "squareImage": "https://static.colruytgroup.com/images/500x500sq/std.lang.all/60/13/asset-2796013.jpg",
    "content": "400g",
    "walkRouteSequenceNumber": 9723,
    "price": {
      "basicPrice": 2.59,
      "recommendedQuantity": "2.0",
      "measurementUnitPrice": 6.48,
      "measurementUnit": "K",
      "isRedPrice": false,
      "pricePerUOM": 6.48,
      "activationDate": "22-03-2024",
      "recordSource": "Offline",
      "isPromoActive": "N",
      "priceChangeCode": "E"
    },
    "isAvailable": true,
    "isPriceAvailable": true,
    "inPromo": false,
    "gtin": [
      "05400141149364",
      "08711100080060",
      "08712100961946",
      "08712100338694",
      "08712100078620"
    ],
    "topCategoryName": "Kruidenierswaren/Droge voeding",
    "topCategoryId": "233",
    "businessDomain": "RETAIL_BE",
    "IsPrivateLabel": false,
    "IsBiffe": false,
    "WeightconversionFactor": "0",
    "IsWeightArticle": false,
    "nutriscoreLabel": "C",
    "IsBio": false,
    "CountryOfOrigin": "BELGIË",
    "IsExclusivelySoldInLuxembourg": false,
    "OrderUnit": "P",
    "ShortName": "MAIZENA 400 G",
    "IsNew": false,
    "EcoscoreLabel": "B",
    "RecentQuanityOfStockUnits": "1,1,2,16",
    "LongName": "MAIZENA bindmiddel maïs 400g",
    "AlcoholVolume": "0",
    "FicCode": "E",
    "EcoscoreValue": "73"
  },
  {
    "productId": "131865",
    "technicalArticleNumber": "3188100",
    "commercialArticleNumber": "26397",
    "name": "kippensoep",
    "description": "*3,5 % kippenvlees\n*In de kookpot",
    "brand": "BONI",
    "seoBrand": "Boni Selection",
    "thumbNail": "https://static.colruytgroup.com/images/200x200/std.lang.all/09/69/asset-3350969.jpg",
    "fullImage": "https://static.colruytgroup.com/images/500x500/std.lang.all/09/69/asset-3350969.jpg",
    "squareImage": "https://static.colruytgroup.com/images/500x500sq/std.lang.all/09/69/asset-3350969.jpg",
    "content": "950ml",
    "walkRouteSequenceNumber": 6633,
    "price": {
      "basicPrice": 2.99,
      "recommendedQuantity": "1.0",
      "measurementUnitPrice": 3.15,
      "measurementUnit": "L",
      "isRedPrice": false,
      "pricePerUOM": 3.15,
      "activationDate": "28-02-2024",
      "recordSource": "Offline",
      "isPromoActive": "N",
      "priceChangeCode": "H"
    },
    "isAvailable": true,
    "isPriceAvailable": true,
    "inPromo": false,
    "gtin": [
      "05400141700350",
      "05400141777857",
      "05400141098679",
      "05400141080292",
      "05400141022735",
      "05400141158847"
    ],
    "topCategoryName": "Bereidingen/Charcuterie/Vis/Veggie",
    "topCategoryId": "105",
    "businessDomain": "RETAIL_BE",
    "IsPrivateLabel": true,
    "IsBiffe": false,
    "WeightconversionFactor": "0",
    "IsWeightArticle": false,
    "nutriscoreLabel": "C",
    "IsBio": false,
    "CountryOfOrigin": "BELGIË",
    "IsExclusivelySoldInLuxembourg": false,
    "OrderUnit": "P",
    "ShortName": "BONI KIPPENSOEP 950ML",
    "InSeason": true,
    "IsNew": false,
    "EcoscoreLabel": "A",
    "RecentQuanityOfStockUnits": "1",
    "LongName": "BONI kippensoep 950ml",
    "AlcoholVolume": "0",
    "StartSeasonDate": "05/07/2016",
    "FicCode": "I",
    "EcoscoreValue": "100"
  },
  {
    "productId": "10558",
    "technicalArticleNumber": "1395963",
    "commercialArticleNumber": "13389",
    "name": "Belgian Pickles",
    "brand": "DEVOS LEMMENS",
    "seoBrand": "Devos Lemmens",
    "thumbNail": "https://static.colruytgroup.com/images/200x200/std.lang.all/51/31/asset-875131.jpg",
    "fullImage": "https://static.colruytgroup.com/images/500x500/std.lang.all/51/31/asset-875131.jpg",
    "squareImage": "https://static.colruytgroup.com/images/500x500sq/std.lang.all/51/31/asset-875131.jpg",
    "content": "550ml",
    "walkRouteSequenceNumber": 8243,
    "price": {
      "basicPrice": 3.49,
      "recommendedQuantity": "1.0",
      "measurementUnitPrice": 6.35,
      "measurementUnit": "L",
      "isRedPrice": false,
      "pricePerUOM": 6.35,
      "activationDate": "26-01-2024",
      "recordSource": "Offline",
      "isPromoActive": "N",
      "priceChangeCode": "E"
    },
    "isAvailable": true,
    "isPriceAvailable": true,
    "inPromo": false,
    "gtin": [
      "05410056781276",
      "05410056181274",
      "05414972112220",
      "05414972712222"
    ],
    "topCategoryName": "Kruidenierswaren/Droge voeding",
    "topCategoryId": "233",
    "businessDomain": "RETAIL_BE",
    "IsPrivateLabel": false,
    "IsBiffe": false,
    "WeightconversionFactor": "0",
    "IsWeightArticle": false,
    "nutriscoreLabel": "C",
    "IsBio": false,
    "CountryOfOrigin": "BELGIË",
    "IsExclusivelySoldInLuxembourg": false,
    "OrderUnit": "P",
    "ShortName": "DVL BELG PICKLES 550ML",
    "IsNew": false,
    "EcoscoreLabel": "D",
    "RecentQuanityOfStockUnits": "12,1",
    "LongName": "DEVOS LEMMENS Belgian Pickles 550ml",
    "AlcoholVolume": "0",
    "FicCode": "E",
    "EcoscoreValue": "34"
  },
  {
    "productId": "285904",
    "technicalArticleNumber": "3694577",
    "commercialArticleNumber": "23204",
    "name": "pastasaus bolognese",
    "brand": "MANNA",
    "seoBrand": "Manna",
    "thumbNail": "https://static.colruytgroup.com/images/200x200/std.lang.all/37/54/asset-1283754.jpg",
    "fullImage": "https://static.colruytgroup.com/images/500x500/std.lang.all/37/54/asset-1283754.jpg",
    "squareImage": "https://static.colruytgroup.com/images/500x500sq/std.lang.all/37/54/asset-1283754.jpg",
    "content": "720g",
    "walkRouteSequenceNumber": 8398,
    "price": {
      "basicPrice": 3.69,
      "recommendedQuantity": "1.0",
      "measurementUnitPrice": 5.13,
      "measurementUnit": "K",
      "isRedPrice": false,
      "pricePerUOM": 5.13,
      "activationDate": "17-02-2024",
      "recordSource": "Offline",
      "isPromoActive": "N",
      "priceChangeCode": "H"
    },
    "isAvailable": true,
    "isPriceAvailable": true,
    "inPromo": false,
    "gtin": [
      "05412723400244",
      "05412723300285",
      "00541272330285",
      "05412723400251"
    ],
    "topCategoryName": "Kruidenierswaren/Droge voeding",
    "topCategoryId": "233",
    "businessDomain": "RETAIL_BE",
    "IsPrivateLabel": false,
    "IsBiffe": false,
    "WeightconversionFactor": "0",
    "IsWeightArticle": false,
    "nutriscoreLabel": "C",
    "IsBio": false,
    "CountryOfOrigin": "BELGIË",
    "IsExclusivelySoldInLuxembourg": false,
    "OrderUnit": "P",
    "ShortName": "MANN SAUS BOLOGN.720G",
    "IsNew": false,
    "EcoscoreLabel": "D",
    "RecentQuanityOfStockUnits": "1,6,6",
    "LongName": "MANNA pastasaus bolognese 720g",
    "AlcoholVolume": "0",
    "FicCode": "E",
    "EcoscoreValue": "22"
  },
  {
    "productId": "603",
    "technicalArticleNumber": "5909",
    "commercialArticleNumber": "5909",
    "name": "zeer fijne suiker",
    "brand": "TIENSE SUIKER",
    "seoBrand": "Tiense Suiker",
    "thumbNail": "https://static.colruytgroup.com/images/200x200/std.lang.all/29/79/asset-3272979.jpg",
    "fullImage": "https://static.colruytgroup.com/images/500x500/std.lang.all/29/79/asset-3272979.jpg",
    "squareImage": "https://static.colruytgroup.com/images/500x500sq/std.lang.all/29/79/asset-3272979.jpg",
    "content": "1kg",
    "walkRouteSequenceNumber": 9306,
    "price": {
      "basicPrice": 1.99,
      "recommendedQuantity": "1.0",
      "measurementUnitPrice": 1.99,
      "measurementUnit": "K",
      "isRedPrice": false,
      "pricePerUOM": 1.99,
      "activationDate": "14-11-2023",
      "recordSource": "Offline",
      "isPromoActive": "N",
      "priceChangeCode": "E"
    },
    "isAvailable": true,
    "isPriceAvailable": true,
    "inPromo": false,
    "gtin": [
      "05410256429008",
      "05410256429015"
    ],
    "topCategoryName": "Kruidenierswaren/Droge voeding",
    "topCategoryId": "233",
    "businessDomain": "RETAIL_BE",
    "IsPrivateLabel": false,
    "IsBiffe": false,
    "WeightconversionFactor": "0",
    "IsWeightArticle": false,
    "nutriscoreLabel": "E",
    "IsBio": false,
    "CountryOfOrigin": "BELGIË",
    "IsExclusivelySoldInLuxembourg": false,
    "OrderUnit": "P",
    "ShortName": "TIENEN ULTRA FIJN1K.",
    "IsNew": false,
    "EcoscoreLabel": "A",
    "RecentQuanityOfStockUnits": "10,1",
    "LongName": "TIENSE SUIKER zeer fijne suiker 1kg",
    "AlcoholVolume": "0",
    "FicCode": "E",
    "EcoscoreValue": "100"
  },
  {
    "productId": "956263",
    "technicalArticleNumber": "4771905",
    "commercialArticleNumber": "32926",
    "name": "Andalouse Squeeze",
    "description": "*squeeze",
    "brand": "LA MAISON BELGE",
    "seoBrand": "la maison Belge",
    "thumbNail": "https://ecgproductmw.colruytgroup.com/ecgproductmw/noPicForArticle_2.jpg",
    "fullImage": "https://ecgproductmw.colruytgroup.com/ecgproductmw/noPicForArticle_5.jpg",
    "squareImage": "https://ecgproductmw.colruytgroup.com/ecgproductmw/noPicForArticle_5.jpg",
    "content": "420ml",
    "walkRouteSequenceNumber": 8118,
    "price": {
      "basicPrice": 1.99,
      "recommendedQuantity": "1.0",
      "measurementUnitPrice": 4.74,
      "measurementUnit": "L",
      "isRedPrice": false,
      "pricePerUOM": 4.74,
      "activationDate": "01-12-2023",
      "isPromoActive": "N",
      "priceChangeCode": "E"
    },
    "isAvailable": true,
    "isPriceAvailable": true,
    "inPromo": false,
    "gtin": [
      "05420058042138",
      "05420058042121"
    ],
    "topCategoryName": "Kruidenierswaren/Droge voeding",
    "topCategoryId": "233",
    "businessDomain": "RETAIL_BE",
    "IsPrivateLabel": false,
    "IsBiffe": false,
    "WeightconversionFactor": "0",
    "IsWeightArticle": false,
    "nutriscoreLabel": "E",
    "IsBio": false,
    "CountryOfOrigin": "BELGIË",
    "IsExclusivelySoldInLuxembourg": false,
    "OrderUnit": "P",
    "ShortName": "LAMB ANDALOUSE SQZ420ML",
    "IsNew": false,
    "EcoscoreLabel": "D",
    "RecentQuanityOfStockUnits": "1,10",
    "LongName": "LA MAISON BELGE Andalouse Squeeze 420ml",
    "AlcoholVolume": "0",
    "FicCode": "E",
    "EcoscoreValue": "34"
  },
  {
    "productId": "544608",
    "technicalArticleNumber": "4170749",
    "commercialArticleNumber": "9882",
    "name": "finesse kipbouillon",
    "description": "*Bouillonblokjes\n*Kippen smaak\n*Makkelijk doseren\n*Vetarm\n*Aromatisch kruid",
    "brand": "KNORR",
    "seoBrand": "Knorr",
    "thumbNail": "https://static.colruytgroup.com/images/200x200/std.lang.all/53/66/asset-2795366.jpg",
    "fullImage": "https://static.colruytgroup.com/images/500x500/std.lang.all/53/66/asset-2795366.jpg",
    "squareImage": "https://static.colruytgroup.com/images/500x500sq/std.lang.all/53/66/asset-2795366.jpg",
    "content": "16st",
    "walkRouteSequenceNumber": 6546,
    "price": {
      "basicPrice": 2.89,
      "recommendedQuantity": "3.0",
      "measurementUnitPrice": 16.43,
      "measurementUnit": "K",
      "isRedPrice": false,
      "pricePerUOM": 16.43,
      "activationDate": "20-03-2024",
      "recordSource": "Offline",
      "isPromoActive": "N",
      "priceChangeCode": "E"
    },
    "isAvailable": true,
    "isPriceAvailable": true,
    "inPromo": false,
    "gtin": [
      "08710604722254",
      "08710604722209",
      "05400141342857"
    ],
    "topCategoryName": "Kruidenierswaren/Droge voeding",
    "topCategoryId": "233",
    "businessDomain": "RETAIL_BE",
    "IsPrivateLabel": false,
    "IsBiffe": false,
    "WeightconversionFactor": "0",
    "IsWeightArticle": false,
    "nutriscoreLabel": "C",
    "IsBio": false,
    "CountryOfOrigin": "HONGARIJE",
    "IsExclusivelySoldInLuxembourg": false,
    "OrderUnit": "P",
    "ShortName": "KN FINES BOUI.KIP 16TAB",
    "IsNew": false,
    "EcoscoreLabel": "B",
    "RecentQuanityOfStockUnits": "3,12,1",
    "LongName": "KNORR finesse kipbouillon 16st",
    "FicCode": "E",
    "EcoscoreValue": "79"
  },
  {
    "productId": "604",
    "technicalArticleNumber": "5910",
    "commercialArticleNumber": "5910",
    "name": "fijne suiker",
    "brand": "TIENSE SUIKER",
    "seoBrand": "Tiense Suiker",
    "thumbNail": "https://static.colruytgroup.com/images/200x200/std.lang.all/23/81/asset-3242381.jpg",
    "fullImage": "https://static.colruytgroup.com/images/500x500/std.lang.all/23/81/asset-3242381.jpg",
    "squareImage": "https://static.colruytgroup.com/images/500x500sq/std.lang.all/23/81/asset-3242381.jpg",
    "content": "1kg",
    "walkRouteSequenceNumber": 9311,
    "price": {
      "basicPrice": 1.45,
      "recommendedQuantity": "1.0",
      "measurementUnitPrice": 1.45,
      "measurementUnit": "K",
      "isRedPrice": false,
      "pricePerUOM": 1.45,
      "activationDate": "17-02-2024",
      "recordSource": "Offline",
      "isPromoActive": "N",
      "priceChangeCode": "E"
    },
    "isAvailable": true,
    "isPriceAvailable": true,
    "inPromo": false,
    "gtin": [
      "05410256404104",
      "05410256410006",
      "05410256410013"
    ],
    "topCategoryName": "Kruidenierswaren/Droge voeding",
    "topCategoryId": "233",
    "businessDomain": "RETAIL_BE",
    "IsPrivateLabel": false,
    "IsBiffe": false,
    "WeightconversionFactor": "0",
    "IsWeightArticle": false,
    "nutriscoreLabel": "E",
    "IsBio": false,
    "CountryOfOrigin": "BELGIË",
    "IsExclusivelySoldInLuxembourg": false,
    "OrderUnit": "P",
    "ShortName": "TIENEN FIJN 1 KG",
    "IsNew": false,
    "EcoscoreLabel": "A",
    "RecentQuanityOfStockUnits": "10,1",
    "LongName": "TIENSE SUIKER fijne suiker 1kg",
    "AlcoholVolume": "0",
    "FicCode": "E",
    "EcoscoreValue": "100"
  },
  {
    "productId": "680",
    "technicalArticleNumber": "12261",
    "commercialArticleNumber": "12261",
    "name": "noodles chinese eiermie",
    "description": "*Chinese eiermie",
    "brand": "SOUBRY",
    "seoBrand": "Soubry",
    "thumbNail": "https://static.colruytgroup.com/images/200x200/std.lang.all/71/80/asset-367180.jpg",
    "fullImage": "https://static.colruytgroup.com/images/500x500/std.lang.all/71/80/asset-367180.jpg",
    "squareImage": "https://static.colruytgroup.com/images/500x500sq/std.lang.all/71/80/asset-367180.jpg",
    "content": "250g",
    "walkRouteSequenceNumber": 8505,
    "price": {
      "basicPrice": 0.99,
      "recommendedQuantity": "1.0",
      "measurementUnitPrice": 3.96,
      "measurementUnit": "K",
      "isRedPrice": false,
      "pricePerUOM": 3.96,
      "activationDate": "14-02-2024",
      "recordSource": "Offline",
      "isPromoActive": "N",
      "priceChangeCode": "E"
    },
    "isAvailable": true,
    "isPriceAvailable": true,
    "inPromo": false,
    "gtin": [
      "65410028120135",
      "05410028120126"
    ],
    "topCategoryName": "Kruidenierswaren/Droge voeding",
    "topCategoryId": "233",
    "businessDomain": "RETAIL_BE",
    "IsPrivateLabel": false,
    "IsBiffe": false,
    "WeightconversionFactor": "0",
    "IsWeightArticle": false,
    "nutriscoreLabel": "A",
    "IsBio": false,
    "CountryOfOrigin": "BELGIË",
    "IsExclusivelySoldInLuxembourg": false,
    "OrderUnit": "P",
    "ShortName": "SOUBRY CHIN EIERMIE250G",
    "IsNew": false,
    "EcoscoreLabel": "A",
    "RecentQuanityOfStockUnits": "1,12",
    "LongName": "SOUBRY noodles chinese eiermie 250g",
    "AlcoholVolume": "0",
    "FicCode": "E",
    "EcoscoreValue": "98"
  },
  {
    "productId": "17666",
    "technicalArticleNumber": "1543109",
    "commercialArticleNumber": "14292",
    "name": "rijst thai",
    "description": "*Losse rijst\n*kooktijd:15 minuten",
    "brand": "BONI",
    "seoBrand": "Boni Selection",
    "thumbNail": "https://static.colruytgroup.com/images/200x200/std.lang.all/74/73/asset-2917473.jpg",
    "fullImage": "https://static.colruytgroup.com/images/500x500/std.lang.all/74/73/asset-2917473.jpg",
    "squareImage": "https://static.colruytgroup.com/images/500x500sq/std.lang.all/74/73/asset-2917473.jpg",
    "content": "2kg",
    "walkRouteSequenceNumber": 8322,
    "price": {
      "basicPrice": 3.13,
      "recommendedQuantity": "1.0",
      "measurementUnitPrice": 1.57,
      "measurementUnit": "K",
      "isRedPrice": false,
      "pricePerUOM": 1.57,
      "activationDate": "20-03-2024",
      "recordSource": "Folder",
      "isPromoActive": "N",
      "priceChangeCode": "L"
    },
    "isAvailable": true,
    "isPriceAvailable": true,
    "inPromo": false,
    "gtin": [
      "05400141070279",
      "05400141239225",
      "15400141142256"
    ],
    "topCategoryName": "Kruidenierswaren/Droge voeding",
    "topCategoryId": "233",
    "businessDomain": "RETAIL_BE",
    "IsPrivateLabel": true,
    "IsBiffe": false,
    "WeightconversionFactor": "0",
    "IsWeightArticle": false,
    "nutriscoreLabel": "B",
    "IsBio": false,
    "CountryOfOrigin": "BELGIË",
    "IsExclusivelySoldInLuxembourg": false,
    "OrderUnit": "P",
    "ShortName": "BONI SELE THAIRIJST 2KG",
    "IsNew": false,
    "EcoscoreLabel": "E",
    "RecentQuanityOfStockUnits": "1,6",
    "LongName": "BONI rijst thai 2kg",
    "AlcoholVolume": "0",
    "FicCode": "I",
    "EcoscoreValue": "10"
  },
  {
    "productId": "50444",
    "technicalArticleNumber": "2180661",
    "commercialArticleNumber": "14989",
    "name": "tomato ketchup TD",
    "brand": "HEINZ",
    "seoBrand": "Heinz",
    "thumbNail": "https://static.colruytgroup.com/images/200x200/std.lang.all/51/13/asset-1145113.jpg",
    "fullImage": "https://static.colruytgroup.com/images/500x500/std.lang.all/51/13/asset-1145113.jpg",
    "squareImage": "https://static.colruytgroup.com/images/500x500sq/std.lang.all/51/13/asset-1145113.jpg",
    "content": "605ml",
    "walkRouteSequenceNumber": 8192,
    "price": {
      "basicPrice": 3.17,
      "recommendedQuantity": "1.0",
      "measurementUnitPrice": 5.24,
      "measurementUnit": "L",
      "isRedPrice": false,
      "pricePerUOM": 5.24,
      "activationDate": "04-01-2024",
      "recordSource": "Offline",
      "isPromoActive": "N",
      "priceChangeCode": "E"
    },
    "isAvailable": true,
    "isPriceAvailable": true,
    "inPromo": false,
    "gtin": [
      "08715700122113",
      "08715700220970",
      "08715700500263",
      "08715700406251",
      "08715700406268",
      "08715700421650",
      "00000087157260"
    ],
    "topCategoryName": "Kruidenierswaren/Droge voeding",
    "topCategoryId": "233",
    "businessDomain": "RETAIL_BE",
    "IsPrivateLabel": false,
    "IsBiffe": false,
    "WeightconversionFactor": "0",
    "IsWeightArticle": false,
    "IsBio": false,
    "CountryOfOrigin": "EUROPA",
    "IsExclusivelySoldInLuxembourg": false,
    "OrderUnit": "P",
    "ShortName": "HZ TOP DOWN KETC 605ML",
    "IsNew": false,
    "EcoscoreLabel": "B",
    "RecentQuanityOfStockUnits": "1,10",
    "LongName": "HEINZ tomato ketchup TD 605ml",
    "AlcoholVolume": "0",
    "FicCode": "E",
    "EcoscoreValue": "74"
  },
  {
    "productId": "57657",
    "technicalArticleNumber": "2320210",
    "commercialArticleNumber": "16515",
    "name": "saus pita TD",
    "brand": "BONI",
    "seoBrand": "Boni Selection",
    "thumbNail": "https://static.colruytgroup.com/images/200x200/std.lang.all/56/28/asset-2475628.jpg",
    "fullImage": "https://static.colruytgroup.com/images/500x500/std.lang.all/56/28/asset-2475628.jpg",
    "squareImage": "https://static.colruytgroup.com/images/500x500sq/std.lang.all/56/28/asset-2475628.jpg",
    "content": "420ml",
    "walkRouteSequenceNumber": 8120,
    "price": {
      "basicPrice": 1.62,
      "recommendedQuantity": "1.0",
      "measurementUnitPrice": 3.86,
      "measurementUnit": "L",
      "isRedPrice": false,
      "pricePerUOM": 3.86,
      "activationDate": "20-03-2024",
      "recordSource": "Folder",
      "isPromoActive": "N",
      "priceChangeCode": "L"
    },
    "isAvailable": true,
    "isPriceAvailable": true,
    "inPromo": false,
    "gtin": [
      "05400141115406",
      "15400141902362",
      "05400141902365",
      "05400141301441",
      "15400141829225",
      "15400141165156",
      "05400141358650"
    ],
    "topCategoryName": "Kruidenierswaren/Droge voeding",
    "topCategoryId": "233",
    "businessDomain": "RETAIL_BE",
    "IsPrivateLabel": true,
    "IsBiffe": false,
    "WeightconversionFactor": "0",
    "IsWeightArticle": false,
    "nutriscoreLabel": "D",
    "IsBio": false,
    "CountryOfOrigin": "BELGIË",
    "IsExclusivelySoldInLuxembourg": false,
    "OrderUnit": "P",
    "ShortName": "BONI PITASAUS SQ 420 ML",
    "IsNew": false,
    "EcoscoreLabel": "B",
    "RecentQuanityOfStockUnits": "1,10",
    "LongName": "BONI saus pita TD 420ml",
    "AlcoholVolume": "0",
    "FicCode": "I",
    "EcoscoreValue": "67"
  },
  {
    "productId": "731188",
    "technicalArticleNumber": "4488657",
    "commercialArticleNumber": "8170",
    "name": "olijven natuur",
    "description": "*Groene olijf ontpit",
    "brand": "BONI",
    "seoBrand": "Boni Selection",
    "thumbNail": "https://static.colruytgroup.com/images/200x200/std.lang.all/16/18/asset-2741618.jpg",
    "fullImage": "https://static.colruytgroup.com/images/500x500/std.lang.all/16/18/asset-2741618.jpg",
    "squareImage": "https://static.colruytgroup.com/images/500x500sq/std.lang.all/16/18/asset-2741618.jpg",
    "content": "150g",
    "walkRouteSequenceNumber": 7694,
    "price": {
      "basicPrice": 2.79,
      "recommendedQuantity": "1.0",
      "quantityPrice": 2.57,
      "quantityPriceQuantity": "3.0",
      "measurementUnitPrice": 18.6,
      "measurementUnitQuantityPrice": 17.14,
      "measurementUnit": "K",
      "isRedPrice": false,
      "pricePerUOM": 18.6,
      "activationDate": "31-10-2022",
      "isPromoActive": "N",
      "priceChangeCode": "E",
      "quantityPricePerUOM": 17.14,
      "quantityActivationDate": "31-10-2022",
      "quantityPriceChangeCode": "H"
    },
    "isAvailable": true,
    "isPriceAvailable": true,
    "inPromo": false,
    "gtin": [
      "05400141466829",
      "05400141886207",
      "15400141705901",
      "05400141705904"
    ],
    "topCategoryName": "Chips/Borrelhapjes",
    "topCategoryId": "306",
    "businessDomain": "RETAIL_BE",
    "IsPrivateLabel": true,
    "IsBiffe": false,
    "WeightconversionFactor": "0",
    "IsWeightArticle": false,
    "nutriscoreLabel": "C",
    "IsBio": false,
    "CountryOfOrigin": "GRIEKENLAND",
    "IsExclusivelySoldInLuxembourg": false,
    "OrderUnit": "P",
    "ShortName": "BONI OLIJF NATUUR 150G",
    "IsNew": false,
    "EcoscoreLabel": "A",
    "RecentQuanityOfStockUnits": "1,12",
    "LongName": "BONI olijven natuur 150g",
    "FicCode": "I",
    "EcoscoreValue": "93"
  },
  {
    "productId": "24197",
    "technicalArticleNumber": "1957043",
    "commercialArticleNumber": "3313",
    "name": "lasagne all'uovo",
    "description": "*Italië\n*kooktijd:20 minuten\n*Eiwit: 13,5 g/100 g",
    "brand": "BARILLA COLLEZIONE",
    "seoBrand": "Barilla",
    "thumbNail": "https://static.colruytgroup.com/images/200x200/std.lang.all/39/49/asset-3253949.jpg",
    "fullImage": "https://static.colruytgroup.com/images/500x500/std.lang.all/39/49/asset-3253949.jpg",
    "squareImage": "https://static.colruytgroup.com/images/500x500sq/std.lang.all/39/49/asset-3253949.jpg",
    "content": "500g",
    "walkRouteSequenceNumber": 8216,
    "price": {
      "basicPrice": 5.55,
      "recommendedQuantity": "1.0",
      "measurementUnitPrice": 11.1,
      "measurementUnit": "K",
      "isRedPrice": false,
      "pricePerUOM": 11.1,
      "activationDate": "14-03-2024",
      "recordSource": "Offline",
      "isPromoActive": "N",
      "priceChangeCode": "E"
    },
    "isAvailable": true,
    "isPriceAvailable": true,
    "inPromo": false,
    "gtin": [
      "08076809037143",
      "08076800376999"
    ],
    "topCategoryName": "Kruidenierswaren/Droge voeding",
    "topCategoryId": "233",
    "businessDomain": "RETAIL_BE",
    "IsPrivateLabel": false,
    "IsBiffe": false,
    "WeightconversionFactor": "0",
    "IsWeightArticle": false,
    "nutriscoreLabel": "A",
    "IsBio": false,
    "CountryOfOrigin": "ITALIË",
    "IsExclusivelySoldInLuxembourg": false,
    "OrderUnit": "P",
    "ShortName": "BAR.COLLEZ.LASAG.EI 500",
    "IsNew": false,
    "EcoscoreLabel": "B",
    "RecentQuanityOfStockUnits": "1,15",
    "LongName": "BARILLA COLLEZIONE lasagne all'uovo 500g",
    "AlcoholVolume": "0",
    "FicCode": "E",
    "EcoscoreValue": "62"
  },
  {
    "productId": "21601",
    "technicalArticleNumber": "2157001",
    "commercialArticleNumber": "1188",
    "name": "bloem vloeiend",
    "description": "*Vloeiende\ntarwebloem\n*Geschikt voor zoete\nen hartige bereiding\n*Voor broodmachine",
    "brand": "BONI",
    "seoBrand": "Boni Selection",
    "thumbNail": "https://static.colruytgroup.com/images/200x200/std.lang.all/60/17/asset-2096017.jpg",
    "fullImage": "https://static.colruytgroup.com/images/500x500/std.lang.all/60/17/asset-2096017.jpg",
    "squareImage": "https://static.colruytgroup.com/images/500x500sq/std.lang.all/60/17/asset-2096017.jpg",
    "content": "1kg",
    "walkRouteSequenceNumber": 9458,
    "price": {
      "basicPrice": 0.99,
      "recommendedQuantity": "1.0",
      "measurementUnitPrice": 0.99,
      "measurementUnit": "K",
      "isRedPrice": false,
      "pricePerUOM": 0.99,
      "activationDate": "14-11-2023",
      "recordSource": "Offline",
      "isPromoActive": "N",
      "priceChangeCode": "E"
    },
    "isAvailable": true,
    "isPriceAvailable": true,
    "inPromo": false,
    "gtin": [
      "15400141333029",
      "05400141333022",
      "05400141111880",
      "05400141377798",
      "05400141364347",
      "05400141166316"
    ],
    "topCategoryName": "Kruidenierswaren/Droge voeding",
    "topCategoryId": "233",
    "businessDomain": "RETAIL_BE",
    "IsPrivateLabel": true,
    "IsBiffe": false,
    "WeightconversionFactor": "0",
    "IsWeightArticle": false,
    "nutriscoreLabel": "A",
    "IsBio": false,
    "CountryOfOrigin": "BELGIË",
    "IsExclusivelySoldInLuxembourg": false,
    "OrderUnit": "P",
    "ShortName": "BONI VLOEIEND BLOEM 1KG",
    "IsNew": false,
    "EcoscoreLabel": "A",
    "RecentQuanityOfStockUnits": "1,10",
    "LongName": "BONI bloem vloeiend 1kg",
    "AlcoholVolume": "0",
    "FicCode": "I",
    "EcoscoreValue": "91"
  },
  {
    "productId": "33",
    "technicalArticleNumber": "14933",
    "commercialArticleNumber": "14933",
    "name": "bindmiddel bruin",
    "description": "*Sausbinder\n*Makkelijk bereiden\n*Vleesjus\n*Zonder klonters\n*Culinaire hulp",
    "brand": "MAIZENA EXPRESS",
    "seoBrand": "Maizena Express",
    "thumbNail": "https://static.colruytgroup.com/images/200x200/std.lang.all/62/51/asset-2796251.jpg",
    "fullImage": "https://static.colruytgroup.com/images/500x500/std.lang.all/62/51/asset-2796251.jpg",
    "squareImage": "https://static.colruytgroup.com/images/500x500sq/std.lang.all/62/51/asset-2796251.jpg",
    "content": "250g",
    "walkRouteSequenceNumber": 9703,
    "price": {
      "basicPrice": 1.99,
      "recommendedQuantity": "2.0",
      "measurementUnitPrice": 7.96,
      "measurementUnit": "K",
      "isRedPrice": false,
      "pricePerUOM": 7.96,
      "activationDate": "14-11-2023",
      "recordSource": "Offline",
      "isPromoActive": "N",
      "priceChangeCode": "E"
    },
    "isAvailable": true,
    "isPriceAvailable": true,
    "inPromo": false,
    "gtin": [
      "05400141149333",
      "08711100180074",
      "08711100080077"
    ],
    "topCategoryName": "Kruidenierswaren/Droge voeding",
    "topCategoryId": "233",
    "businessDomain": "RETAIL_BE",
    "IsPrivateLabel": false,
    "IsBiffe": false,
    "WeightconversionFactor": "0",
    "IsWeightArticle": false,
    "nutriscoreLabel": "C",
    "IsBio": false,
    "CountryOfOrigin": "DUITSLAND",
    "IsExclusivelySoldInLuxembourg": false,
    "OrderUnit": "P",
    "ShortName": "MAIZENA EXPR BRUIN 250G",
    "IsNew": false,
    "EcoscoreLabel": "B",
    "RecentQuanityOfStockUnits": "2,16,1",
    "LongName": "MAIZENA EXPRESS bindmiddel bruin 250g",
    "AlcoholVolume": "0",
    "FicCode": "E",
    "EcoscoreValue": "73"
  },
  {
    "productId": "30",
    "technicalArticleNumber": "14929",
    "commercialArticleNumber": "14929",
    "name": "zetmeel maïs",
    "description": "*Geschikt voor\nsauzen, soepen,\ngroenten in sauzen",
    "brand": "BONI",
    "seoBrand": "Boni Selection",
    "thumbNail": "https://static.colruytgroup.com/images/200x200/std.lang.all/38/66/asset-2713866.jpg",
    "fullImage": "https://static.colruytgroup.com/images/500x500/std.lang.all/38/66/asset-2713866.jpg",
    "squareImage": "https://static.colruytgroup.com/images/500x500sq/std.lang.all/38/66/asset-2713866.jpg",
    "content": "400g",
    "walkRouteSequenceNumber": 9705,
    "price": {
      "basicPrice": 1.19,
      "recommendedQuantity": "1.0",
      "measurementUnitPrice": 2.98,
      "measurementUnit": "K",
      "isRedPrice": false,
      "pricePerUOM": 2.98,
      "activationDate": "17-02-2024",
      "recordSource": "Offline",
      "isPromoActive": "N",
      "priceChangeCode": "E"
    },
    "isAvailable": true,
    "isPriceAvailable": true,
    "inPromo": false,
    "gtin": [
      "05400141088472",
      "05400141184068",
      "05400141331714",
      "05400141380453",
      "05400141449297",
      "15400141331711",
      "15400141449294",
      "05400141451801",
      "15400141451808"
    ],
    "topCategoryName": "Kruidenierswaren/Droge voeding",
    "topCategoryId": "233",
    "businessDomain": "RETAIL_BE",
    "IsPrivateLabel": true,
    "IsBiffe": false,
    "WeightconversionFactor": "0",
    "IsWeightArticle": false,
    "nutriscoreLabel": "C",
    "IsBio": false,
    "CountryOfOrigin": "BELGIË",
    "IsExclusivelySoldInLuxembourg": false,
    "OrderUnit": "P",
    "ShortName": "BONI MAISZETMEEL 400G",
    "IsNew": false,
    "EcoscoreLabel": "B",
    "RecentQuanityOfStockUnits": "18,1",
    "LongName": "BONI zetmeel maïs 400g",
    "AlcoholVolume": "0",
    "FicCode": "I",
    "EcoscoreValue": "73"
  },
  {
    "productId": "807",
    "technicalArticleNumber": "13501",
    "commercialArticleNumber": "13501",
    "name": "saus zoetzuur",
    "brand": "BONI",
    "seoBrand": "Boni Selection",
    "thumbNail": "https://static.colruytgroup.com/images/200x200/std.lang.all/83/69/asset-3028369.jpg",
    "fullImage": "https://static.colruytgroup.com/images/500x500/std.lang.all/83/69/asset-3028369.jpg",
    "squareImage": "https://static.colruytgroup.com/images/500x500sq/std.lang.all/83/69/asset-3028369.jpg",
    "content": "500g",
    "walkRouteSequenceNumber": 8252,
    "price": {
      "basicPrice": 1.58,
      "recommendedQuantity": "1.0",
      "measurementUnitPrice": 3.16,
      "measurementUnit": "K",
      "isRedPrice": false,
      "pricePerUOM": 3.16,
      "activationDate": "23-01-2024",
      "recordSource": "Offline",
      "isPromoActive": "N",
      "priceChangeCode": "H"
    },
    "isAvailable": true,
    "isPriceAvailable": true,
    "inPromo": false,
    "gtin": [
      "05400141117196",
      "05400141130409",
      "05400141135015",
      "05400141189797",
      "15400141130406",
      "15400141928836",
      "15400141189794",
      "15400141881353",
      "05400141046342",
      "15400141046349"
    ],
    "topCategoryName": "Kruidenierswaren/Droge voeding",
    "topCategoryId": "233",
    "businessDomain": "RETAIL_BE",
    "IsPrivateLabel": true,
    "IsBiffe": false,
    "WeightconversionFactor": "0",
    "IsWeightArticle": false,
    "nutriscoreLabel": "C",
    "IsBio": false,
    "CountryOfOrigin": "BELGIË",
    "IsExclusivelySoldInLuxembourg": false,
    "OrderUnit": "P",
    "ShortName": "BONI ZOETZURE SAUS 500G",
    "IsNew": false,
    "EcoscoreLabel": "A",
    "RecentQuanityOfStockUnits": "1",
    "LongName": "BONI saus zoetzuur 500g",
    "AlcoholVolume": "0",
    "FicCode": "I",
    "EcoscoreValue": "95"
  },
  {
    "productId": "60009",
    "technicalArticleNumber": "2376911",
    "commercialArticleNumber": "26965",
    "name": "bouillon voor vlees",
    "description": "*Bouillon voor vlees\n*Blokjes",
    "brand": "EVERYDAY",
    "seoBrand": "Everyday",
    "thumbNail": "https://static.colruytgroup.com/images/200x200/std.lang.all/39/64/asset-3453964.jpg",
    "fullImage": "https://static.colruytgroup.com/images/500x500/std.lang.all/39/64/asset-3453964.jpg",
    "squareImage": "https://static.colruytgroup.com/images/500x500sq/std.lang.all/39/64/asset-3453964.jpg",
    "content": "12st",
    "walkRouteSequenceNumber": 6548,
    "price": {
      "basicPrice": 0.39,
      "recommendedQuantity": "1.0",
      "measurementUnitPrice": 3.25,
      "measurementUnit": "K",
      "isRedPrice": false,
      "pricePerUOM": 3.25,
      "activationDate": "02-02-2024",
      "recordSource": "Offline",
      "isPromoActive": "N",
      "priceChangeCode": "E"
    },
    "isAvailable": true,
    "isPriceAvailable": true,
    "inPromo": false,
    "gtin": [
      "05400141269659",
      "05400141377231",
      "15400141834717",
      "05400141839975",
      "15400141839972",
      "05400141415445",
      "15400141415442"
    ],
    "topCategoryName": "Kruidenierswaren/Droge voeding",
    "topCategoryId": "233",
    "businessDomain": "RETAIL_BE",
    "IsPrivateLabel": true,
    "IsBiffe": false,
    "WeightconversionFactor": "0",
    "IsWeightArticle": false,
    "nutriscoreLabel": "C",
    "IsBio": false,
    "CountryOfOrigin": "SPANJE",
    "IsExclusivelySoldInLuxembourg": false,
    "OrderUnit": "P",
    "ShortName": "EVD BOUILLON VLEES 12T",
    "IsNew": false,
    "EcoscoreLabel": "B",
    "RecentQuanityOfStockUnits": "1,42",
    "LongName": "EVERYDAY bouillon voor vlees 12st",
    "AlcoholVolume": "0",
    "FicCode": "I",
    "EcoscoreValue": "79"
  },
  {
    "productId": "27688",
    "technicalArticleNumber": "2240736",
    "commercialArticleNumber": "4220",
    "name": "tarwe toasts",
    "description": "*Cracotten,\nrechthoekig\n*Vershoudzakjes\n2x18 stuks\n*Met 98 % granen",
    "brand": "BONI",
    "seoBrand": "Boni Selection",
    "thumbNail": "https://static.colruytgroup.com/images/200x200/std.lang.all/36/05/asset-3013605.jpg",
    "fullImage": "https://static.colruytgroup.com/images/500x500/std.lang.all/36/05/asset-3013605.jpg",
    "squareImage": "https://static.colruytgroup.com/images/500x500sq/std.lang.all/36/05/asset-3013605.jpg",
    "content": "250g",
    "walkRouteSequenceNumber": 17057,
    "price": {
      "basicPrice": 0.99,
      "recommendedQuantity": "1.0",
      "measurementUnitPrice": 3.96,
      "measurementUnit": "K",
      "isRedPrice": false,
      "pricePerUOM": 3.96,
      "activationDate": "14-11-2023",
      "recordSource": "Offline",
      "isPromoActive": "N",
      "priceChangeCode": "E"
    },
    "isAvailable": true,
    "isPriceAvailable": true,
    "inPromo": false,
    "gtin": [
      "05400141052695",
      "05400141042221",
      "05400141168983",
      "05400141263152",
      "05400141399844",
      "15400141263159",
      "15400141399841",
      "15400141477587",
      "05400141477580"
    ],
    "topCategoryName": "Brood/Ontbijt",
    "topCategoryId": "124",
    "businessDomain": "RETAIL_BE",
    "IsPrivateLabel": true,
    "IsBiffe": false,
    "WeightconversionFactor": "0",
    "IsWeightArticle": false,
    "nutriscoreLabel": "B",
    "IsBio": false,
    "CountryOfOrigin": "DUITSLAND",
    "IsExclusivelySoldInLuxembourg": false,
    "OrderUnit": "P",
    "ShortName": "BONI TARWE TOASTS 250G",
    "IsNew": false,
    "EcoscoreLabel": "A",
    "RecentQuanityOfStockUnits": "1,12",
    "LongName": "BONI tarwe toasts 250g",
    "AlcoholVolume": "0",
    "FicCode": "I",
    "EcoscoreValue": "87"
  },
  {
    "productId": "172538",
    "technicalArticleNumber": "3370174",
    "commercialArticleNumber": "20452",
    "name": "penne rigate volkoren",
    "description": "*Kooktijd:\n8 minuten\n*Eiwit: 13,5 g/100 g",
    "brand": "BONI",
    "seoBrand": "Boni Selection",
    "thumbNail": "https://static.colruytgroup.com/images/200x200/std.lang.all/06/10/asset-3330610.jpg",
    "fullImage": "https://static.colruytgroup.com/images/500x500/std.lang.all/06/10/asset-3330610.jpg",
    "squareImage": "https://static.colruytgroup.com/images/500x500sq/std.lang.all/06/10/asset-3330610.jpg",
    "content": "500g",
    "walkRouteSequenceNumber": 8167,
    "price": {
      "basicPrice": 1.09,
      "recommendedQuantity": "2.0",
      "measurementUnitPrice": 2.18,
      "measurementUnit": "K",
      "isRedPrice": false,
      "pricePerUOM": 2.18,
      "activationDate": "11-01-2024",
      "recordSource": "Offline",
      "isPromoActive": "N",
      "priceChangeCode": "H"
    },
    "isAvailable": true,
    "isPriceAvailable": true,
    "inPromo": false,
    "gtin": [
      "05400141243024",
      "05400141288377",
      "05400141324129",
      "15400141243021",
      "15400141768548",
      "05400141768541"
    ],
    "topCategoryName": "Kruidenierswaren/Droge voeding",
    "topCategoryId": "233",
    "businessDomain": "RETAIL_BE",
    "IsPrivateLabel": true,
    "IsBiffe": false,
    "WeightconversionFactor": "0",
    "IsWeightArticle": false,
    "nutriscoreLabel": "A",
    "IsBio": false,
    "CountryOfOrigin": "BELGIË",
    "IsExclusivelySoldInLuxembourg": false,
    "OrderUnit": "P",
    "ShortName": "BONI PENNE VOLKOREN 500",
    "IsNew": false,
    "EcoscoreLabel": "A",
    "RecentQuanityOfStockUnits": "1,2,12",
    "LongName": "BONI penne rigate volkoren 500g",
    "AlcoholVolume": "0",
    "FicCode": "I",
    "EcoscoreValue": "98"
  },
  {
    "productId": "571907",
    "technicalArticleNumber": "4217958",
    "commercialArticleNumber": "15907",
    "name": "pesto Genovese",
    "brand": "BARILLA",
    "seoBrand": "Barilla",
    "thumbNail": "https://static.colruytgroup.com/images/200x200/std.lang.all/57/65/asset-3405765.jpg",
    "fullImage": "https://static.colruytgroup.com/images/500x500/std.lang.all/57/65/asset-3405765.jpg",
    "squareImage": "https://static.colruytgroup.com/images/500x500sq/std.lang.all/57/65/asset-3405765.jpg",
    "content": "190g",
    "walkRouteSequenceNumber": 8383,
    "price": {
      "basicPrice": 3.99,
      "recommendedQuantity": "1.0",
      "measurementUnitPrice": 21,
      "measurementUnit": "K",
      "isRedPrice": false,
      "pricePerUOM": 21,
      "activationDate": "14-03-2024",
      "recordSource": "Offline",
      "isPromoActive": "N",
      "priceChangeCode": "E"
    },
    "isAvailable": true,
    "isPriceAvailable": true,
    "inPromo": false,
    "gtin": [
      "08076809077446",
      "08076809513753",
      "08076809035064"
    ],
    "topCategoryName": "Kruidenierswaren/Droge voeding",
    "topCategoryId": "233",
    "businessDomain": "RETAIL_BE",
    "IsPrivateLabel": false,
    "IsBiffe": false,
    "WeightconversionFactor": "0",
    "IsWeightArticle": false,
    "nutriscoreLabel": "E",
    "IsBio": false,
    "CountryOfOrigin": "ITALIË",
    "IsExclusivelySoldInLuxembourg": false,
    "OrderUnit": "P",
    "ShortName": "BARI PESTO ALLA GENO190",
    "IsNew": false,
    "EcoscoreLabel": "D",
    "RecentQuanityOfStockUnits": "1,12",
    "LongName": "BARILLA pesto Genovese 190g",
    "FicCode": "E",
    "EcoscoreValue": "38"
  },
  {
    "productId": "191743",
    "technicalArticleNumber": "3450035",
    "commercialArticleNumber": "50212",
    "name": "suiker vanil.smaa.zakjes",
    "brand": "IMPERIAL",
    "seoBrand": "Imperial",
    "thumbNail": "https://static.colruytgroup.com/images/200x200/std.lang.all/21/76/asset-1392176.jpg",
    "fullImage": "https://static.colruytgroup.com/images/500x500/std.lang.all/21/76/asset-1392176.jpg",
    "squareImage": "https://static.colruytgroup.com/images/500x500sq/std.lang.all/21/76/asset-1392176.jpg",
    "content": "10x10g",
    "walkRouteSequenceNumber": 9455,
    "price": {
      "basicPrice": 1.39,
      "recommendedQuantity": "1.0",
      "quantityPrice": 1.19,
      "quantityPriceQuantity": "3.0",
      "measurementUnitPrice": 13.9,
      "measurementUnitQuantityPrice": 11.9,
      "measurementUnit": "K",
      "isRedPrice": false,
      "pricePerUOM": 13.9,
      "activationDate": "20-03-2024",
      "recordSource": "Offline",
      "isPromoActive": "N",
      "priceChangeCode": "E",
      "quantityPricePerUOM": 11.9,
      "quantityActivationDate": "20-03-2024",
      "quantityPriceChangeCode": "H"
    },
    "isAvailable": true,
    "isPriceAvailable": true,
    "inPromo": false,
    "gtin": [
      "05410056796119",
      "05410056705630",
      "05410056196117",
      "05410056010079"
    ],
    "topCategoryName": "Kruidenierswaren/Droge voeding",
    "topCategoryId": "233",
    "businessDomain": "RETAIL_BE",
    "IsPrivateLabel": false,
    "IsBiffe": false,
    "WeightconversionFactor": "0",
    "IsWeightArticle": false,
    "nutriscoreLabel": "E",
    "IsBio": false,
    "CountryOfOrigin": "BELGIË",
    "IsExclusivelySoldInLuxembourg": false,
    "OrderUnit": "P",
    "ShortName": "IMP.VANILLESUIKER 10X10",
    "IsNew": false,
    "RecentQuanityOfStockUnits": "30,1",
    "LongName": "IMPERIAL suiker vanil.smaa.zakjes 10x10g",
    "AlcoholVolume": "0",
    "FicCode": "E"
  },
  {
    "productId": "265589",
    "technicalArticleNumber": "3631859",
    "commercialArticleNumber": "19623",
    "name": "pasta rigatoni n.89",
    "brand": "BARILLA",
    "seoBrand": "Barilla",
    "thumbNail": "https://static.colruytgroup.com/images/200x200/std.lang.all/94/19/asset-3159419.jpg",
    "fullImage": "https://static.colruytgroup.com/images/500x500/std.lang.all/94/19/asset-3159419.jpg",
    "squareImage": "https://static.colruytgroup.com/images/500x500sq/std.lang.all/94/19/asset-3159419.jpg",
    "content": "500g",
    "walkRouteSequenceNumber": 8224,
    "price": {
      "basicPrice": 2.12,
      "recommendedQuantity": "1.0",
      "measurementUnitPrice": 4.24,
      "measurementUnit": "K",
      "isRedPrice": false,
      "pricePerUOM": 4.24,
      "activationDate": "05-03-2024",
      "isPromoActive": "N",
      "priceChangeCode": "H"
    },
    "isAvailable": true,
    "isPriceAvailable": true,
    "inPromo": false,
    "gtin": [
      "08076802085899",
      "08076809072595"
    ],
    "topCategoryName": "Kruidenierswaren/Droge voeding",
    "topCategoryId": "233",
    "businessDomain": "RETAIL_BE",
    "IsPrivateLabel": false,
    "IsBiffe": false,
    "WeightconversionFactor": "0",
    "IsWeightArticle": false,
    "nutriscoreLabel": "A",
    "IsBio": false,
    "CountryOfOrigin": "ITALIË",
    "IsExclusivelySoldInLuxembourg": false,
    "OrderUnit": "P",
    "ShortName": "BARILLA RIGATONI 500G",
    "IsNew": false,
    "EcoscoreLabel": "B",
    "RecentQuanityOfStockUnits": "1,10",
    "LongName": "BARILLA pasta rigatoni n.89 500g",
    "AlcoholVolume": "0",
    "FicCode": "E",
    "EcoscoreValue": "60"
  },
  {
    "productId": "358473",
    "technicalArticleNumber": "3791049",
    "commercialArticleNumber": "19340",
    "name": "Basilico saus",
    "brand": "BARILLA",
    "seoBrand": "Barilla",
    "thumbNail": "https://static.colruytgroup.com/images/200x200/std.lang.all/10/72/asset-2181072.jpg",
    "fullImage": "https://static.colruytgroup.com/images/500x500/std.lang.all/10/72/asset-2181072.jpg",
    "squareImage": "https://static.colruytgroup.com/images/500x500sq/std.lang.all/10/72/asset-2181072.jpg",
    "content": "400g",
    "walkRouteSequenceNumber": 8337,
    "price": {
      "basicPrice": 3.49,
      "recommendedQuantity": "1.0",
      "measurementUnitPrice": 8.73,
      "measurementUnit": "K",
      "isRedPrice": false,
      "pricePerUOM": 8.73,
      "activationDate": "14-03-2024",
      "recordSource": "Offline",
      "isPromoActive": "N",
      "priceChangeCode": "E"
    },
    "isAvailable": true,
    "isPriceAvailable": true,
    "inPromo": false,
    "gtin": [
      "08076809035293",
      "08076809513722"
    ],
    "topCategoryName": "Kruidenierswaren/Droge voeding",
    "topCategoryId": "233",
    "businessDomain": "RETAIL_BE",
    "IsPrivateLabel": false,
    "IsBiffe": false,
    "WeightconversionFactor": "0",
    "IsWeightArticle": false,
    "nutriscoreLabel": "A",
    "IsBio": false,
    "CountryOfOrigin": "ITALIË",
    "IsExclusivelySoldInLuxembourg": false,
    "OrderUnit": "P",
    "ShortName": "BARI BASILICO SAUS 400G",
    "IsNew": false,
    "EcoscoreLabel": "B",
    "RecentQuanityOfStockUnits": "1,6",
    "LongName": "BARILLA Basilico saus 400g",
    "AlcoholVolume": "0",
    "FicCode": "E",
    "EcoscoreValue": "69"
  },
  {
    "productId": "761796",
    "technicalArticleNumber": "4541072",
    "commercialArticleNumber": "1950",
    "name": "Zeezout Crackers",
    "brand": "BONI",
    "seoBrand": "Boni Selection",
    "thumbNail": "https://static.colruytgroup.com/images/200x200/std.lang.all/88/18/asset-2798818.jpg",
    "fullImage": "https://static.colruytgroup.com/images/500x500/std.lang.all/88/18/asset-2798818.jpg",
    "squareImage": "https://static.colruytgroup.com/images/500x500sq/std.lang.all/88/18/asset-2798818.jpg",
    "content": "150g",
    "walkRouteSequenceNumber": 4489,
    "price": {
      "basicPrice": 1.99,
      "recommendedQuantity": "1.0",
      "measurementUnitPrice": 13.27,
      "measurementUnit": "K",
      "isRedPrice": false,
      "pricePerUOM": 13.27,
      "activationDate": "22-03-2024",
      "isPromoActive": "N",
      "priceChangeCode": "E"
    },
    "isAvailable": true,
    "isPriceAvailable": true,
    "inPromo": false,
    "gtin": [
      "15400141657873",
      "05400141657876"
    ],
    "topCategoryName": "Brood/Ontbijt",
    "topCategoryId": "124",
    "businessDomain": "RETAIL_BE",
    "IsPrivateLabel": true,
    "IsBiffe": false,
    "WeightconversionFactor": "0",
    "IsWeightArticle": false,
    "nutriscoreLabel": "E",
    "IsBio": false,
    "CountryOfOrigin": "ITALIË",
    "IsExclusivelySoldInLuxembourg": false,
    "OrderUnit": "P",
    "ShortName": "BONI ZEEZOUT CRACKER150",
    "IsNew": false,
    "EcoscoreLabel": "B",
    "RecentQuanityOfStockUnits": "1,10",
    "LongName": "BONI Zeezout Crackers 150g",
    "FicCode": "I",
    "EcoscoreValue": "67"
  },
  {
    "productId": "876005",
    "technicalArticleNumber": "4730936",
    "commercialArticleNumber": "32251",
    "name": "augurken in azijn extra fijn",
    "description": "*Extra fijne augurken\nop azijn met\neen kruidenmengeling",
    "brand": "BONI",
    "seoBrand": "Boni Selection",
    "thumbNail": "https://static.colruytgroup.com/images/200x200/std.lang.all/44/45/asset-3244445.jpg",
    "fullImage": "https://static.colruytgroup.com/images/500x500/std.lang.all/44/45/asset-3244445.jpg",
    "squareImage": "https://static.colruytgroup.com/images/500x500sq/std.lang.all/44/45/asset-3244445.jpg",
    "content": "670g",
    "walkRouteSequenceNumber": 4593,
    "price": {
      "basicPrice": 1.69,
      "recommendedQuantity": "1.0",
      "measurementUnitPrice": 4.7,
      "measurementUnit": "K",
      "isRedPrice": false,
      "pricePerUOM": 4.7,
      "activationDate": "31-01-2024",
      "recordSource": "Offline",
      "isPromoActive": "N",
      "priceChangeCode": "L"
    },
    "isAvailable": true,
    "isPriceAvailable": true,
    "inPromo": false,
    "gtin": [
      "15400141512271",
      "05400141512274"
    ],
    "topCategoryName": "Kruidenierswaren/Droge voeding",
    "topCategoryId": "233",
    "businessDomain": "RETAIL_BE",
    "IsPrivateLabel": true,
    "IsBiffe": false,
    "WeightconversionFactor": "0",
    "IsWeightArticle": false,
    "IsBio": false,
    "CountryOfOrigin": "BELGIË",
    "IsExclusivelySoldInLuxembourg": false,
    "OrderUnit": "P",
    "ShortName": "BONI S.AUGURK AZIJN670G",
    "IsNew": false,
    "RecentQuanityOfStockUnits": "12,1",
    "LongName": "BONI augurken in azijn extra fijn 670g",
    "AlcoholVolume": "0",
    "FicCode": "I"
  },
  {
    "productId": "159928",
    "technicalArticleNumber": "3283627",
    "commercialArticleNumber": "38546",
    "name": "Brasil saus TD",
    "brand": "BONI",
    "seoBrand": "Boni Selection",
    "thumbNail": "https://static.colruytgroup.com/images/200x200/std.lang.all/79/19/asset-2317919.jpg",
    "fullImage": "https://static.colruytgroup.com/images/500x500/std.lang.all/79/19/asset-2317919.jpg",
    "squareImage": "https://static.colruytgroup.com/images/500x500sq/std.lang.all/79/19/asset-2317919.jpg",
    "content": "300ml",
    "walkRouteSequenceNumber": 8121,
    "price": {
      "basicPrice": 1.27,
      "recommendedQuantity": "1.0",
      "quantityPrice": 1.16,
      "quantityPriceQuantity": "2.0",
      "measurementUnitPrice": 4.24,
      "measurementUnitQuantityPrice": 3.87,
      "measurementUnit": "L",
      "isRedPrice": false,
      "pricePerUOM": 4.24,
      "activationDate": "20-03-2024",
      "recordSource": "Offline",
      "isPromoActive": "N",
      "priceChangeCode": "E",
      "quantityPricePerUOM": 3.87,
      "quantityActivationDate": "20-03-2024",
      "quantityPriceChangeCode": "H"
    },
    "isAvailable": true,
    "isPriceAvailable": true,
    "inPromo": false,
    "gtin": [
      "15400141056683",
      "05400141056686",
      "05400141301588",
      "15400141897491",
      "05400141897494",
      "05400141449358"
    ],
    "topCategoryName": "Kruidenierswaren/Droge voeding",
    "topCategoryId": "233",
    "businessDomain": "RETAIL_BE",
    "IsPrivateLabel": true,
    "IsBiffe": false,
    "WeightconversionFactor": "0",
    "IsWeightArticle": false,
    "nutriscoreLabel": "D",
    "IsBio": false,
    "CountryOfOrigin": "BELGIË",
    "IsExclusivelySoldInLuxembourg": false,
    "OrderUnit": "P",
    "ShortName": "BONI BRASILSAUS TD300ML",
    "InSeason": true,
    "IsNew": false,
    "EcoscoreLabel": "C",
    "RecentQuanityOfStockUnits": "1,10",
    "LongName": "BONI Brasil saus TD 300ml",
    "AlcoholVolume": "0",
    "StartSeasonDate": "23/11/2017",
    "FicCode": "I",
    "EcoscoreValue": "54"
  },
  {
    "productId": "11",
    "technicalArticleNumber": "14748",
    "commercialArticleNumber": "14748",
    "name": "couscous",
    "description": "*Alternatief voor\naardappel, rijst of\npasta\n*kooktijd:7 minuten\n*Recepten:colruyt.be",
    "brand": "BONI",
    "seoBrand": "Boni Selection",
    "thumbNail": "https://static.colruytgroup.com/images/200x200/std.lang.all/48/86/asset-3284886.jpg",
    "fullImage": "https://static.colruytgroup.com/images/500x500/std.lang.all/48/86/asset-3284886.jpg",
    "squareImage": "https://static.colruytgroup.com/images/500x500sq/std.lang.all/48/86/asset-3284886.jpg",
    "content": "1kg",
    "walkRouteSequenceNumber": 8431,
    "price": {
      "basicPrice": 2.19,
      "recommendedQuantity": "1.0",
      "quantityPrice": 1.87,
      "quantityPriceQuantity": "2.0",
      "measurementUnitPrice": 2.19,
      "measurementUnitQuantityPrice": 1.87,
      "measurementUnit": "K",
      "isRedPrice": false,
      "pricePerUOM": 2.19,
      "activationDate": "14-03-2024",
      "recordSource": "Offline",
      "isPromoActive": "N",
      "priceChangeCode": "E",
      "quantityPricePerUOM": 1.87,
      "quantityActivationDate": "14-03-2024",
      "quantityPriceChangeCode": "H"
    },
    "isAvailable": true,
    "isPriceAvailable": true,
    "inPromo": false,
    "gtin": [
      "15400141522935",
      "05400141928334",
      "15400141243304",
      "15400141894056",
      "15400141985891",
      "05400141243307",
      "15400141928331",
      "00000025147483",
      "05400141097320",
      "05400141219043",
      "05400141347487",
      "05400141522938"
    ],
    "topCategoryName": "Kruidenierswaren/Droge voeding",
    "topCategoryId": "233",
    "businessDomain": "RETAIL_BE",
    "IsPrivateLabel": true,
    "IsBiffe": false,
    "WeightconversionFactor": "0",
    "IsWeightArticle": false,
    "nutriscoreLabel": "A",
    "IsBio": false,
    "CountryOfOrigin": "FRANKRIJK",
    "IsExclusivelySoldInLuxembourg": false,
    "OrderUnit": "P",
    "ShortName": "BONI COUSCOUS 1 KG",
    "IsNew": false,
    "EcoscoreLabel": "A",
    "RecentQuanityOfStockUnits": "1,10,1",
    "LongName": "BONI couscous 1kg",
    "AlcoholVolume": "0",
    "FicCode": "I",
    "EcoscoreValue": "80"
  },
  {
    "productId": "113",
    "technicalArticleNumber": "13635",
    "commercialArticleNumber": "13635",
    "name": "nootmuskaat gemalen",
    "description": "*Bevat 50% koriander",
    "brand": "EVERYDAY",
    "seoBrand": "Everyday",
    "thumbNail": "https://static.colruytgroup.com/images/200x200/std.lang.all/48/86/asset-1334886.jpg",
    "fullImage": "https://static.colruytgroup.com/images/500x500/std.lang.all/48/86/asset-1334886.jpg",
    "squareImage": "https://static.colruytgroup.com/images/500x500sq/std.lang.all/48/86/asset-1334886.jpg",
    "content": "100g",
    "walkRouteSequenceNumber": 6404,
    "price": {
      "basicPrice": 1.1,
      "recommendedQuantity": "1.0",
      "measurementUnitPrice": 11,
      "measurementUnit": "K",
      "isRedPrice": false,
      "pricePerUOM": 11,
      "activationDate": "23-12-2023",
      "recordSource": "Offline",
      "isPromoActive": "N",
      "priceChangeCode": "E"
    },
    "isAvailable": true,
    "isPriceAvailable": true,
    "inPromo": false,
    "gtin": [
      "15400141058182",
      "05400141358940",
      "05400141136555",
      "05400141136395",
      "05400141058185",
      "05400141098358",
      "00000025836356"
    ],
    "topCategoryName": "Kruidenierswaren/Droge voeding",
    "topCategoryId": "233",
    "businessDomain": "RETAIL_BE",
    "IsPrivateLabel": true,
    "IsBiffe": false,
    "WeightconversionFactor": "0",
    "IsWeightArticle": false,
    "IsBio": false,
    "CountryOfOrigin": "INDIA",
    "IsExclusivelySoldInLuxembourg": false,
    "OrderUnit": "P",
    "ShortName": "EVD MUSKAAT GEMAL 100G",
    "IsNew": false,
    "EcoscoreLabel": "B",
    "RecentQuanityOfStockUnits": "1,28",
    "LongName": "EVERYDAY nootmuskaat gemalen 100g",
    "AlcoholVolume": "0",
    "FicCode": "I",
    "EcoscoreValue": "79"
  },
  {
    "productId": "106728",
    "technicalArticleNumber": "3132377",
    "commercialArticleNumber": "42870",
    "name": "currypasta rode",
    "description": "*Rode kerrie",
    "brand": "BONI",
    "seoBrand": "Boni Selection",
    "thumbNail": "https://static.colruytgroup.com/images/200x200/std.lang.all/39/58/asset-3003958.jpg",
    "fullImage": "https://static.colruytgroup.com/images/500x500/std.lang.all/39/58/asset-3003958.jpg",
    "squareImage": "https://static.colruytgroup.com/images/500x500sq/std.lang.all/39/58/asset-3003958.jpg",
    "content": "100g",
    "walkRouteSequenceNumber": 8654,
    "price": {
      "basicPrice": 1.29,
      "recommendedQuantity": "1.0",
      "measurementUnitPrice": 12.9,
      "measurementUnit": "K",
      "isRedPrice": false,
      "pricePerUOM": 12.9,
      "activationDate": "22-03-2024",
      "recordSource": "Offline",
      "isPromoActive": "N",
      "priceChangeCode": "E"
    },
    "isAvailable": true,
    "isPriceAvailable": true,
    "inPromo": false,
    "gtin": [
      "15400141792161",
      "05400141792164",
      "15400141290117",
      "05400141123982",
      "05400141290110",
      "05400141074789"
    ],
    "topCategoryName": "Kruidenierswaren/Droge voeding",
    "topCategoryId": "233",
    "businessDomain": "RETAIL_BE",
    "IsPrivateLabel": true,
    "IsBiffe": false,
    "WeightconversionFactor": "0",
    "IsWeightArticle": false,
    "nutriscoreLabel": "E",
    "IsBio": false,
    "CountryOfOrigin": "BELGIË",
    "IsExclusivelySoldInLuxembourg": false,
    "OrderUnit": "P",
    "ShortName": "BONI RODE CURRY 100G",
    "IsNew": false,
    "EcoscoreLabel": "D",
    "RecentQuanityOfStockUnits": "1,12",
    "LongName": "BONI currypasta rode 100g",
    "AlcoholVolume": "0",
    "FicCode": "I",
    "EcoscoreValue": "26"
  },
  {
    "productId": "11642",
    "technicalArticleNumber": "1375141",
    "commercialArticleNumber": "12602",
    "name": "Crunchy tomaten-suprême",
    "description": "*Tomatensuprême met\ncroutons",
    "brand": "ROYCO",
    "seoBrand": "Royco Crunchy",
    "thumbNail": "https://static.colruytgroup.com/images/200x200/std.lang.all/37/23/asset-3353723.jpg",
    "fullImage": "https://static.colruytgroup.com/images/500x500/std.lang.all/37/23/asset-3353723.jpg",
    "squareImage": "https://static.colruytgroup.com/images/500x500sq/std.lang.all/37/23/asset-3353723.jpg",
    "content": "3st",
    "walkRouteSequenceNumber": 16962,
    "price": {
      "basicPrice": 1.49,
      "recommendedQuantity": "2.0",
      "measurementUnitPrice": 24.04,
      "measurementUnit": "K",
      "isRedPrice": false,
      "pricePerUOM": 24.04,
      "activationDate": "20-03-2024",
      "isPromoActive": "Y",
      "priceChangeCode": "H"
    },
    "isAvailable": true,
    "isPriceAvailable": true,
    "inPromo": true,
    "promotion": [
      {
        "techPromoId": "100866COLR",
        "promotionId": "100866",
        "promotionType": "3",
        "isPersonalized": "N",
        "publicationStartDate": "13-03-2024",
        "publicationEndDate": "26-03-2024"
      }
    ],
    "gtin": [
      "05400141126020",
      "05410056186682",
      "05414972705149"
    ],
    "topCategoryName": "Kruidenierswaren/Droge voeding",
    "topCategoryId": "233",
    "businessDomain": "RETAIL_BE",
    "IsPrivateLabel": false,
    "IsBiffe": false,
    "WeightconversionFactor": "0",
    "IsWeightArticle": false,
    "nutriscoreLabel": "C",
    "IsBio": false,
    "CountryOfOrigin": "NEDERLAND",
    "IsExclusivelySoldInLuxembourg": false,
    "OrderUnit": "P",
    "ShortName": "RMS.CRUNCHY TOM.SUPR.3Z",
    "IsNew": false,
    "EcoscoreLabel": "B",
    "RecentQuanityOfStockUnits": "2,1,24",
    "LongName": "ROYCO Crunchy tomaten-suprême 3st",
    "AlcoholVolume": "0",
    "FicCode": "E",
    "EcoscoreValue": "77"
  },
  {
    "productId": "59389",
    "technicalArticleNumber": "2191745",
    "commercialArticleNumber": "15381",
    "name": "mayonaise citroen",
    "description": "*Met scharreleieren\n*Vetgehalte: 22%",
    "brand": "DEVOS LEMMENS",
    "seoBrand": "Devos Lemmens",
    "thumbNail": "https://static.colruytgroup.com/images/200x200/std.lang.all/86/40/asset-1228640.jpg",
    "fullImage": "https://static.colruytgroup.com/images/500x500/std.lang.all/86/40/asset-1228640.jpg",
    "squareImage": "https://static.colruytgroup.com/images/500x500sq/std.lang.all/86/40/asset-1228640.jpg",
    "content": "450ml",
    "walkRouteSequenceNumber": 8075,
    "price": {
      "basicPrice": 2.69,
      "recommendedQuantity": "1.0",
      "measurementUnitPrice": 5.98,
      "measurementUnit": "L",
      "isRedPrice": false,
      "pricePerUOM": 5.98,
      "activationDate": "13-03-2024",
      "recordSource": "Offline",
      "isPromoActive": "N",
      "priceChangeCode": "E"
    },
    "isAvailable": true,
    "isPriceAvailable": true,
    "inPromo": true,
    "promotion": [
      {
        "techPromoId": "100877COLR",
        "promotionId": "100877",
        "promotionType": "3",
        "isPersonalized": "N",
        "publicationStartDate": "13-03-2024",
        "publicationEndDate": "26-03-2024"
      }
    ],
    "gtin": [
      "05410056197749",
      "05410056797741"
    ],
    "topCategoryName": "Kruidenierswaren/Droge voeding",
    "topCategoryId": "233",
    "businessDomain": "RETAIL_BE",
    "IsPrivateLabel": false,
    "IsBiffe": false,
    "WeightconversionFactor": "0",
    "IsWeightArticle": false,
    "nutriscoreLabel": "D",
    "IsBio": false,
    "CountryOfOrigin": "BELGIË",
    "IsExclusivelySoldInLuxembourg": false,
    "OrderUnit": "P",
    "ShortName": "DVL MAYON CITR TD 450ML",
    "IsNew": false,
    "EcoscoreLabel": "D",
    "RecentQuanityOfStockUnits": "1,12",
    "LongName": "DEVOS LEMMENS mayonaise citroen 450ml",
    "AlcoholVolume": "0",
    "FicCode": "E",
    "EcoscoreValue": "34"
  },
  {
    "productId": "454946",
    "technicalArticleNumber": "4015072",
    "commercialArticleNumber": "5034",
    "name": "agavesiroop",
    "brand": "BONI BIO",
    "seoBrand": "Boni Selection Bio",
    "thumbNail": "https://static.colruytgroup.com/images/200x200/std.lang.all/61/22/asset-2416122.jpg",
    "fullImage": "https://static.colruytgroup.com/images/500x500/std.lang.all/61/22/asset-2416122.jpg",
    "squareImage": "https://static.colruytgroup.com/images/500x500sq/std.lang.all/61/22/asset-2416122.jpg",
    "content": "350g",
    "walkRouteSequenceNumber": 9305,
    "price": {
      "basicPrice": 2.48,
      "recommendedQuantity": "1.0",
      "measurementUnitPrice": 7.09,
      "measurementUnit": "K",
      "isRedPrice": false,
      "pricePerUOM": 7.09,
      "activationDate": "06-01-2024",
      "recordSource": "Offline",
      "isPromoActive": "N",
      "priceChangeCode": "L"
    },
    "isAvailable": true,
    "isPriceAvailable": true,
    "inPromo": false,
    "gtin": [
      "15400141415756",
      "05400141415759",
      "05400141234800",
      "15400141234807"
    ],
    "topCategoryName": "Kruidenierswaren/Droge voeding",
    "topCategoryId": "233",
    "businessDomain": "RETAIL_BE",
    "IsPrivateLabel": true,
    "IsBiffe": false,
    "WeightconversionFactor": "0",
    "IsWeightArticle": false,
    "nutriscoreLabel": "D",
    "IsBio": true,
    "CountryOfOrigin": "MEXICO",
    "IsExclusivelySoldInLuxembourg": false,
    "OrderUnit": "P",
    "ShortName": "BONI BIO AGAVESIROOP350",
    "IsNew": false,
    "EcoscoreLabel": "C",
    "RecentQuanityOfStockUnits": "1,8",
    "LongName": "BONI BIO agavesiroop 350g",
    "FicCode": "I",
    "EcoscoreValue": "50"
  },
  {
    "productId": "23246",
    "technicalArticleNumber": "2188433",
    "commercialArticleNumber": "1250",
    "name": "gist instant",
    "description": "*Instantgist",
    "brand": "BRUGGEMAN",
    "seoBrand": "Bruggeman",
    "thumbNail": "https://static.colruytgroup.com/images/200x200/std.lang.all/34/23/asset-1273423.jpg",
    "fullImage": "https://static.colruytgroup.com/images/500x500/std.lang.all/34/23/asset-1273423.jpg",
    "squareImage": "https://static.colruytgroup.com/images/500x500sq/std.lang.all/34/23/asset-1273423.jpg",
    "content": "125g",
    "walkRouteSequenceNumber": 9449,
    "price": {
      "basicPrice": 1.65,
      "recommendedQuantity": "1.0",
      "measurementUnitPrice": 13.2,
      "measurementUnit": "K",
      "isRedPrice": false,
      "pricePerUOM": 13.2,
      "activationDate": "10-02-2024",
      "recordSource": "Offline",
      "isPromoActive": "N",
      "priceChangeCode": "L"
    },
    "isAvailable": true,
    "isPriceAvailable": true,
    "inPromo": false,
    "gtin": [
      "05413066000405",
      "05413066000184",
      "00000054061040"
    ],
    "topCategoryName": "Kruidenierswaren/Droge voeding",
    "topCategoryId": "233",
    "businessDomain": "RETAIL_BE",
    "IsPrivateLabel": false,
    "IsBiffe": false,
    "WeightconversionFactor": "0",
    "IsWeightArticle": false,
    "IsBio": false,
    "CountryOfOrigin": "BELGIË",
    "IsExclusivelySoldInLuxembourg": false,
    "OrderUnit": "P",
    "ShortName": "BRUGGEMAN GIST 125GR",
    "IsNew": false,
    "EcoscoreLabel": "C",
    "RecentQuanityOfStockUnits": "1,12",
    "LongName": "BRUGGEMAN gist instant 125g",
    "AlcoholVolume": "0",
    "FicCode": "E",
    "EcoscoreValue": "58"
  },
  {
    "productId": "191999",
    "technicalArticleNumber": "3463352",
    "commercialArticleNumber": "50347",
    "name": "vinaigrette fijne kruiden",
    "brand": "BONI",
    "seoBrand": "Boni Selection",
    "thumbNail": "https://static.colruytgroup.com/images/200x200/std.lang.all/46/51/asset-2384651.jpg",
    "fullImage": "https://static.colruytgroup.com/images/500x500/std.lang.all/46/51/asset-2384651.jpg",
    "squareImage": "https://static.colruytgroup.com/images/500x500sq/std.lang.all/46/51/asset-2384651.jpg",
    "content": "450ml",
    "walkRouteSequenceNumber": 8066,
    "price": {
      "basicPrice": 1.34,
      "recommendedQuantity": "1.0",
      "measurementUnitPrice": 2.98,
      "measurementUnit": "L",
      "isRedPrice": false,
      "pricePerUOM": 2.98,
      "activationDate": "04-01-2024",
      "recordSource": "Offline",
      "isPromoActive": "N",
      "priceChangeCode": "E"
    },
    "isAvailable": true,
    "isPriceAvailable": true,
    "inPromo": false,
    "gtin": [
      "15400141731580",
      "05400141731583",
      "05400141382280",
      "15400141835981",
      "15400141355489",
      "05400141355482"
    ],
    "topCategoryName": "Kruidenierswaren/Droge voeding",
    "topCategoryId": "233",
    "businessDomain": "RETAIL_BE",
    "IsPrivateLabel": true,
    "IsBiffe": false,
    "WeightconversionFactor": "0",
    "IsWeightArticle": false,
    "nutriscoreLabel": "E",
    "IsBio": false,
    "CountryOfOrigin": "BELGIË",
    "IsExclusivelySoldInLuxembourg": false,
    "OrderUnit": "P",
    "ShortName": "BONI VINAIGRETTE FK 450",
    "IsNew": false,
    "EcoscoreLabel": "B",
    "RecentQuanityOfStockUnits": "1,12",
    "LongName": "BONI vinaigrette fijne kruiden 450ml",
    "AlcoholVolume": "0",
    "FicCode": "I",
    "EcoscoreValue": "63"
  },
  {
    "productId": "149541",
    "technicalArticleNumber": "3300217",
    "commercialArticleNumber": "2389",
    "name": "rodepepersaus pikant",
    "brand": "TABASCO",
    "seoBrand": "Tabasco",
    "thumbNail": "https://static.colruytgroup.com/images/200x200/std.lang.all/65/44/asset-616544.jpg",
    "fullImage": "https://static.colruytgroup.com/images/500x500/std.lang.all/65/44/asset-616544.jpg",
    "squareImage": "https://static.colruytgroup.com/images/500x500sq/std.lang.all/65/44/asset-616544.jpg",
    "content": "60ml",
    "walkRouteSequenceNumber": 8302,
    "price": {
      "basicPrice": 2.79,
      "recommendedQuantity": "1.0",
      "measurementUnitPrice": 46.5,
      "measurementUnit": "L",
      "isRedPrice": false,
      "pricePerUOM": 46.5,
      "activationDate": "21-02-2024",
      "recordSource": "Offline",
      "isPromoActive": "N",
      "priceChangeCode": "H"
    },
    "isAvailable": true,
    "isPriceAvailable": true,
    "inPromo": false,
    "gtin": [
      "00011210115231",
      "20011210600953",
      "00011210600959",
      "00011210116702",
      "00011210000667",
      "00011210000018"
    ],
    "topCategoryName": "Kruidenierswaren/Droge voeding",
    "topCategoryId": "233",
    "businessDomain": "RETAIL_BE",
    "IsPrivateLabel": false,
    "IsBiffe": false,
    "WeightconversionFactor": "0",
    "IsWeightArticle": false,
    "nutriscoreLabel": "C",
    "IsBio": false,
    "CountryOfOrigin": "VERENIGDE STATEN VAN AMERIKA",
    "IsExclusivelySoldInLuxembourg": false,
    "OrderUnit": "P",
    "ShortName": "TABA ROD.PEP.SAUS PIK60",
    "IsNew": false,
    "EcoscoreLabel": "B",
    "RecentQuanityOfStockUnits": "1,12",
    "LongName": "TABASCO rodepepersaus pikant 60ml",
    "AlcoholVolume": "0",
    "FicCode": "E",
    "EcoscoreValue": "70"
  },
  {
    "productId": "274510",
    "technicalArticleNumber": "3631845",
    "commercialArticleNumber": "19608",
    "name": "penne rigate mini",
    "brand": "BARILLA PICCOLINI",
    "seoBrand": "Barilla Piccolini",
    "thumbNail": "https://static.colruytgroup.com/images/200x200/std.lang.all/28/56/asset-2862856.jpg",
    "fullImage": "https://static.colruytgroup.com/images/500x500/std.lang.all/28/56/asset-2862856.jpg",
    "squareImage": "https://static.colruytgroup.com/images/500x500sq/std.lang.all/28/56/asset-2862856.jpg",
    "content": "500g",
    "walkRouteSequenceNumber": 8219,
    "price": {
      "basicPrice": 2.55,
      "recommendedQuantity": "1.0",
      "measurementUnitPrice": 5.1,
      "measurementUnit": "K",
      "isRedPrice": false,
      "pricePerUOM": 5.1,
      "activationDate": "19-03-2024",
      "recordSource": "Offline",
      "isPromoActive": "N",
      "priceChangeCode": "H"
    },
    "isAvailable": true,
    "isPriceAvailable": true,
    "inPromo": false,
    "gtin": [
      "08076809521581",
      "08076809074704"
    ],
    "topCategoryName": "Kruidenierswaren/Droge voeding",
    "topCategoryId": "233",
    "businessDomain": "RETAIL_BE",
    "IsPrivateLabel": false,
    "IsBiffe": false,
    "WeightconversionFactor": "0",
    "IsWeightArticle": false,
    "nutriscoreLabel": "B",
    "IsBio": false,
    "CountryOfOrigin": "ITALIË",
    "IsExclusivelySoldInLuxembourg": false,
    "OrderUnit": "P",
    "ShortName": "BAR.PICCOLINI PENNE 500",
    "InSeason": true,
    "IsNew": false,
    "EcoscoreLabel": "B",
    "RecentQuanityOfStockUnits": "1,16",
    "LongName": "BARILLA PICCOLINI penne rigate mini 500g",
    "AlcoholVolume": "0",
    "StartSeasonDate": "19/08/2020",
    "FicCode": "E",
    "EcoscoreValue": "60"
  },
  {
    "productId": "766054",
    "technicalArticleNumber": "4549070",
    "commercialArticleNumber": "12381",
    "name": "hummus",
    "brand": "BONI",
    "seoBrand": "Boni Selection",
    "thumbNail": "https://static.colruytgroup.com/images/200x200/std.lang.all/36/58/asset-2733658.jpg",
    "fullImage": "https://static.colruytgroup.com/images/500x500/std.lang.all/36/58/asset-2733658.jpg",
    "squareImage": "https://static.colruytgroup.com/images/500x500sq/std.lang.all/36/58/asset-2733658.jpg",
    "content": "450g",
    "walkRouteSequenceNumber": 7758,
    "price": {
      "basicPrice": 2,
      "recommendedQuantity": "1.0",
      "measurementUnitPrice": 4.45,
      "measurementUnit": "K",
      "isRedPrice": false,
      "pricePerUOM": 4.45,
      "activationDate": "07-03-2024",
      "recordSource": "Offline",
      "isPromoActive": "N",
      "priceChangeCode": "E"
    },
    "isAvailable": true,
    "isPriceAvailable": true,
    "inPromo": false,
    "gtin": [
      "05400141608380",
      "15400141608387"
    ],
    "topCategoryName": "Chips/Borrelhapjes",
    "topCategoryId": "306",
    "businessDomain": "RETAIL_BE",
    "IsPrivateLabel": true,
    "IsBiffe": false,
    "WeightconversionFactor": "0",
    "IsWeightArticle": false,
    "nutriscoreLabel": "C",
    "IsBio": false,
    "CountryOfOrigin": "NEDERLAND",
    "IsExclusivelySoldInLuxembourg": false,
    "OrderUnit": "P",
    "ShortName": "BONI HUMMUS 450G",
    "IsNew": false,
    "EcoscoreLabel": "B",
    "RecentQuanityOfStockUnits": "1",
    "LongName": "BONI hummus 450g",
    "AlcoholVolume": "0",
    "FicCode": "I",
    "EcoscoreValue": "72"
  },
  {
    "productId": "859",
    "technicalArticleNumber": "13172",
    "commercialArticleNumber": "13172",
    "name": "kruiden curry",
    "brand": "BONI",
    "seoBrand": "Boni Selection",
    "thumbNail": "https://static.colruytgroup.com/images/200x200/std.lang.all/51/76/asset-2755176.jpg",
    "fullImage": "https://static.colruytgroup.com/images/500x500/std.lang.all/51/76/asset-2755176.jpg",
    "squareImage": "https://static.colruytgroup.com/images/500x500sq/std.lang.all/51/76/asset-2755176.jpg",
    "content": "40g",
    "walkRouteSequenceNumber": 6380,
    "price": {
      "basicPrice": 0.644,
      "recommendedQuantity": "1.0",
      "measurementUnitPrice": 16.1,
      "measurementUnit": "K",
      "isRedPrice": false,
      "pricePerUOM": 16.1,
      "activationDate": "30-01-2024",
      "recordSource": "Offline",
      "isPromoActive": "N",
      "priceChangeCode": "E"
    },
    "isAvailable": true,
    "isPriceAvailable": true,
    "inPromo": false,
    "gtin": [
      "05400141097474",
      "05400141131727",
      "05400141210262",
      "15400141097471",
      "05400141764536"
    ],
    "topCategoryName": "Kruidenierswaren/Droge voeding",
    "topCategoryId": "233",
    "businessDomain": "RETAIL_BE",
    "IsPrivateLabel": true,
    "IsBiffe": false,
    "WeightconversionFactor": "0",
    "IsWeightArticle": false,
    "nutriscoreLabel": "A",
    "IsBio": false,
    "CountryOfOrigin": "INDIA",
    "IsExclusivelySoldInLuxembourg": false,
    "OrderUnit": "P",
    "ShortName": "BONI KERRIE 40G",
    "IsNew": false,
    "EcoscoreLabel": "E",
    "RecentQuanityOfStockUnits": "1,12",
    "LongName": "BONI kruiden curry 40g",
    "AlcoholVolume": "0",
    "FicCode": "I",
    "EcoscoreValue": "15"
  },
  {
    "productId": "11644",
    "technicalArticleNumber": "1375143",
    "commercialArticleNumber": "12605",
    "name": "soep kip",
    "description": "*Klassieke\nkippensoep",
    "brand": "ROYCO",
    "seoBrand": "Royco",
    "thumbNail": "https://static.colruytgroup.com/images/200x200/std.lang.all/36/81/asset-3353681.jpg",
    "fullImage": "https://static.colruytgroup.com/images/500x500/std.lang.all/36/81/asset-3353681.jpg",
    "squareImage": "https://static.colruytgroup.com/images/500x500sq/std.lang.all/36/81/asset-3353681.jpg",
    "content": "4st",
    "walkRouteSequenceNumber": 16961,
    "price": {
      "basicPrice": 1.49,
      "recommendedQuantity": "2.0",
      "measurementUnitPrice": 31.71,
      "measurementUnit": "K",
      "isRedPrice": false,
      "pricePerUOM": 31.71,
      "activationDate": "20-03-2024",
      "recordSource": "Offline",
      "isPromoActive": "N",
      "priceChangeCode": "H"
    },
    "isAvailable": true,
    "isPriceAvailable": true,
    "inPromo": true,
    "promotion": [
      {
        "techPromoId": "100866COLR",
        "promotionId": "100866",
        "promotionType": "3",
        "isPersonalized": "N",
        "publicationStartDate": "13-03-2024",
        "publicationEndDate": "26-03-2024"
      }
    ],
    "gtin": [
      "05410056794344",
      "05414972705101",
      "05410056186156",
      "05400141126051"
    ],
    "topCategoryName": "Kruidenierswaren/Droge voeding",
    "topCategoryId": "233",
    "businessDomain": "RETAIL_BE",
    "IsPrivateLabel": false,
    "IsBiffe": false,
    "WeightconversionFactor": "0",
    "IsWeightArticle": false,
    "nutriscoreLabel": "C",
    "IsBio": false,
    "CountryOfOrigin": "NEDERLAND",
    "IsExclusivelySoldInLuxembourg": false,
    "OrderUnit": "P",
    "ShortName": "RMS CLASSIC KIP 4Z .",
    "IsNew": false,
    "EcoscoreLabel": "B",
    "RecentQuanityOfStockUnits": "2,1,24",
    "LongName": "ROYCO soep kip 4st",
    "AlcoholVolume": "0",
    "FicCode": "E",
    "EcoscoreValue": "71"
  },
  {
    "productId": "836",
    "technicalArticleNumber": "13120",
    "commercialArticleNumber": "13120",
    "name": "olijfolie extra vierge",
    "description": "*Koude en warme\nbereidingen\n*Spanje",
    "brand": "EVERYDAY",
    "seoBrand": "Everyday",
    "thumbNail": "https://static.colruytgroup.com/images/200x200/std.lang.all/87/21/asset-1718721.jpg",
    "fullImage": "https://static.colruytgroup.com/images/500x500/std.lang.all/87/21/asset-1718721.jpg",
    "squareImage": "https://static.colruytgroup.com/images/500x500sq/std.lang.all/87/21/asset-1718721.jpg",
    "content": "1L",
    "walkRouteSequenceNumber": 9134,
    "price": {
      "basicPrice": 5.69,
      "recommendedQuantity": "1.0",
      "measurementUnitPrice": 5.69,
      "measurementUnit": "L",
      "isRedPrice": false,
      "pricePerUOM": 5.69,
      "activationDate": "13-03-2024",
      "recordSource": "Offline",
      "isPromoActive": "N",
      "priceChangeCode": "H"
    },
    "isAvailable": true,
    "isPriceAvailable": true,
    "inPromo": false,
    "gtin": [
      "05400141131208",
      "05400141274325",
      "05400141358933",
      "15400141274322"
    ],
    "topCategoryName": "Kruidenierswaren/Droge voeding",
    "topCategoryId": "233",
    "businessDomain": "RETAIL_BE",
    "IsPrivateLabel": true,
    "IsBiffe": false,
    "WeightconversionFactor": "0",
    "IsWeightArticle": false,
    "nutriscoreLabel": "B",
    "IsBio": false,
    "CountryOfOrigin": "SPANJE",
    "IsExclusivelySoldInLuxembourg": false,
    "OrderUnit": "P",
    "ShortName": "EVD OLIJFOLIE EV 1L",
    "InSeason": true,
    "IsNew": false,
    "EcoscoreLabel": "D",
    "RecentQuanityOfStockUnits": "1,15",
    "LongName": "EVERYDAY olijfolie extra vierge 1L",
    "AlcoholVolume": "0",
    "StartSeasonDate": "28/03/2023",
    "FicCode": "I",
    "EcoscoreValue": "32"
  },
  {
    "productId": "447234",
    "technicalArticleNumber": "4030482",
    "commercialArticleNumber": "5583",
    "name": "groene olijven knoflook",
    "description": "*Zie verpakking",
    "brand": "EVERYDAY",
    "seoBrand": "Everyday",
    "thumbNail": "https://static.colruytgroup.com/images/200x200/std.lang.all/17/16/asset-2741716.jpg",
    "fullImage": "https://static.colruytgroup.com/images/500x500/std.lang.all/17/16/asset-2741716.jpg",
    "squareImage": "https://static.colruytgroup.com/images/500x500sq/std.lang.all/17/16/asset-2741716.jpg",
    "content": "200g",
    "walkRouteSequenceNumber": 7696,
    "price": {
      "basicPrice": 2.39,
      "recommendedQuantity": "1.0",
      "measurementUnitPrice": 11.95,
      "measurementUnit": "K",
      "isRedPrice": false,
      "pricePerUOM": 11.95,
      "activationDate": "23-03-2024",
      "recordSource": "Offline",
      "isPromoActive": "N",
      "priceChangeCode": "H"
    },
    "isAvailable": true,
    "isPriceAvailable": true,
    "inPromo": false,
    "gtin": [
      "05400141488067",
      "05400141050646",
      "05400141269406",
      "25400141269400",
      "05400141944877",
      "05400141710533"
    ],
    "topCategoryName": "Chips/Borrelhapjes",
    "topCategoryId": "306",
    "businessDomain": "RETAIL_BE",
    "IsPrivateLabel": true,
    "IsBiffe": false,
    "WeightconversionFactor": "0",
    "IsWeightArticle": false,
    "nutriscoreLabel": "C",
    "IsBio": false,
    "CountryOfOrigin": "MAROKKO",
    "IsExclusivelySoldInLuxembourg": false,
    "OrderUnit": "P",
    "ShortName": "EVD OLIJVEN LOOK 200G",
    "IsNew": false,
    "EcoscoreLabel": "B",
    "RecentQuanityOfStockUnits": "1",
    "LongName": "EVERYDAY groene olijven knoflook 200g",
    "FicCode": "I",
    "EcoscoreValue": "75"
  },
  {
    "productId": "544669",
    "technicalArticleNumber": "4170810",
    "commercialArticleNumber": "9888",
    "name": "Finesse groentenbouillon",
    "description": "*Bouillonblokjes\n*Groentensmaak\n*Makkelijk doseren\n*Vetarm\n*Aromatisch kruid",
    "brand": "KNORR",
    "seoBrand": "Knorr",
    "thumbNail": "https://static.colruytgroup.com/images/200x200/std.lang.all/54/25/asset-2795425.jpg",
    "fullImage": "https://static.colruytgroup.com/images/500x500/std.lang.all/54/25/asset-2795425.jpg",
    "squareImage": "https://static.colruytgroup.com/images/500x500sq/std.lang.all/54/25/asset-2795425.jpg",
    "content": "16st",
    "walkRouteSequenceNumber": 6544,
    "price": {
      "basicPrice": 2.89,
      "recommendedQuantity": "3.0",
      "measurementUnitPrice": 18.07,
      "measurementUnit": "K",
      "isRedPrice": false,
      "pricePerUOM": 18.07,
      "activationDate": "13-03-2024",
      "recordSource": "Offline",
      "isPromoActive": "N",
      "priceChangeCode": "E"
    },
    "isAvailable": true,
    "isPriceAvailable": true,
    "inPromo": false,
    "gtin": [
      "05400141342871",
      "08710604722278",
      "08710604722193"
    ],
    "topCategoryName": "Kruidenierswaren/Droge voeding",
    "topCategoryId": "233",
    "businessDomain": "RETAIL_BE",
    "IsPrivateLabel": false,
    "IsBiffe": false,
    "WeightconversionFactor": "0",
    "IsWeightArticle": false,
    "nutriscoreLabel": "C",
    "IsBio": false,
    "CountryOfOrigin": "HONGARIJE",
    "IsExclusivelySoldInLuxembourg": false,
    "OrderUnit": "P",
    "ShortName": "KN FINES GROENTB.16 TAB",
    "IsNew": false,
    "EcoscoreLabel": "B",
    "RecentQuanityOfStockUnits": "3,1,12",
    "LongName": "KNORR Finesse groentenbouillon 16st",
    "FicCode": "E",
    "EcoscoreValue": "79"
  },
  {
    "productId": "45051",
    "technicalArticleNumber": "2520090",
    "commercialArticleNumber": "39708",
    "name": "nature",
    "description": "*Croutons, natuur",
    "brand": "FLODOR CROÛTONS D'OR",
    "seoBrand": "Flodor",
    "thumbNail": "https://static.colruytgroup.com/images/200x200/std.lang.all/35/21/asset-1993521.jpg",
    "fullImage": "https://static.colruytgroup.com/images/500x500/std.lang.all/35/21/asset-1993521.jpg",
    "squareImage": "https://static.colruytgroup.com/images/500x500sq/std.lang.all/35/21/asset-1993521.jpg",
    "content": "75g",
    "walkRouteSequenceNumber": 16999,
    "price": {
      "basicPrice": 1.69,
      "recommendedQuantity": "1.0",
      "measurementUnitPrice": 22.54,
      "measurementUnit": "K",
      "isRedPrice": false,
      "pricePerUOM": 22.54,
      "activationDate": "20-03-2024",
      "recordSource": "Offline",
      "isPromoActive": "N",
      "priceChangeCode": "H"
    },
    "isAvailable": true,
    "isPriceAvailable": true,
    "inPromo": false,
    "gtin": [
      "03075360005658",
      "33075360005659",
      "43075360005656"
    ],
    "topCategoryName": "Kruidenierswaren/Droge voeding",
    "topCategoryId": "233",
    "businessDomain": "RETAIL_BE",
    "IsPrivateLabel": false,
    "IsBiffe": false,
    "WeightconversionFactor": "0",
    "IsWeightArticle": false,
    "nutriscoreLabel": "E",
    "IsBio": false,
    "CountryOfOrigin": "ITALIË",
    "IsExclusivelySoldInLuxembourg": false,
    "OrderUnit": "P",
    "ShortName": "FLODOR CROUT NATUUR 75G",
    "IsNew": false,
    "EcoscoreLabel": "D",
    "RecentQuanityOfStockUnits": "1,14",
    "LongName": "FLODOR CROÛTONS D'OR nature 75g",
    "AlcoholVolume": "0",
    "FicCode": "E",
    "EcoscoreValue": "38"
  },
  {
    "productId": "486983",
    "technicalArticleNumber": "4045797",
    "commercialArticleNumber": "6313",
    "name": "grissini",
    "brand": "BONI",
    "seoBrand": "Boni Selection",
    "thumbNail": "https://static.colruytgroup.com/images/200x200/std.lang.all/13/16/asset-3351316.jpg",
    "fullImage": "https://static.colruytgroup.com/images/500x500/std.lang.all/13/16/asset-3351316.jpg",
    "squareImage": "https://static.colruytgroup.com/images/500x500sq/std.lang.all/13/16/asset-3351316.jpg",
    "content": "100g",
    "walkRouteSequenceNumber": 4578,
    "price": {
      "basicPrice": 0.792,
      "recommendedQuantity": "1.0",
      "measurementUnitPrice": 7.92,
      "measurementUnit": "K",
      "isRedPrice": false,
      "pricePerUOM": 7.92,
      "activationDate": "05-12-2023",
      "recordSource": "Offline",
      "isPromoActive": "N",
      "priceChangeCode": "E"
    },
    "isAvailable": true,
    "isPriceAvailable": true,
    "inPromo": false,
    "gtin": [
      "15400141364092",
      "05400141256703",
      "05400141364095",
      "15400141256700",
      "15400141696698",
      "05400141696691"
    ],
    "topCategoryName": "Brood/Ontbijt",
    "topCategoryId": "124",
    "businessDomain": "RETAIL_BE",
    "IsPrivateLabel": true,
    "IsBiffe": false,
    "WeightconversionFactor": "0",
    "IsWeightArticle": false,
    "nutriscoreLabel": "D",
    "IsBio": false,
    "CountryOfOrigin": "ITALIË",
    "IsExclusivelySoldInLuxembourg": false,
    "OrderUnit": "P",
    "ShortName": "BONI GRISSINI 100G",
    "IsNew": false,
    "EcoscoreLabel": "A",
    "RecentQuanityOfStockUnits": "1,12",
    "LongName": "BONI grissini 100g",
    "FicCode": "I",
    "EcoscoreValue": "87"
  },
  {
    "productId": "309599",
    "technicalArticleNumber": "3753933",
    "commercialArticleNumber": "12179",
    "name": "mayo traditioneel",
    "description": "*Traditionele mayonaise\n*Met mosterd",
    "brand": "BONI",
    "seoBrand": "Boni Selection",
    "thumbNail": "https://static.colruytgroup.com/images/200x200/std.lang.all/78/10/asset-3267810.jpg",
    "fullImage": "https://static.colruytgroup.com/images/500x500/std.lang.all/78/10/asset-3267810.jpg",
    "squareImage": "https://static.colruytgroup.com/images/500x500sq/std.lang.all/78/10/asset-3267810.jpg",
    "content": "350ml",
    "walkRouteSequenceNumber": 8087,
    "price": {
      "basicPrice": 2.29,
      "recommendedQuantity": "1.0",
      "measurementUnitPrice": 6.55,
      "measurementUnit": "L",
      "isRedPrice": false,
      "pricePerUOM": 6.55,
      "activationDate": "17-01-2024",
      "isPromoActive": "N",
      "priceChangeCode": "E"
    },
    "isAvailable": true,
    "isPriceAvailable": true,
    "inPromo": false,
    "gtin": [
      "15400141895732",
      "15400141190530",
      "05400141288605",
      "05400141190533",
      "05400141895735"
    ],
    "topCategoryName": "Kruidenierswaren/Droge voeding",
    "topCategoryId": "233",
    "businessDomain": "RETAIL_BE",
    "IsPrivateLabel": true,
    "IsBiffe": false,
    "WeightconversionFactor": "0",
    "IsWeightArticle": false,
    "nutriscoreLabel": "E",
    "IsBio": false,
    "CountryOfOrigin": "BELGIË",
    "IsExclusivelySoldInLuxembourg": false,
    "OrderUnit": "P",
    "ShortName": "BONI MAYO TRADIT. 350ML",
    "IsNew": false,
    "EcoscoreLabel": "C",
    "RecentQuanityOfStockUnits": "1,1,12",
    "LongName": "BONI mayo traditioneel 350ml",
    "AlcoholVolume": "0",
    "FicCode": "I",
    "EcoscoreValue": "47"
  },
  {
    "productId": "801",
    "technicalArticleNumber": "13463",
    "commercialArticleNumber": "13463",
    "name": "zilveruitjes in azijn",
    "description": "Zilveruitjes op azijn. Lekker bij het\naperitief, in vleesgerechten en\nstoofschotels, salades, met américain\npréparé enz.",
    "brand": "EVERYDAY",
    "seoBrand": "Everyday",
    "thumbNail": "https://static.colruytgroup.com/images/200x200/std.lang.all/47/45/asset-1094745.jpg",
    "fullImage": "https://static.colruytgroup.com/images/500x500/std.lang.all/47/45/asset-1094745.jpg",
    "squareImage": "https://static.colruytgroup.com/images/500x500sq/std.lang.all/47/45/asset-1094745.jpg",
    "content": "320g",
    "walkRouteSequenceNumber": 16355,
    "price": {
      "basicPrice": 0.45,
      "recommendedQuantity": "1.0",
      "measurementUnitPrice": 2.37,
      "measurementUnit": "K",
      "isRedPrice": false,
      "pricePerUOM": 2.37,
      "activationDate": "14-11-2023",
      "recordSource": "Offline",
      "isPromoActive": "N",
      "priceChangeCode": "E"
    },
    "isAvailable": true,
    "isPriceAvailable": true,
    "inPromo": false,
    "gtin": [
      "15400141334637",
      "05400141048117",
      "05400141167146",
      "05400141427202",
      "15400141781783"
    ],
    "topCategoryName": "Kruidenierswaren/Droge voeding",
    "topCategoryId": "233",
    "businessDomain": "RETAIL_BE",
    "IsPrivateLabel": true,
    "IsBiffe": false,
    "WeightconversionFactor": "0",
    "IsWeightArticle": false,
    "nutriscoreLabel": "A",
    "IsBio": false,
    "CountryOfOrigin": "BELGIË",
    "IsExclusivelySoldInLuxembourg": false,
    "OrderUnit": "P",
    "ShortName": "EVD UITJES AZIJN 320G",
    "IsNew": false,
    "EcoscoreLabel": "A",
    "RecentQuanityOfStockUnits": "12,1",
    "LongName": "EVERYDAY zilveruitjes in azijn 320g",
    "AlcoholVolume": "0",
    "FicCode": "I",
    "EcoscoreValue": "100"
  },
  {
    "productId": "272312",
    "technicalArticleNumber": "3629851",
    "commercialArticleNumber": "51040",
    "name": "pesto alla siciliana",
    "brand": "BONI",
    "seoBrand": "Boni Selection",
    "thumbNail": "https://static.colruytgroup.com/images/200x200/std.lang.all/12/76/asset-2261276.jpg",
    "fullImage": "https://static.colruytgroup.com/images/500x500/std.lang.all/12/76/asset-2261276.jpg",
    "squareImage": "https://static.colruytgroup.com/images/500x500sq/std.lang.all/12/76/asset-2261276.jpg",
    "content": "190g",
    "walkRouteSequenceNumber": 8387,
    "price": {
      "basicPrice": 1.39,
      "recommendedQuantity": "1.0",
      "measurementUnitPrice": 7.32,
      "measurementUnit": "K",
      "isRedPrice": false,
      "pricePerUOM": 7.32,
      "activationDate": "06-03-2024",
      "isPromoActive": "N",
      "priceChangeCode": "L"
    },
    "isAvailable": true,
    "isPriceAvailable": true,
    "inPromo": false,
    "gtin": [
      "15400141391296",
      "15400141057444",
      "05400141391299",
      "05400141057447"
    ],
    "topCategoryName": "Kruidenierswaren/Droge voeding",
    "topCategoryId": "233",
    "businessDomain": "RETAIL_BE",
    "IsPrivateLabel": true,
    "IsBiffe": false,
    "WeightconversionFactor": "0",
    "IsWeightArticle": false,
    "nutriscoreLabel": "E",
    "IsBio": false,
    "CountryOfOrigin": "BELGIË",
    "IsExclusivelySoldInLuxembourg": false,
    "OrderUnit": "P",
    "ShortName": "BONI PESTO SICILIANA190",
    "IsNew": false,
    "EcoscoreLabel": "C",
    "RecentQuanityOfStockUnits": "1,12",
    "LongName": "BONI pesto alla siciliana 190g",
    "AlcoholVolume": "0",
    "FicCode": "I",
    "EcoscoreValue": "56"
  },
  {
    "productId": "525709",
    "technicalArticleNumber": "4113277",
    "commercialArticleNumber": "8872",
    "name": "crackers meerzaden",
    "brand": "BONI",
    "seoBrand": "Boni Selection",
    "thumbNail": "https://static.colruytgroup.com/images/200x200/std.lang.all/01/46/asset-3220146.jpg",
    "fullImage": "https://static.colruytgroup.com/images/500x500/std.lang.all/01/46/asset-3220146.jpg",
    "squareImage": "https://static.colruytgroup.com/images/500x500sq/std.lang.all/01/46/asset-3220146.jpg",
    "content": "315g",
    "walkRouteSequenceNumber": 17052,
    "price": {
      "basicPrice": 2.59,
      "recommendedQuantity": "1.0",
      "measurementUnitPrice": 8.23,
      "measurementUnit": "K",
      "isRedPrice": false,
      "pricePerUOM": 8.23,
      "activationDate": "17-11-2023",
      "isPromoActive": "N",
      "priceChangeCode": "H"
    },
    "isAvailable": true,
    "isPriceAvailable": true,
    "inPromo": false,
    "gtin": [
      "15400141419808",
      "05400141419801",
      "15400141293347",
      "05400141293340",
      "05400141467031"
    ],
    "topCategoryName": "Brood/Ontbijt",
    "topCategoryId": "124",
    "businessDomain": "RETAIL_BE",
    "IsPrivateLabel": true,
    "IsBiffe": false,
    "WeightconversionFactor": "0",
    "IsWeightArticle": false,
    "nutriscoreLabel": "C",
    "IsBio": false,
    "CountryOfOrigin": "NEDERLAND",
    "IsExclusivelySoldInLuxembourg": false,
    "OrderUnit": "P",
    "ShortName": "BONI CRACKER.MEERZ315",
    "IsNew": false,
    "EcoscoreLabel": "A",
    "RecentQuanityOfStockUnits": "1,8",
    "LongName": "BONI crackers meerzaden 315g",
    "FicCode": "I",
    "EcoscoreValue": "85"
  },
  {
    "productId": "851",
    "technicalArticleNumber": "13157",
    "commercialArticleNumber": "13157",
    "name": "kruiden tijm",
    "description": "*Geeft smaak aan\nwildgerechten, lam-,\nen kipgerechten",
    "brand": "BONI",
    "seoBrand": "Boni Selection",
    "thumbNail": "https://static.colruytgroup.com/images/200x200/std.lang.all/83/60/asset-3028360.jpg",
    "fullImage": "https://static.colruytgroup.com/images/500x500/std.lang.all/83/60/asset-3028360.jpg",
    "squareImage": "https://static.colruytgroup.com/images/500x500sq/std.lang.all/83/60/asset-3028360.jpg",
    "content": "20g",
    "walkRouteSequenceNumber": 6386,
    "price": {
      "basicPrice": 0.786,
      "recommendedQuantity": "1.0",
      "measurementUnitPrice": 39.3,
      "measurementUnit": "K",
      "isRedPrice": false,
      "pricePerUOM": 39.3,
      "activationDate": "02-03-2024",
      "recordSource": "Offline",
      "isPromoActive": "N",
      "priceChangeCode": "L"
    },
    "isAvailable": true,
    "isPriceAvailable": true,
    "inPromo": false,
    "gtin": [
      "15400141098065",
      "05400141098068",
      "05400141169676"
    ],
    "topCategoryName": "Kruidenierswaren/Droge voeding",
    "topCategoryId": "233",
    "businessDomain": "RETAIL_BE",
    "IsPrivateLabel": true,
    "IsBiffe": false,
    "WeightconversionFactor": "0",
    "IsWeightArticle": false,
    "nutriscoreLabel": "A",
    "IsBio": false,
    "CountryOfOrigin": "POLEN",
    "IsExclusivelySoldInLuxembourg": false,
    "OrderUnit": "P",
    "ShortName": "BONI TIJM 20G",
    "IsNew": false,
    "EcoscoreLabel": "B",
    "RecentQuanityOfStockUnits": "1,12",
    "LongName": "BONI kruiden tijm 20g",
    "AlcoholVolume": "0",
    "FicCode": "I",
    "EcoscoreValue": "65"
  },
  {
    "productId": "27",
    "technicalArticleNumber": "14901",
    "commercialArticleNumber": "14901",
    "name": "bloem tarwe T110",
    "description": "*Biologische\ntarwebloem\n*Geschikt voor alle\nbereidingen",
    "brand": "BONI BIO",
    "seoBrand": "Boni Selection Bio",
    "thumbNail": "https://static.colruytgroup.com/images/200x200/std.lang.all/31/65/asset-2503165.jpg",
    "fullImage": "https://static.colruytgroup.com/images/500x500/std.lang.all/31/65/asset-2503165.jpg",
    "squareImage": "https://static.colruytgroup.com/images/500x500sq/std.lang.all/31/65/asset-2503165.jpg",
    "content": "1kg",
    "walkRouteSequenceNumber": 9457,
    "price": {
      "basicPrice": 1.49,
      "recommendedQuantity": "1.0",
      "measurementUnitPrice": 1.49,
      "measurementUnit": "K",
      "isRedPrice": false,
      "pricePerUOM": 1.49,
      "activationDate": "02-02-2024",
      "recordSource": "Offline",
      "isPromoActive": "N",
      "priceChangeCode": "E"
    },
    "isAvailable": true,
    "isPriceAvailable": true,
    "inPromo": false,
    "gtin": [
      "05400141165395",
      "05400141354225",
      "15400141354222",
      "05400141042474"
    ],
    "topCategoryName": "Kruidenierswaren/Droge voeding",
    "topCategoryId": "233",
    "businessDomain": "RETAIL_BE",
    "IsPrivateLabel": true,
    "IsBiffe": false,
    "WeightconversionFactor": "0",
    "IsWeightArticle": false,
    "nutriscoreLabel": "A",
    "IsBio": true,
    "CountryOfOrigin": "DUITSLAND",
    "IsExclusivelySoldInLuxembourg": false,
    "OrderUnit": "P",
    "ShortName": "BONI BIO TAR.BL.T110 1K",
    "IsNew": false,
    "EcoscoreLabel": "A",
    "RecentQuanityOfStockUnits": "10,1",
    "LongName": "BONI BIO bloem tarwe T110 1kg",
    "AlcoholVolume": "0",
    "FicCode": "I",
    "EcoscoreValue": "100"
  },
  {
    "productId": "472878",
    "technicalArticleNumber": "4073699",
    "commercialArticleNumber": "7285",
    "name": "zwarte olijven ontpit",
    "description": "*Ontpit zwarte\ngeoxideerde olijven\n*Oorsprong: Griekenland",
    "brand": "BONI",
    "seoBrand": "Boni Selection",
    "thumbNail": "https://static.colruytgroup.com/images/200x200/std.lang.all/17/18/asset-2741718.jpg",
    "fullImage": "https://static.colruytgroup.com/images/500x500/std.lang.all/17/18/asset-2741718.jpg",
    "squareImage": "https://static.colruytgroup.com/images/500x500sq/std.lang.all/17/18/asset-2741718.jpg",
    "content": "150g",
    "walkRouteSequenceNumber": 7681,
    "price": {
      "basicPrice": 2.89,
      "recommendedQuantity": "1.0",
      "quantityPrice": 2.66,
      "quantityPriceQuantity": "3.0",
      "measurementUnitPrice": 19.27,
      "measurementUnitQuantityPrice": 17.74,
      "measurementUnit": "K",
      "isRedPrice": false,
      "pricePerUOM": 19.27,
      "activationDate": "31-10-2022",
      "isPromoActive": "N",
      "priceChangeCode": "E",
      "quantityPricePerUOM": 17.74,
      "quantityActivationDate": "31-10-2022",
      "quantityPriceChangeCode": "H"
    },
    "isAvailable": true,
    "isPriceAvailable": true,
    "inPromo": false,
    "gtin": [
      "05400141705898",
      "15400141274001",
      "05400141274004",
      "05400141437454",
      "05400141490466",
      "15400141437451",
      "05400141888683"
    ],
    "topCategoryName": "Chips/Borrelhapjes",
    "topCategoryId": "306",
    "businessDomain": "RETAIL_BE",
    "IsPrivateLabel": true,
    "IsBiffe": false,
    "WeightconversionFactor": "0",
    "IsWeightArticle": false,
    "nutriscoreLabel": "C",
    "IsBio": false,
    "CountryOfOrigin": "GRIEKENLAND",
    "IsExclusivelySoldInLuxembourg": false,
    "OrderUnit": "P",
    "ShortName": "BONI S. ZW.OLI.ONTP150G",
    "IsNew": false,
    "EcoscoreLabel": "A",
    "RecentQuanityOfStockUnits": "1,1",
    "LongName": "BONI zwarte olijven ontpit 150g",
    "FicCode": "I",
    "EcoscoreValue": "84"
  },
  {
    "productId": "759746",
    "technicalArticleNumber": "4537477",
    "commercialArticleNumber": "28280",
    "name": "Hot dip",
    "brand": "BONI",
    "seoBrand": "Boni Selection",
    "thumbNail": "https://static.colruytgroup.com/images/200x200/std.lang.all/95/24/asset-3379524.jpg",
    "fullImage": "https://static.colruytgroup.com/images/500x500/std.lang.all/95/24/asset-3379524.jpg",
    "squareImage": "https://static.colruytgroup.com/images/500x500sq/std.lang.all/95/24/asset-3379524.jpg",
    "content": "300g",
    "walkRouteSequenceNumber": 4779,
    "price": {
      "basicPrice": 1.22,
      "recommendedQuantity": "1.0",
      "measurementUnitPrice": 4.07,
      "measurementUnit": "K",
      "isRedPrice": false,
      "pricePerUOM": 4.07,
      "activationDate": "20-02-2024",
      "recordSource": "Offline",
      "isPromoActive": "N",
      "priceChangeCode": "E"
    },
    "isAvailable": true,
    "isPriceAvailable": true,
    "inPromo": false,
    "gtin": [
      "05400141698756",
      "15400141698753",
      "05400141608748",
      "15400141608745"
    ],
    "topCategoryName": "Kruidenierswaren/Droge voeding",
    "topCategoryId": "233",
    "businessDomain": "RETAIL_BE",
    "IsPrivateLabel": true,
    "IsBiffe": false,
    "WeightconversionFactor": "0",
    "IsWeightArticle": false,
    "nutriscoreLabel": "C",
    "IsBio": false,
    "CountryOfOrigin": "TURKIJE",
    "IsExclusivelySoldInLuxembourg": false,
    "OrderUnit": "P",
    "ShortName": "BONI HOT DIP 300G",
    "IsNew": false,
    "EcoscoreLabel": "B",
    "RecentQuanityOfStockUnits": "1,12",
    "LongName": "BONI Hot dip 300g",
    "FicCode": "I",
    "EcoscoreValue": "69"
  },
  {
    "productId": "28",
    "technicalArticleNumber": "14914",
    "commercialArticleNumber": "14914",
    "name": "droge gist instant",
    "description": "*Instantgist\n*11g instantgist =\n33g verse gist",
    "brand": "BRUGGEMAN",
    "seoBrand": "Bruggeman",
    "thumbNail": "https://static.colruytgroup.com/images/200x200/std.lang.all/27/14/asset-892714.jpg",
    "fullImage": "https://static.colruytgroup.com/images/500x500/std.lang.all/27/14/asset-892714.jpg",
    "squareImage": "https://static.colruytgroup.com/images/500x500sq/std.lang.all/27/14/asset-892714.jpg",
    "content": "5x11g",
    "walkRouteSequenceNumber": 9448,
    "price": {
      "basicPrice": 1.89,
      "recommendedQuantity": "1.0",
      "measurementUnitPrice": 34.37,
      "measurementUnit": "K",
      "isRedPrice": false,
      "pricePerUOM": 34.37,
      "activationDate": "14-11-2023",
      "recordSource": "Offline",
      "isPromoActive": "N",
      "priceChangeCode": "E"
    },
    "isAvailable": true,
    "isPriceAvailable": true,
    "inPromo": false,
    "gtin": [
      "05413066000085",
      "05413066000092",
      "00000054061019",
      "05413066000078"
    ],
    "topCategoryName": "Kruidenierswaren/Droge voeding",
    "topCategoryId": "233",
    "businessDomain": "RETAIL_BE",
    "IsPrivateLabel": false,
    "IsBiffe": false,
    "WeightconversionFactor": "0",
    "IsWeightArticle": false,
    "IsBio": false,
    "CountryOfOrigin": "BELGIË",
    "IsExclusivelySoldInLuxembourg": false,
    "OrderUnit": "P",
    "ShortName": "BRUG 5X11G GIST INSTANT",
    "IsNew": false,
    "EcoscoreLabel": "C",
    "RecentQuanityOfStockUnits": "6,1,24",
    "LongName": "BRUGGEMAN droge gist instant 5x11g",
    "AlcoholVolume": "0",
    "FicCode": "E",
    "EcoscoreValue": "41"
  },
  {
    "productId": "219750",
    "technicalArticleNumber": "3489873",
    "commercialArticleNumber": "50523",
    "name": "saus curry Brik",
    "description": "*Droge saus\n*Zachte smaak\n*Makkelijk doseren\n*Warm gerechten\n*Klaar voor gebruik",
    "brand": "KNORR",
    "seoBrand": "Knorr",
    "thumbNail": "https://static.colruytgroup.com/images/200x200/std.lang.all/46/20/asset-2804620.jpg",
    "fullImage": "https://static.colruytgroup.com/images/500x500/std.lang.all/46/20/asset-2804620.jpg",
    "squareImage": "https://static.colruytgroup.com/images/500x500sq/std.lang.all/46/20/asset-2804620.jpg",
    "content": "300ml",
    "walkRouteSequenceNumber": 8268,
    "price": {
      "basicPrice": 2.29,
      "recommendedQuantity": "2.0",
      "measurementUnitPrice": 7.64,
      "measurementUnit": "L",
      "isRedPrice": false,
      "pricePerUOM": 7.64,
      "activationDate": "02-01-2024",
      "recordSource": "Offline",
      "isPromoActive": "N",
      "priceChangeCode": "E"
    },
    "isAvailable": true,
    "isPriceAvailable": true,
    "inPromo": false,
    "gtin": [
      "08712100725692",
      "08712100242953",
      "05400141002522"
    ],
    "topCategoryName": "Kruidenierswaren/Droge voeding",
    "topCategoryId": "233",
    "businessDomain": "RETAIL_BE",
    "IsPrivateLabel": false,
    "IsBiffe": false,
    "WeightconversionFactor": "0",
    "IsWeightArticle": false,
    "nutriscoreLabel": "D",
    "IsBio": false,
    "CountryOfOrigin": "POLEN",
    "IsExclusivelySoldInLuxembourg": false,
    "OrderUnit": "P",
    "ShortName": "KNORR CURRYSAU.TETRA300",
    "IsNew": false,
    "EcoscoreLabel": "B",
    "RecentQuanityOfStockUnits": "1,2,12",
    "LongName": "KNORR saus curry Brik 300ml",
    "AlcoholVolume": "0",
    "FicCode": "E",
    "EcoscoreValue": "76"
  },
  {
    "productId": "884",
    "technicalArticleNumber": "13258",
    "commercialArticleNumber": "13258",
    "name": "mayonaise met citroen",
    "description": "*Met eieren van\nvrije uitloop",
    "brand": "BONI",
    "seoBrand": "Boni Selection",
    "thumbNail": "https://static.colruytgroup.com/images/200x200/std.lang.all/15/07/asset-2371507.jpg",
    "fullImage": "https://static.colruytgroup.com/images/500x500/std.lang.all/15/07/asset-2371507.jpg",
    "squareImage": "https://static.colruytgroup.com/images/500x500sq/std.lang.all/15/07/asset-2371507.jpg",
    "content": "500ml",
    "walkRouteSequenceNumber": 8084,
    "price": {
      "basicPrice": 1.49,
      "recommendedQuantity": "1.0",
      "quantityPrice": 1.11,
      "quantityPriceQuantity": "2.0",
      "measurementUnitPrice": 2.98,
      "measurementUnitQuantityPrice": 2.22,
      "measurementUnit": "L",
      "isRedPrice": false,
      "pricePerUOM": 2.98,
      "activationDate": "20-03-2024",
      "recordSource": "Offline",
      "isPromoActive": "N",
      "priceChangeCode": "E",
      "quantityPricePerUOM": 2.22,
      "quantityActivationDate": "20-03-2024",
      "quantityPriceChangeCode": "H"
    },
    "isAvailable": true,
    "isPriceAvailable": true,
    "inPromo": false,
    "gtin": [
      "15400141113041",
      "15400141288626",
      "05400141034332",
      "05400141113044",
      "05400141288629",
      "05400141332582",
      "05400141896794",
      "15400141896791"
    ],
    "topCategoryName": "Kruidenierswaren/Droge voeding",
    "topCategoryId": "233",
    "businessDomain": "RETAIL_BE",
    "IsPrivateLabel": true,
    "IsBiffe": false,
    "WeightconversionFactor": "0",
    "IsWeightArticle": false,
    "nutriscoreLabel": "E",
    "IsBio": false,
    "CountryOfOrigin": "BELGIË",
    "IsExclusivelySoldInLuxembourg": false,
    "OrderUnit": "P",
    "ShortName": "BONI MAYO CITROEN 500ML",
    "IsNew": false,
    "EcoscoreLabel": "C",
    "RecentQuanityOfStockUnits": "12,1",
    "LongName": "BONI mayonaise met citroen 500ml",
    "AlcoholVolume": "0",
    "FicCode": "I",
    "EcoscoreValue": "47"
  },
  {
    "productId": "667841",
    "technicalArticleNumber": "4378176",
    "commercialArticleNumber": "14258",
    "name": "halfgedroogde tomaten",
    "description": "*Halfgedroogde\ntomaten,\nkruiden gemarineerd",
    "brand": "BONI",
    "seoBrand": "Boni Selection",
    "thumbNail": "https://static.colruytgroup.com/images/200x200/std.lang.all/68/29/asset-2706829.jpg",
    "fullImage": "https://static.colruytgroup.com/images/500x500/std.lang.all/68/29/asset-2706829.jpg",
    "squareImage": "https://static.colruytgroup.com/images/500x500sq/std.lang.all/68/29/asset-2706829.jpg",
    "content": "150g",
    "walkRouteSequenceNumber": 7667,
    "price": {
      "basicPrice": 2.19,
      "recommendedQuantity": "1.0",
      "measurementUnitPrice": 14.6,
      "measurementUnit": "K",
      "isRedPrice": false,
      "pricePerUOM": 14.6,
      "activationDate": "08-03-2024",
      "recordSource": "Offline",
      "isPromoActive": "N",
      "priceChangeCode": "L"
    },
    "isAvailable": true,
    "isPriceAvailable": true,
    "inPromo": false,
    "gtin": [
      "15400141991649",
      "05400141450101",
      "15400141632801",
      "05400141991642"
    ],
    "topCategoryName": "Chips/Borrelhapjes",
    "topCategoryId": "306",
    "businessDomain": "RETAIL_BE",
    "IsPrivateLabel": true,
    "IsBiffe": false,
    "WeightconversionFactor": "0",
    "IsWeightArticle": false,
    "nutriscoreLabel": "C",
    "IsBio": false,
    "CountryOfOrigin": "FRANKRIJK",
    "IsExclusivelySoldInLuxembourg": false,
    "OrderUnit": "P",
    "ShortName": "BONI HALFGEDR.TOM.150G",
    "IsNew": false,
    "EcoscoreLabel": "E",
    "RecentQuanityOfStockUnits": "1",
    "LongName": "BONI halfgedroogde tomaten 150g",
    "FicCode": "I",
    "EcoscoreValue": "0"
  },
  {
    "productId": "869440",
    "technicalArticleNumber": "4722774",
    "commercialArticleNumber": "18152",
    "name": "Picos",
    "brand": "BONI",
    "seoBrand": "Boni Selection",
    "thumbNail": "https://static.colruytgroup.com/images/200x200/std.lang.all/62/91/asset-3236291.jpg",
    "fullImage": "https://static.colruytgroup.com/images/500x500/std.lang.all/62/91/asset-3236291.jpg",
    "squareImage": "https://static.colruytgroup.com/images/500x500sq/std.lang.all/62/91/asset-3236291.jpg",
    "content": "70g",
    "walkRouteSequenceNumber": 7656,
    "price": {
      "basicPrice": 1.59,
      "recommendedQuantity": "1.0",
      "measurementUnitPrice": 22.72,
      "measurementUnit": "K",
      "isRedPrice": false,
      "pricePerUOM": 22.72,
      "activationDate": "15-04-2023",
      "isPromoActive": "N",
      "priceChangeCode": "E"
    },
    "isAvailable": true,
    "isPriceAvailable": true,
    "inPromo": false,
    "gtin": [
      "05400141664911",
      "05400141672237"
    ],
    "topCategoryName": "Brood/Ontbijt",
    "topCategoryId": "124",
    "businessDomain": "RETAIL_BE",
    "IsPrivateLabel": true,
    "IsBiffe": false,
    "WeightconversionFactor": "0",
    "IsWeightArticle": false,
    "nutriscoreLabel": "D",
    "IsBio": false,
    "CountryOfOrigin": "ITALIË",
    "IsExclusivelySoldInLuxembourg": false,
    "OrderUnit": "P",
    "ShortName": "BONI GRISSINI 70G",
    "IsNew": false,
    "EcoscoreLabel": "A",
    "RecentQuanityOfStockUnits": "1,1",
    "LongName": "BONI Picos 70g",
    "FicCode": "I",
    "EcoscoreValue": "87"
  },
  {
    "productId": "44958",
    "technicalArticleNumber": "2419993",
    "commercialArticleNumber": "21528",
    "name": "mayonaise eieren TD",
    "description": "*Met scharreleieren",
    "brand": "DEVOS LEMMENS",
    "seoBrand": "Devos Lemmens",
    "thumbNail": "https://static.colruytgroup.com/images/200x200/std.lang.all/86/90/asset-1228690.jpg",
    "fullImage": "https://static.colruytgroup.com/images/500x500/std.lang.all/86/90/asset-1228690.jpg",
    "squareImage": "https://static.colruytgroup.com/images/500x500sq/std.lang.all/86/90/asset-1228690.jpg",
    "content": "750ml",
    "walkRouteSequenceNumber": 8079,
    "price": {
      "basicPrice": 4.48,
      "recommendedQuantity": "1.0",
      "measurementUnitPrice": 5.98,
      "measurementUnit": "L",
      "isRedPrice": false,
      "pricePerUOM": 5.98,
      "activationDate": "20-03-2024",
      "recordSource": "Offline",
      "isPromoActive": "N",
      "priceChangeCode": "L"
    },
    "isAvailable": true,
    "isPriceAvailable": true,
    "inPromo": false,
    "gtin": [
      "05414972100791",
      "05414972700793"
    ],
    "topCategoryName": "Kruidenierswaren/Droge voeding",
    "topCategoryId": "233",
    "businessDomain": "RETAIL_BE",
    "IsPrivateLabel": false,
    "IsBiffe": false,
    "WeightconversionFactor": "0",
    "IsWeightArticle": false,
    "nutriscoreLabel": "D",
    "IsBio": false,
    "CountryOfOrigin": "BELGIË",
    "IsExclusivelySoldInLuxembourg": false,
    "OrderUnit": "P",
    "ShortName": "DVL MAYON EI TD 750ML",
    "IsNew": false,
    "EcoscoreLabel": "D",
    "RecentQuanityOfStockUnits": "1,12",
    "LongName": "DEVOS LEMMENS mayonaise eieren TD 750ml",
    "AlcoholVolume": "0",
    "FicCode": "E",
    "EcoscoreValue": "34"
  },
  {
    "productId": "98094",
    "technicalArticleNumber": "2837637",
    "commercialArticleNumber": "33294",
    "name": "Mini Crackers Naturel",
    "description": "*Mini cracker, vierkant, natuur\n*Individueel verpakt\n*8x5 stuks",
    "brand": "LU",
    "seoBrand": "LU",
    "thumbNail": "https://static.colruytgroup.com/images/200x200/std.lang.all/92/73/asset-579273.jpg",
    "fullImage": "https://static.colruytgroup.com/images/500x500/std.lang.all/92/73/asset-579273.jpg",
    "squareImage": "https://static.colruytgroup.com/images/500x500sq/std.lang.all/92/73/asset-579273.jpg",
    "content": "250g",
    "walkRouteSequenceNumber": 4496,
    "price": {
      "basicPrice": 1.59,
      "recommendedQuantity": "1.0",
      "measurementUnitPrice": 6.36,
      "measurementUnit": "K",
      "isRedPrice": false,
      "pricePerUOM": 6.36,
      "activationDate": "31-10-2023",
      "recordSource": "Offline",
      "isPromoActive": "N",
      "priceChangeCode": "L"
    },
    "isAvailable": true,
    "isPriceAvailable": true,
    "inPromo": false,
    "gtin": [
      "07622210475190",
      "07622210475152"
    ],
    "topCategoryName": "Brood/Ontbijt",
    "topCategoryId": "124",
    "businessDomain": "RETAIL_BE",
    "IsPrivateLabel": false,
    "IsBiffe": false,
    "WeightconversionFactor": "0",
    "IsWeightArticle": false,
    "nutriscoreLabel": "D",
    "IsBio": false,
    "CountryOfOrigin": "ITALIË",
    "IsExclusivelySoldInLuxembourg": false,
    "OrderUnit": "P",
    "ShortName": "LU MINI CRACK NAT. 250G",
    "IsNew": false,
    "RecentQuanityOfStockUnits": "1,12",
    "LongName": "LU Mini Crackers Naturel 250g",
    "AlcoholVolume": "0",
    "FicCode": "E"
  },
  {
    "productId": "358474",
    "technicalArticleNumber": "3791050",
    "commercialArticleNumber": "19386",
    "name": "Arrabiata saus",
    "brand": "BARILLA",
    "seoBrand": "Barilla",
    "thumbNail": "https://static.colruytgroup.com/images/200x200/std.lang.all/98/25/asset-3139825.jpg",
    "fullImage": "https://static.colruytgroup.com/images/500x500/std.lang.all/98/25/asset-3139825.jpg",
    "squareImage": "https://static.colruytgroup.com/images/500x500sq/std.lang.all/98/25/asset-3139825.jpg",
    "content": "400g",
    "walkRouteSequenceNumber": 8335,
    "price": {
      "basicPrice": 3.49,
      "recommendedQuantity": "1.0",
      "measurementUnitPrice": 8.73,
      "measurementUnit": "K",
      "isRedPrice": false,
      "pricePerUOM": 8.73,
      "activationDate": "14-03-2024",
      "recordSource": "Offline",
      "isPromoActive": "N",
      "priceChangeCode": "E"
    },
    "isAvailable": true,
    "isPriceAvailable": true,
    "inPromo": false,
    "gtin": [
      "08076809513388",
      "08076809035361"
    ],
    "topCategoryName": "Kruidenierswaren/Droge voeding",
    "topCategoryId": "233",
    "businessDomain": "RETAIL_BE",
    "IsPrivateLabel": false,
    "IsBiffe": false,
    "WeightconversionFactor": "0",
    "IsWeightArticle": false,
    "nutriscoreLabel": "A",
    "IsBio": false,
    "CountryOfOrigin": "ITALIË",
    "IsExclusivelySoldInLuxembourg": false,
    "OrderUnit": "P",
    "ShortName": "BARI ARRABIATA SAUS 400",
    "IsNew": false,
    "EcoscoreLabel": "B",
    "RecentQuanityOfStockUnits": "1,6",
    "LongName": "BARILLA Arrabiata saus 400g",
    "AlcoholVolume": "0",
    "FicCode": "E",
    "EcoscoreValue": "69"
  },
  {
    "productId": "796995",
    "technicalArticleNumber": "4608128",
    "commercialArticleNumber": "29550",
    "name": "mayonaise met olijfolie",
    "brand": "BERTOLLI",
    "seoBrand": "Bertolli",
    "thumbNail": "https://static.colruytgroup.com/images/200x200/std.lang.all/92/65/asset-2809265.jpg",
    "fullImage": "https://static.colruytgroup.com/images/500x500/std.lang.all/92/65/asset-2809265.jpg",
    "squareImage": "https://static.colruytgroup.com/images/500x500sq/std.lang.all/92/65/asset-2809265.jpg",
    "content": "450ml",
    "walkRouteSequenceNumber": 8072,
    "price": {
      "basicPrice": 3.39,
      "recommendedQuantity": "1.0",
      "measurementUnitPrice": 7.54,
      "measurementUnit": "L",
      "isRedPrice": false,
      "pricePerUOM": 7.54,
      "activationDate": "14-03-2024",
      "recordSource": "Offline",
      "isPromoActive": "N",
      "priceChangeCode": "E"
    },
    "isAvailable": true,
    "isPriceAvailable": true,
    "inPromo": false,
    "gtin": [
      "25400141971471",
      "08712247232398",
      "08712247232404"
    ],
    "topCategoryName": "Kruidenierswaren/Droge voeding",
    "topCategoryId": "233",
    "businessDomain": "RETAIL_BE",
    "IsPrivateLabel": false,
    "IsBiffe": false,
    "WeightconversionFactor": "0",
    "IsWeightArticle": false,
    "nutriscoreLabel": "D",
    "IsBio": false,
    "CountryOfOrigin": "BELGIË",
    "IsExclusivelySoldInLuxembourg": false,
    "OrderUnit": "P",
    "ShortName": "BERT MAYON.OLIJFOLI.450",
    "IsNew": false,
    "EcoscoreLabel": "D",
    "RecentQuanityOfStockUnits": "1,12",
    "LongName": "BERTOLLI mayonaise met olijfolie 450ml",
    "FicCode": "E",
    "EcoscoreValue": "34"
  },
  {
    "productId": "76",
    "technicalArticleNumber": "14201",
    "commercialArticleNumber": "14201",
    "name": "rijst basmati",
    "description": "*Kookbuiltjes\n*kooktijd:10 minuten",
    "brand": "BOSTO",
    "seoBrand": "Bosto",
    "thumbNail": "https://static.colruytgroup.com/images/200x200/std.lang.all/88/28/asset-1478828.jpg",
    "fullImage": "https://static.colruytgroup.com/images/500x500/std.lang.all/88/28/asset-1478828.jpg",
    "squareImage": "https://static.colruytgroup.com/images/500x500sq/std.lang.all/88/28/asset-1478828.jpg",
    "content": "4x125g",
    "walkRouteSequenceNumber": 8370,
    "price": {
      "basicPrice": 1.69,
      "recommendedQuantity": "1.0",
      "measurementUnitPrice": 3.38,
      "measurementUnit": "K",
      "isRedPrice": false,
      "pricePerUOM": 3.38,
      "activationDate": "19-03-2024",
      "recordSource": "Offline",
      "isPromoActive": "N",
      "priceChangeCode": "E"
    },
    "isAvailable": true,
    "isPriceAvailable": true,
    "inPromo": false,
    "gtin": [
      "15410106018625",
      "05410106010189"
    ],
    "topCategoryName": "Kruidenierswaren/Droge voeding",
    "topCategoryId": "233",
    "businessDomain": "RETAIL_BE",
    "IsPrivateLabel": false,
    "IsBiffe": false,
    "WeightconversionFactor": "0",
    "IsWeightArticle": false,
    "nutriscoreLabel": "A",
    "IsBio": false,
    "CountryOfOrigin": "BELGIË",
    "IsExclusivelySoldInLuxembourg": false,
    "OrderUnit": "P",
    "ShortName": "BOSTO KB BASMATI 4X125G",
    "IsNew": false,
    "EcoscoreLabel": "E",
    "RecentQuanityOfStockUnits": "1,16",
    "LongName": "BOSTO rijst basmati 4x125g",
    "AlcoholVolume": "0",
    "FicCode": "E",
    "EcoscoreValue": "2"
  },
  {
    "productId": "885",
    "technicalArticleNumber": "13298",
    "commercialArticleNumber": "13298",
    "name": "saus andalouse",
    "brand": "DEVOS LEMMENS",
    "seoBrand": "Devos Lemmens",
    "thumbNail": "https://static.colruytgroup.com/images/200x200/std.lang.all/40/45/asset-904045.jpg",
    "fullImage": "https://static.colruytgroup.com/images/500x500/std.lang.all/40/45/asset-904045.jpg",
    "squareImage": "https://static.colruytgroup.com/images/500x500sq/std.lang.all/40/45/asset-904045.jpg",
    "content": "300ml",
    "walkRouteSequenceNumber": 8152,
    "price": {
      "basicPrice": 1.99,
      "recommendedQuantity": "1.0",
      "measurementUnitPrice": 6.64,
      "measurementUnit": "L",
      "isRedPrice": false,
      "pricePerUOM": 6.64,
      "activationDate": "22-03-2024",
      "recordSource": "Offline",
      "isPromoActive": "N",
      "priceChangeCode": "E"
    },
    "isAvailable": true,
    "isPriceAvailable": true,
    "inPromo": false,
    "gtin": [
      "05410056781108",
      "05410056181106"
    ],
    "topCategoryName": "Kruidenierswaren/Droge voeding",
    "topCategoryId": "233",
    "businessDomain": "RETAIL_BE",
    "IsPrivateLabel": false,
    "IsBiffe": false,
    "WeightconversionFactor": "0",
    "IsWeightArticle": false,
    "nutriscoreLabel": "D",
    "IsBio": false,
    "CountryOfOrigin": "BELGIË",
    "IsExclusivelySoldInLuxembourg": false,
    "OrderUnit": "P",
    "ShortName": "DVL ANDALOUSE SAUS300ML",
    "IsNew": false,
    "EcoscoreLabel": "C",
    "RecentQuanityOfStockUnits": "1,12",
    "LongName": "DEVOS LEMMENS saus andalouse 300ml",
    "AlcoholVolume": "0",
    "FicCode": "E",
    "EcoscoreValue": "47"
  },
  {
    "productId": "854",
    "technicalArticleNumber": "13161",
    "commercialArticleNumber": "13161",
    "name": "gemalen kaneel",
    "brand": "BONI",
    "seoBrand": "Boni Selection",
    "thumbNail": "https://static.colruytgroup.com/images/200x200/std.lang.all/51/75/asset-2755175.jpg",
    "fullImage": "https://static.colruytgroup.com/images/500x500/std.lang.all/51/75/asset-2755175.jpg",
    "squareImage": "https://static.colruytgroup.com/images/500x500sq/std.lang.all/51/75/asset-2755175.jpg",
    "content": "40g",
    "walkRouteSequenceNumber": 6395,
    "price": {
      "basicPrice": 0.53,
      "recommendedQuantity": "1.0",
      "measurementUnitPrice": 13.25,
      "measurementUnit": "K",
      "isRedPrice": false,
      "pricePerUOM": 13.25,
      "activationDate": "14-11-2023",
      "recordSource": "Offline",
      "isPromoActive": "N",
      "priceChangeCode": "E"
    },
    "isAvailable": true,
    "isPriceAvailable": true,
    "inPromo": false,
    "gtin": [
      "05400141097900",
      "05400141131611",
      "05400141210255",
      "25400141098956"
    ],
    "topCategoryName": "Kruidenierswaren/Droge voeding",
    "topCategoryId": "233",
    "businessDomain": "RETAIL_BE",
    "IsPrivateLabel": true,
    "IsBiffe": false,
    "WeightconversionFactor": "0",
    "IsWeightArticle": false,
    "nutriscoreLabel": "D",
    "IsBio": false,
    "CountryOfOrigin": "INDONESIË",
    "IsExclusivelySoldInLuxembourg": false,
    "OrderUnit": "P",
    "ShortName": "BONI KANEEL GEMALEN 40G",
    "IsNew": false,
    "EcoscoreLabel": "E",
    "RecentQuanityOfStockUnits": "1,12",
    "LongName": "BONI gemalen kaneel 40g",
    "AlcoholVolume": "0",
    "FicCode": "I",
    "EcoscoreValue": "15"
  },
  {
    "productId": "33961",
    "technicalArticleNumber": "1684369",
    "commercialArticleNumber": "13137",
    "name": "olijfolie Grieks",
    "description": "*Ideaal voor koude\nbereidingen\n*Griekenland",
    "brand": "BONI",
    "seoBrand": "Boni Selection",
    "thumbNail": "https://static.colruytgroup.com/images/200x200/std.lang.all/66/66/asset-2416666.jpg",
    "fullImage": "https://static.colruytgroup.com/images/500x500/std.lang.all/66/66/asset-2416666.jpg",
    "squareImage": "https://static.colruytgroup.com/images/500x500sq/std.lang.all/66/66/asset-2416666.jpg",
    "content": "75cl",
    "walkRouteSequenceNumber": 8949,
    "price": {
      "basicPrice": 8.62,
      "recommendedQuantity": "1.0",
      "measurementUnitPrice": 11.5,
      "measurementUnit": "L",
      "isRedPrice": false,
      "pricePerUOM": 11.5,
      "activationDate": "19-03-2024",
      "recordSource": "Offline",
      "isPromoActive": "N",
      "priceChangeCode": "H"
    },
    "isAvailable": true,
    "isPriceAvailable": true,
    "inPromo": false,
    "gtin": [
      "15400141192329",
      "05400141192322",
      "05400141380507",
      "05400141385977",
      "15400141385974"
    ],
    "topCategoryName": "Kruidenierswaren/Droge voeding",
    "topCategoryId": "233",
    "businessDomain": "RETAIL_BE",
    "IsPrivateLabel": true,
    "IsBiffe": false,
    "WeightconversionFactor": "0",
    "IsWeightArticle": false,
    "nutriscoreLabel": "B",
    "IsBio": false,
    "CountryOfOrigin": "GRIEKENLAND",
    "IsExclusivelySoldInLuxembourg": false,
    "OrderUnit": "P",
    "ShortName": "BONI GR.OLIJFOL.EV750ML",
    "IsNew": false,
    "EcoscoreLabel": "D",
    "RecentQuanityOfStockUnits": "1,12",
    "LongName": "BONI olijfolie Grieks 75cl",
    "AlcoholVolume": "0",
    "FicCode": "I",
    "EcoscoreValue": "39"
  },
  {
    "productId": "134864",
    "technicalArticleNumber": "3204523",
    "commercialArticleNumber": "7032",
    "name": "olijfolie bakken & braden",
    "description": "Olijfolie voor bakken en braden",
    "brand": "EVERYDAY",
    "seoBrand": "Everyday",
    "thumbNail": "https://static.colruytgroup.com/images/200x200/std.lang.all/45/73/asset-2024573.jpg",
    "fullImage": "https://static.colruytgroup.com/images/500x500/std.lang.all/45/73/asset-2024573.jpg",
    "squareImage": "https://static.colruytgroup.com/images/500x500sq/std.lang.all/45/73/asset-2024573.jpg",
    "content": "1L",
    "walkRouteSequenceNumber": 8796,
    "price": {
      "basicPrice": 5.99,
      "recommendedQuantity": "1.0",
      "measurementUnitPrice": 5.99,
      "measurementUnit": "L",
      "isRedPrice": false,
      "pricePerUOM": 5.99,
      "activationDate": "12-03-2024",
      "recordSource": "Offline",
      "isPromoActive": "N",
      "priceChangeCode": "H"
    },
    "isAvailable": true,
    "isPriceAvailable": true,
    "inPromo": false,
    "gtin": [
      "05400141169515",
      "05400141342000",
      "15400141342007"
    ],
    "topCategoryName": "Kruidenierswaren/Droge voeding",
    "topCategoryId": "233",
    "businessDomain": "RETAIL_BE",
    "IsPrivateLabel": true,
    "IsBiffe": false,
    "WeightconversionFactor": "0",
    "IsWeightArticle": false,
    "nutriscoreLabel": "B",
    "IsBio": false,
    "CountryOfOrigin": "SPANJE",
    "IsExclusivelySoldInLuxembourg": false,
    "OrderUnit": "P",
    "ShortName": "EVD BAK BRA.OLIJFOL.1L",
    "InSeason": true,
    "IsNew": false,
    "EcoscoreLabel": "D",
    "RecentQuanityOfStockUnits": "12,1",
    "LongName": "EVERYDAY olijfolie bakken & braden 1L",
    "AlcoholVolume": "0",
    "StartSeasonDate": "16/01/2018",
    "FicCode": "I",
    "EcoscoreValue": "38"
  },
  {
    "productId": "320393",
    "technicalArticleNumber": "3776276",
    "commercialArticleNumber": "17874",
    "name": "tomato ketchup",
    "brand": "HEINZ",
    "seoBrand": "Heinz",
    "thumbNail": "https://static.colruytgroup.com/images/200x200/std.lang.all/10/95/asset-1931095.jpg",
    "fullImage": "https://static.colruytgroup.com/images/500x500/std.lang.all/10/95/asset-1931095.jpg",
    "squareImage": "https://static.colruytgroup.com/images/500x500sq/std.lang.all/10/95/asset-1931095.jpg",
    "content": "875ml",
    "walkRouteSequenceNumber": 8189,
    "price": {
      "basicPrice": 3.49,
      "recommendedQuantity": "1.0",
      "measurementUnitPrice": 3.99,
      "measurementUnit": "L",
      "isRedPrice": false,
      "pricePerUOM": 3.99,
      "activationDate": "29-02-2024",
      "recordSource": "Offline",
      "isPromoActive": "N",
      "priceChangeCode": "H"
    },
    "isAvailable": true,
    "isPriceAvailable": true,
    "inPromo": false,
    "gtin": [
      "08715700122069",
      "08715700411170",
      "08715700220925",
      "08715700016504",
      "08715700225586",
      "08715700124810",
      "08715700221052"
    ],
    "topCategoryName": "Kruidenierswaren/Droge voeding",
    "topCategoryId": "233",
    "businessDomain": "RETAIL_BE",
    "IsPrivateLabel": false,
    "IsBiffe": false,
    "WeightconversionFactor": "0",
    "IsWeightArticle": false,
    "nutriscoreLabel": "D",
    "IsBio": false,
    "CountryOfOrigin": "EUROPA",
    "IsExclusivelySoldInLuxembourg": false,
    "OrderUnit": "P",
    "ShortName": "HEIN TOMATO KETCHUP 875",
    "InSeason": true,
    "IsNew": false,
    "EcoscoreLabel": "B",
    "RecentQuanityOfStockUnits": "1,8,1,1",
    "LongName": "HEINZ tomato ketchup 875ml",
    "AlcoholVolume": "0",
    "StartSeasonDate": "06/02/2020",
    "FicCode": "E",
    "EcoscoreValue": "74"
  },
  {
    "productId": "795",
    "technicalArticleNumber": "13453",
    "commercialArticleNumber": "13453",
    "name": "augurken zoetzuur",
    "description": "Augurken zoetzuur met natuurazijn en\nkruidenmengsel.",
    "brand": "BONI",
    "seoBrand": "Boni Selection",
    "thumbNail": "https://static.colruytgroup.com/images/200x200/std.lang.all/12/72/asset-2261272.jpg",
    "fullImage": "https://static.colruytgroup.com/images/500x500/std.lang.all/12/72/asset-2261272.jpg",
    "squareImage": "https://static.colruytgroup.com/images/500x500sq/std.lang.all/12/72/asset-2261272.jpg",
    "content": "1,550kg",
    "walkRouteSequenceNumber": 16328,
    "price": {
      "basicPrice": 2.19,
      "recommendedQuantity": "1.0",
      "measurementUnitPrice": 2.58,
      "measurementUnit": "K",
      "isRedPrice": false,
      "pricePerUOM": 2.58,
      "activationDate": "14-11-2023",
      "recordSource": "Offline",
      "isPromoActive": "N",
      "priceChangeCode": "E"
    },
    "isAvailable": true,
    "isPriceAvailable": true,
    "inPromo": false,
    "gtin": [
      "05400141352986",
      "05400141407549",
      "15400141352983",
      "15400141953302",
      "05400141047998"
    ],
    "topCategoryName": "Kruidenierswaren/Droge voeding",
    "topCategoryId": "233",
    "businessDomain": "RETAIL_BE",
    "IsPrivateLabel": true,
    "IsBiffe": false,
    "WeightconversionFactor": "0",
    "IsWeightArticle": false,
    "nutriscoreLabel": "A",
    "IsBio": false,
    "CountryOfOrigin": "HONGARIJE",
    "IsExclusivelySoldInLuxembourg": false,
    "OrderUnit": "P",
    "ShortName": "HC BONI ZOEZ AUGUR1.55K",
    "IsNew": false,
    "EcoscoreLabel": "A",
    "RecentQuanityOfStockUnits": "6,1",
    "LongName": "BONI augurken zoetzuur 1,550kg",
    "AlcoholVolume": "0",
    "FicCode": "I",
    "EcoscoreValue": "100"
  },
  {
    "productId": "664439",
    "technicalArticleNumber": "4372451",
    "commercialArticleNumber": "19804",
    "name": "hummus pikant",
    "description": "*kikkererwten,\nsesampasta,\nchilipeper",
    "brand": "BONI",
    "seoBrand": "Boni Selection",
    "thumbNail": "https://static.colruytgroup.com/images/200x200/std.lang.all/17/96/asset-3021796.jpg",
    "fullImage": "https://static.colruytgroup.com/images/500x500/std.lang.all/17/96/asset-3021796.jpg",
    "squareImage": "https://static.colruytgroup.com/images/500x500sq/std.lang.all/17/96/asset-3021796.jpg",
    "content": "200g",
    "walkRouteSequenceNumber": 7654,
    "price": {
      "basicPrice": 0.89,
      "recommendedQuantity": "1.0",
      "measurementUnitPrice": 4.45,
      "measurementUnit": "K",
      "isRedPrice": false,
      "pricePerUOM": 4.45,
      "activationDate": "23-03-2024",
      "recordSource": "Offline",
      "isPromoActive": "N",
      "priceChangeCode": "L"
    },
    "isAvailable": true,
    "isPriceAvailable": true,
    "inPromo": false,
    "gtin": [
      "05400141740714",
      "05400141997965",
      "15400141997962",
      "15400141740711"
    ],
    "topCategoryName": "Chips/Borrelhapjes",
    "topCategoryId": "306",
    "businessDomain": "RETAIL_BE",
    "IsPrivateLabel": true,
    "IsBiffe": false,
    "WeightconversionFactor": "0",
    "IsWeightArticle": false,
    "nutriscoreLabel": "C",
    "IsBio": false,
    "CountryOfOrigin": "BELGIË",
    "IsExclusivelySoldInLuxembourg": false,
    "OrderUnit": "P",
    "ShortName": "BONI HUMMUS PIKANT 200G",
    "IsNew": false,
    "EcoscoreLabel": "B",
    "RecentQuanityOfStockUnits": "1",
    "LongName": "BONI hummus pikant 200g",
    "FicCode": "I",
    "EcoscoreValue": "72"
  },
  {
    "productId": "11743",
    "technicalArticleNumber": "1358366",
    "commercialArticleNumber": "28925",
    "name": "groene olijven zonder pit",
    "description": "*Groen\n*Ontpit\n*Griekenland",
    "brand": "BONI BIO",
    "seoBrand": "Boni Selection Bio",
    "thumbNail": "https://static.colruytgroup.com/images/200x200/std.lang.all/16/12/asset-2741612.jpg",
    "fullImage": "https://static.colruytgroup.com/images/500x500/std.lang.all/16/12/asset-2741612.jpg",
    "squareImage": "https://static.colruytgroup.com/images/500x500sq/std.lang.all/16/12/asset-2741612.jpg",
    "content": "150g",
    "walkRouteSequenceNumber": 7684,
    "price": {
      "basicPrice": 2.99,
      "recommendedQuantity": "1.0",
      "quantityPrice": 2.85,
      "quantityPriceQuantity": "3.0",
      "measurementUnitPrice": 19.94,
      "measurementUnitQuantityPrice": 19,
      "measurementUnit": "K",
      "isRedPrice": false,
      "pricePerUOM": 19.94,
      "activationDate": "24-02-2024",
      "recordSource": "Offline",
      "isPromoActive": "N",
      "priceChangeCode": "E",
      "quantityPricePerUOM": 19,
      "quantityActivationDate": "24-02-2024",
      "quantityPriceChangeCode": "L"
    },
    "isAvailable": true,
    "isPriceAvailable": true,
    "inPromo": false,
    "gtin": [
      "05400141492798",
      "05400141886269",
      "05400141039436",
      "05400141353716",
      "05400141374032",
      "15400141492795",
      "15400141089452"
    ],
    "topCategoryName": "Chips/Borrelhapjes",
    "topCategoryId": "306",
    "businessDomain": "RETAIL_BE",
    "IsPrivateLabel": true,
    "IsBiffe": false,
    "WeightconversionFactor": "0",
    "IsWeightArticle": false,
    "nutriscoreLabel": "C",
    "IsBio": true,
    "CountryOfOrigin": "BELGIË",
    "IsExclusivelySoldInLuxembourg": false,
    "OrderUnit": "P",
    "ShortName": "BIO BS OLIJVEN 150G",
    "InSeason": true,
    "IsNew": false,
    "EcoscoreLabel": "A",
    "RecentQuanityOfStockUnits": "1,12",
    "LongName": "BONI BIO groene olijven zonder pit 150g",
    "AlcoholVolume": "0",
    "StartSeasonDate": "29/10/2012",
    "FicCode": "I",
    "EcoscoreValue": "100"
  },
  {
    "productId": "9835",
    "technicalArticleNumber": "1401770",
    "commercialArticleNumber": "5093",
    "name": "atlantisch zeezout grof",
    "description": "*Niet biologisch\ngecertificeerd",
    "brand": "MARSEL",
    "seoBrand": "Marsel",
    "thumbNail": "https://static.colruytgroup.com/images/200x200/std.lang.all/47/43/asset-1424743.jpg",
    "fullImage": "https://static.colruytgroup.com/images/500x500/std.lang.all/47/43/asset-1424743.jpg",
    "squareImage": "https://static.colruytgroup.com/images/500x500sq/std.lang.all/47/43/asset-1424743.jpg",
    "content": "1kg",
    "walkRouteSequenceNumber": 6405,
    "price": {
      "basicPrice": 1.69,
      "recommendedQuantity": "1.0",
      "measurementUnitPrice": 1.69,
      "measurementUnit": "K",
      "isRedPrice": false,
      "pricePerUOM": 1.69,
      "activationDate": "23-03-2024",
      "isPromoActive": "N",
      "priceChangeCode": "H"
    },
    "isAvailable": true,
    "isPriceAvailable": true,
    "inPromo": false,
    "gtin": [
      "05425000966708",
      "05425000966791"
    ],
    "topCategoryName": "Kruidenierswaren/Droge voeding",
    "topCategoryId": "233",
    "businessDomain": "RETAIL_BE",
    "IsPrivateLabel": false,
    "IsBiffe": false,
    "WeightconversionFactor": "0",
    "IsWeightArticle": false,
    "nutriscoreLabel": "E",
    "IsBio": false,
    "CountryOfOrigin": "NEDERLAND",
    "IsExclusivelySoldInLuxembourg": false,
    "OrderUnit": "P",
    "ShortName": "MAR.GROF ATLA.ZEEZOUT1K",
    "IsNew": false,
    "EcoscoreLabel": "A",
    "RecentQuanityOfStockUnits": "1,12",
    "LongName": "MARSEL atlantisch zeezout grof 1kg",
    "AlcoholVolume": "0",
    "FicCode": "E",
    "EcoscoreValue": "97"
  },
  {
    "productId": "541848",
    "technicalArticleNumber": "4166252",
    "commercialArticleNumber": "9800",
    "name": "al dente macaroni kort",
    "description": "*100% harde tarwe\n*Al dente beet\n*Eiwit : 13,5g/100g\n*Kooktijd : 7 min",
    "brand": "SOUBRY",
    "seoBrand": "Soubry",
    "thumbNail": "https://static.colruytgroup.com/images/200x200/std.lang.all/53/38/asset-3425338.jpg",
    "fullImage": "https://static.colruytgroup.com/images/500x500/std.lang.all/53/38/asset-3425338.jpg",
    "squareImage": "https://static.colruytgroup.com/images/500x500sq/std.lang.all/53/38/asset-3425338.jpg",
    "content": "375g",
    "walkRouteSequenceNumber": 8288,
    "price": {
      "basicPrice": 0.99,
      "recommendedQuantity": "4.0",
      "measurementUnitPrice": 2.64,
      "measurementUnit": "K",
      "isRedPrice": false,
      "pricePerUOM": 2.64,
      "activationDate": "01-02-2024",
      "recordSource": "Offline",
      "isPromoActive": "N",
      "priceChangeCode": "E"
    },
    "isAvailable": true,
    "isPriceAvailable": true,
    "inPromo": false,
    "gtin": [
      "05410028170428",
      "75410028171424",
      "05410028171425"
    ],
    "topCategoryName": "Kruidenierswaren/Droge voeding",
    "topCategoryId": "233",
    "businessDomain": "RETAIL_BE",
    "IsPrivateLabel": false,
    "IsBiffe": false,
    "WeightconversionFactor": "0",
    "IsWeightArticle": false,
    "nutriscoreLabel": "A",
    "IsBio": false,
    "CountryOfOrigin": "BELGIË",
    "IsExclusivelySoldInLuxembourg": false,
    "OrderUnit": "P",
    "ShortName": "SOUB AL DENT.MAC.KOR375",
    "IsNew": false,
    "EcoscoreLabel": "A",
    "RecentQuanityOfStockUnits": "1,4",
    "LongName": "SOUBRY al dente macaroni kort 375g",
    "FicCode": "E",
    "EcoscoreValue": "97"
  },
  {
    "productId": "695558",
    "technicalArticleNumber": "4424920",
    "commercialArticleNumber": "25949",
    "name": "collezione tagliatelle",
    "brand": "BARILLA",
    "seoBrand": "Barilla",
    "thumbNail": "https://ecgproductmw.colruytgroup.com/ecgproductmw/noPicForArticle_2.jpg",
    "fullImage": "https://ecgproductmw.colruytgroup.com/ecgproductmw/noPicForArticle_5.jpg",
    "squareImage": "https://ecgproductmw.colruytgroup.com/ecgproductmw/noPicForArticle_5.jpg",
    "content": "500g",
    "walkRouteSequenceNumber": 8223,
    "price": {
      "basicPrice": 3.99,
      "recommendedQuantity": "1.0",
      "measurementUnitPrice": 7.98,
      "measurementUnit": "K",
      "isRedPrice": false,
      "pricePerUOM": 7.98,
      "activationDate": "14-03-2024",
      "recordSource": "Offline",
      "isPromoActive": "N",
      "priceChangeCode": "E"
    },
    "isAvailable": true,
    "isPriceAvailable": true,
    "inPromo": false,
    "gtin": [
      "08076809035736",
      "08076809523714"
    ],
    "topCategoryName": "Kruidenierswaren/Droge voeding",
    "topCategoryId": "233",
    "businessDomain": "RETAIL_BE",
    "IsPrivateLabel": false,
    "IsBiffe": false,
    "WeightconversionFactor": "0",
    "IsWeightArticle": false,
    "nutriscoreLabel": "A",
    "IsBio": false,
    "CountryOfOrigin": "ITALIË",
    "IsExclusivelySoldInLuxembourg": false,
    "OrderUnit": "P",
    "ShortName": "BARI COL.TAGLIATELLE500",
    "IsNew": false,
    "EcoscoreLabel": "B",
    "RecentQuanityOfStockUnits": "1,12",
    "LongName": "BARILLA collezione tagliatelle 500g",
    "FicCode": "E",
    "EcoscoreValue": "60"
  },
  {
    "productId": "59060",
    "technicalArticleNumber": "2262694",
    "commercialArticleNumber": "5795",
    "name": "pastasaus tradizionale",
    "brand": "SPAGHERONI",
    "seoBrand": "Spagheroni",
    "thumbNail": "https://static.colruytgroup.com/images/200x200/std.lang.all/75/67/asset-817567.jpg",
    "fullImage": "https://static.colruytgroup.com/images/500x500/std.lang.all/75/67/asset-817567.jpg",
    "squareImage": "https://static.colruytgroup.com/images/500x500sq/std.lang.all/75/67/asset-817567.jpg",
    "content": "520g",
    "walkRouteSequenceNumber": 8343,
    "price": {
      "basicPrice": 2.19,
      "recommendedQuantity": "1.0",
      "measurementUnitPrice": 4.22,
      "measurementUnit": "K",
      "isRedPrice": false,
      "pricePerUOM": 4.22,
      "activationDate": "14-11-2023",
      "recordSource": "Offline",
      "isPromoActive": "N",
      "priceChangeCode": "E"
    },
    "isAvailable": true,
    "isPriceAvailable": true,
    "inPromo": false,
    "gtin": [
      "08715700413792",
      "08715700413785"
    ],
    "topCategoryName": "Kruidenierswaren/Droge voeding",
    "topCategoryId": "233",
    "businessDomain": "RETAIL_BE",
    "IsPrivateLabel": false,
    "IsBiffe": false,
    "WeightconversionFactor": "0",
    "IsWeightArticle": false,
    "nutriscoreLabel": "C",
    "IsBio": false,
    "CountryOfOrigin": "EUROPA",
    "IsExclusivelySoldInLuxembourg": false,
    "OrderUnit": "P",
    "ShortName": "SPAGHERONI TRADIT.520GR",
    "IsNew": false,
    "EcoscoreLabel": "B",
    "RecentQuanityOfStockUnits": "1,8",
    "LongName": "SPAGHERONI pastasaus tradizionale 520g",
    "AlcoholVolume": "0",
    "FicCode": "E",
    "EcoscoreValue": "69"
  },
  {
    "productId": "36",
    "technicalArticleNumber": "14961",
    "commercialArticleNumber": "14961",
    "name": "Puree Vlokken",
    "description": "*Aardappelpuree\n*Vlokken\n*4 zakjes 125g",
    "brand": "EVERYDAY",
    "seoBrand": "Everyday",
    "thumbNail": "https://static.colruytgroup.com/images/200x200/std.lang.all/14/11/asset-1661411.jpg",
    "fullImage": "https://static.colruytgroup.com/images/500x500/std.lang.all/14/11/asset-1661411.jpg",
    "squareImage": "https://static.colruytgroup.com/images/500x500sq/std.lang.all/14/11/asset-1661411.jpg",
    "content": "4x125g",
    "walkRouteSequenceNumber": 8439,
    "price": {
      "basicPrice": 1.79,
      "recommendedQuantity": "1.0",
      "measurementUnitPrice": 3.58,
      "measurementUnit": "K",
      "isRedPrice": false,
      "pricePerUOM": 3.58,
      "activationDate": "14-11-2023",
      "recordSource": "Offline",
      "isPromoActive": "N",
      "priceChangeCode": "E"
    },
    "isAvailable": true,
    "isPriceAvailable": true,
    "inPromo": false,
    "gtin": [
      "05400141183962",
      "15400141192923",
      "05400141192926"
    ],
    "topCategoryName": "Kruidenierswaren/Droge voeding",
    "topCategoryId": "233",
    "businessDomain": "RETAIL_BE",
    "IsPrivateLabel": true,
    "IsBiffe": false,
    "WeightconversionFactor": "0",
    "IsWeightArticle": false,
    "IsBio": false,
    "CountryOfOrigin": "FRANKRIJK",
    "IsExclusivelySoldInLuxembourg": false,
    "OrderUnit": "P",
    "ShortName": "EVD PUREE VLOK 4X125G",
    "IsNew": false,
    "EcoscoreLabel": "B",
    "RecentQuanityOfStockUnits": "12,1",
    "LongName": "EVERYDAY Puree Vlokken 4x125g",
    "AlcoholVolume": "0",
    "FicCode": "I",
    "EcoscoreValue": "73"
  },
  {
    "productId": "11641",
    "technicalArticleNumber": "1375139",
    "commercialArticleNumber": "12600",
    "name": "Crunchy asperge",
    "description": "*Aspergesoep met\ncroutons",
    "brand": "ROYCO",
    "seoBrand": "Royco Crunchy",
    "thumbNail": "https://static.colruytgroup.com/images/200x200/std.lang.all/36/80/asset-3353680.jpg",
    "fullImage": "https://static.colruytgroup.com/images/500x500/std.lang.all/36/80/asset-3353680.jpg",
    "squareImage": "https://static.colruytgroup.com/images/500x500sq/std.lang.all/36/80/asset-3353680.jpg",
    "content": "3st",
    "walkRouteSequenceNumber": 16971,
    "price": {
      "basicPrice": 1.79,
      "recommendedQuantity": "1.0",
      "measurementUnitPrice": 29.84,
      "measurementUnit": "K",
      "isRedPrice": false,
      "pricePerUOM": 29.84,
      "activationDate": "20-03-2024",
      "recordSource": "Offline",
      "isPromoActive": "N",
      "priceChangeCode": "H"
    },
    "isAvailable": true,
    "isPriceAvailable": true,
    "inPromo": true,
    "promotion": [
      {
        "techPromoId": "100866COLR",
        "promotionId": "100866",
        "promotionType": "3",
        "isPersonalized": "N",
        "publicationStartDate": "13-03-2024",
        "publicationEndDate": "26-03-2024"
      }
    ],
    "gtin": [
      "05410056187337",
      "05414972705217"
    ],
    "topCategoryName": "Kruidenierswaren/Droge voeding",
    "topCategoryId": "233",
    "businessDomain": "RETAIL_BE",
    "IsPrivateLabel": false,
    "IsBiffe": false,
    "WeightconversionFactor": "0",
    "IsWeightArticle": false,
    "nutriscoreLabel": "C",
    "IsBio": false,
    "CountryOfOrigin": "NEDERLAND",
    "IsExclusivelySoldInLuxembourg": false,
    "OrderUnit": "P",
    "ShortName": "RMS CRUNCHY ASPERGES 3Z",
    "IsNew": false,
    "EcoscoreLabel": "B",
    "RecentQuanityOfStockUnits": "1",
    "LongName": "ROYCO Crunchy asperge 3st",
    "AlcoholVolume": "0",
    "FicCode": "E",
    "EcoscoreValue": "65"
  },
  {
    "productId": "138533",
    "technicalArticleNumber": "3202527",
    "commercialArticleNumber": "15705",
    "name": "snelkookrijst langkorrel",
    "description": "*Kookbuiltjes\n*kooktijd: 8 minuten",
    "brand": "BONI",
    "seoBrand": "Boni Selection",
    "thumbNail": "https://static.colruytgroup.com/images/200x200/std.lang.all/85/70/asset-3328570.jpg",
    "fullImage": "https://static.colruytgroup.com/images/500x500/std.lang.all/85/70/asset-3328570.jpg",
    "squareImage": "https://static.colruytgroup.com/images/500x500sq/std.lang.all/85/70/asset-3328570.jpg",
    "content": "4x125g",
    "walkRouteSequenceNumber": 8318,
    "price": {
      "basicPrice": 1.29,
      "recommendedQuantity": "1.0",
      "quantityPrice": 1.19,
      "quantityPriceQuantity": "2.0",
      "measurementUnitPrice": 2.58,
      "measurementUnitQuantityPrice": 2.38,
      "measurementUnit": "K",
      "isRedPrice": false,
      "pricePerUOM": 2.58,
      "activationDate": "22-03-2024",
      "recordSource": "Offline",
      "isPromoActive": "N",
      "priceChangeCode": "E",
      "quantityPricePerUOM": 2.38,
      "quantityActivationDate": "22-03-2024",
      "quantityPriceChangeCode": "H"
    },
    "isAvailable": true,
    "isPriceAvailable": true,
    "inPromo": false,
    "gtin": [
      "05400141380132",
      "05400141237030",
      "05400141184259",
      "15400141237037"
    ],
    "topCategoryName": "Kruidenierswaren/Droge voeding",
    "topCategoryId": "233",
    "businessDomain": "RETAIL_BE",
    "IsPrivateLabel": true,
    "IsBiffe": false,
    "WeightconversionFactor": "0",
    "IsWeightArticle": false,
    "nutriscoreLabel": "B",
    "IsBio": false,
    "CountryOfOrigin": "URUGUAY",
    "IsExclusivelySoldInLuxembourg": false,
    "OrderUnit": "P",
    "ShortName": "BONI SNELK.RIJST 4X125G",
    "IsNew": false,
    "EcoscoreLabel": "E",
    "RecentQuanityOfStockUnits": "16,1",
    "LongName": "BONI snelkookrijst langkorrel 4x125g",
    "AlcoholVolume": "0",
    "FicCode": "I",
    "EcoscoreValue": "18"
  },
  {
    "productId": "178667",
    "technicalArticleNumber": "3356990",
    "commercialArticleNumber": "7112",
    "name": "soep pompoen suprême Crunchy",
    "brand": "ROYCO",
    "seoBrand": "Royco Crunchy",
    "thumbNail": "https://static.colruytgroup.com/images/200x200/std.lang.all/36/90/asset-3353690.jpg",
    "fullImage": "https://static.colruytgroup.com/images/500x500/std.lang.all/36/90/asset-3353690.jpg",
    "squareImage": "https://static.colruytgroup.com/images/500x500sq/std.lang.all/36/90/asset-3353690.jpg",
    "content": "3st",
    "walkRouteSequenceNumber": 16963,
    "price": {
      "basicPrice": 1.49,
      "recommendedQuantity": "1.0",
      "measurementUnitPrice": 21.92,
      "measurementUnit": "K",
      "isRedPrice": false,
      "pricePerUOM": 21.92,
      "activationDate": "20-03-2024",
      "recordSource": "Offline",
      "isPromoActive": "N",
      "priceChangeCode": "H"
    },
    "isAvailable": true,
    "isPriceAvailable": true,
    "inPromo": true,
    "promotion": [
      {
        "techPromoId": "100866COLR",
        "promotionId": "100866",
        "promotionType": "3",
        "isPersonalized": "N",
        "publicationStartDate": "13-03-2024",
        "publicationEndDate": "26-03-2024"
      }
    ],
    "gtin": [
      "05414972100258",
      "05414972705255"
    ],
    "topCategoryName": "Kruidenierswaren/Droge voeding",
    "topCategoryId": "233",
    "businessDomain": "RETAIL_BE",
    "IsPrivateLabel": false,
    "IsBiffe": false,
    "WeightconversionFactor": "0",
    "IsWeightArticle": false,
    "nutriscoreLabel": "C",
    "IsBio": false,
    "CountryOfOrigin": "NEDERLAND",
    "IsExclusivelySoldInLuxembourg": false,
    "OrderUnit": "P",
    "ShortName": "RMS POMPOEN SUP.CRUN 3Z",
    "IsNew": false,
    "EcoscoreLabel": "B",
    "RecentQuanityOfStockUnits": "1,24",
    "LongName": "ROYCO soep pompoen suprême Crunchy 3st",
    "AlcoholVolume": "0",
    "FicCode": "E",
    "EcoscoreValue": "75"
  },
  {
    "productId": "544634",
    "technicalArticleNumber": "4170775",
    "commercialArticleNumber": "9885",
    "name": "Finesse rundbouillon",
    "description": "*Bouillonblokjes\n*Vlees smaak\n*Makkelijk doseren\n*Vetarm\n*Aromatisch kruid",
    "brand": "KNORR",
    "seoBrand": "Knorr",
    "thumbNail": "https://static.colruytgroup.com/images/200x200/std.lang.all/54/24/asset-2795424.jpg",
    "fullImage": "https://static.colruytgroup.com/images/500x500/std.lang.all/54/24/asset-2795424.jpg",
    "squareImage": "https://static.colruytgroup.com/images/500x500sq/std.lang.all/54/24/asset-2795424.jpg",
    "content": "16st",
    "walkRouteSequenceNumber": 6545,
    "price": {
      "basicPrice": 2.89,
      "recommendedQuantity": "3.0",
      "measurementUnitPrice": 18.07,
      "measurementUnit": "K",
      "isRedPrice": false,
      "pricePerUOM": 18.07,
      "activationDate": "17-02-2024",
      "recordSource": "Offline",
      "isPromoActive": "N",
      "priceChangeCode": "E"
    },
    "isAvailable": true,
    "isPriceAvailable": true,
    "inPromo": false,
    "gtin": [
      "05400141342864",
      "08710604722186",
      "08710604722230"
    ],
    "topCategoryName": "Kruidenierswaren/Droge voeding",
    "topCategoryId": "233",
    "businessDomain": "RETAIL_BE",
    "IsPrivateLabel": false,
    "IsBiffe": false,
    "WeightconversionFactor": "0",
    "IsWeightArticle": false,
    "nutriscoreLabel": "C",
    "IsBio": false,
    "CountryOfOrigin": "HONGARIJE",
    "IsExclusivelySoldInLuxembourg": false,
    "OrderUnit": "P",
    "ShortName": "KN FINES RUNDBOU.16 TAB",
    "IsNew": false,
    "EcoscoreLabel": "B",
    "RecentQuanityOfStockUnits": "1,3,12",
    "LongName": "KNORR Finesse rundbouillon 16st",
    "FicCode": "E",
    "EcoscoreValue": "79"
  },
  {
    "productId": "792565",
    "technicalArticleNumber": "4599861",
    "commercialArticleNumber": "4598",
    "name": "ketchup -50% suiker-zout TD",
    "brand": "HEINZ",
    "seoBrand": "Heinz",
    "thumbNail": "https://static.colruytgroup.com/images/200x200/std.lang.all/61/75/asset-3346175.jpg",
    "fullImage": "https://static.colruytgroup.com/images/500x500/std.lang.all/61/75/asset-3346175.jpg",
    "squareImage": "https://static.colruytgroup.com/images/500x500sq/std.lang.all/61/75/asset-3346175.jpg",
    "content": "570ml",
    "walkRouteSequenceNumber": 8194,
    "price": {
      "basicPrice": 3.99,
      "recommendedQuantity": "1.0",
      "measurementUnitPrice": 7,
      "measurementUnit": "L",
      "isRedPrice": false,
      "pricePerUOM": 7,
      "activationDate": "13-03-2024",
      "recordSource": "Offline",
      "isPromoActive": "N",
      "priceChangeCode": "E"
    },
    "isAvailable": true,
    "isPriceAvailable": true,
    "inPromo": false,
    "gtin": [
      "08715700122021",
      "08715700220888"
    ],
    "topCategoryName": "Kruidenierswaren/Droge voeding",
    "topCategoryId": "233",
    "businessDomain": "RETAIL_BE",
    "IsPrivateLabel": false,
    "IsBiffe": false,
    "WeightconversionFactor": "0",
    "IsWeightArticle": false,
    "nutriscoreLabel": "C",
    "IsBio": false,
    "CountryOfOrigin": "EUROPA",
    "IsExclusivelySoldInLuxembourg": false,
    "OrderUnit": "P",
    "ShortName": "HEIN KETCHUP -50S.TD570",
    "IsNew": false,
    "EcoscoreLabel": "B",
    "RecentQuanityOfStockUnits": "1",
    "LongName": "HEINZ ketchup -50% suiker-zout TD 570ml",
    "FicCode": "E",
    "EcoscoreValue": "74"
  },
  {
    "productId": "189113",
    "technicalArticleNumber": "3447107",
    "commercialArticleNumber": "28912",
    "name": "groene olijven basilicum",
    "description": "*Groene\n*Met basilicum\n*Ontpit\n*Griekenland",
    "brand": "BONI",
    "seoBrand": "Boni Selection",
    "thumbNail": "https://static.colruytgroup.com/images/200x200/std.lang.all/16/10/asset-2741610.jpg",
    "fullImage": "https://static.colruytgroup.com/images/500x500/std.lang.all/16/10/asset-2741610.jpg",
    "squareImage": "https://static.colruytgroup.com/images/500x500sq/std.lang.all/16/10/asset-2741610.jpg",
    "content": "150g",
    "walkRouteSequenceNumber": 7685,
    "price": {
      "basicPrice": 2.89,
      "recommendedQuantity": "1.0",
      "quantityPrice": 2.74,
      "quantityPriceQuantity": "3.0",
      "measurementUnitPrice": 19.27,
      "measurementUnitQuantityPrice": 18.27,
      "measurementUnit": "K",
      "isRedPrice": false,
      "pricePerUOM": 19.27,
      "activationDate": "14-11-2023",
      "recordSource": "Offline",
      "isPromoActive": "N",
      "priceChangeCode": "E",
      "quantityPricePerUOM": 18.27,
      "quantityActivationDate": "14-11-2023",
      "quantityPriceChangeCode": "E"
    },
    "isAvailable": true,
    "isPriceAvailable": true,
    "inPromo": false,
    "gtin": [
      "05400141705911",
      "15400141406273",
      "05400141492774",
      "05400141886283",
      "15400141088851",
      "05400141376708",
      "05400141089424",
      "05400141088854",
      "05400141406276"
    ],
    "topCategoryName": "Chips/Borrelhapjes",
    "topCategoryId": "306",
    "businessDomain": "RETAIL_BE",
    "IsPrivateLabel": true,
    "IsBiffe": false,
    "WeightconversionFactor": "0",
    "IsWeightArticle": false,
    "nutriscoreLabel": "C",
    "IsBio": false,
    "CountryOfOrigin": "BELGIË",
    "IsExclusivelySoldInLuxembourg": false,
    "OrderUnit": "P",
    "ShortName": "BONI GR.OLI.BASILI.150G",
    "IsNew": false,
    "EcoscoreLabel": "A",
    "RecentQuanityOfStockUnits": "1",
    "LongName": "BONI groene olijven basilicum 150g",
    "AlcoholVolume": "0",
    "FicCode": "I",
    "EcoscoreValue": "93"
  },
  {
    "productId": "108",
    "technicalArticleNumber": "13606",
    "commercialArticleNumber": "13606",
    "name": "pastasaus italiano",
    "brand": "MIRACOLI",
    "seoBrand": "Miracoli",
    "thumbNail": "https://static.colruytgroup.com/images/200x200/std.lang.all/14/56/asset-2231456.jpg",
    "fullImage": "https://static.colruytgroup.com/images/500x500/std.lang.all/14/56/asset-2231456.jpg",
    "squareImage": "https://static.colruytgroup.com/images/500x500sq/std.lang.all/14/56/asset-2231456.jpg",
    "content": "750g",
    "walkRouteSequenceNumber": 8329,
    "price": {
      "basicPrice": 4.49,
      "recommendedQuantity": "2.0",
      "measurementUnitPrice": 5.99,
      "measurementUnit": "K",
      "isRedPrice": false,
      "pricePerUOM": 5.99,
      "activationDate": "21-03-2024",
      "recordSource": "Offline",
      "isPromoActive": "N",
      "priceChangeCode": "H"
    },
    "isAvailable": true,
    "isPriceAvailable": true,
    "inPromo": true,
    "promotion": [
      {
        "techPromoId": "100956COLR",
        "promotionId": "100956",
        "promotionType": "4",
        "isPersonalized": "N",
        "publicationStartDate": "13-03-2024",
        "publicationEndDate": "26-03-2024"
      }
    ],
    "gtin": [
      "04002359673955",
      "05400141017144",
      "04002359000102"
    ],
    "topCategoryName": "Kruidenierswaren/Droge voeding",
    "topCategoryId": "233",
    "businessDomain": "RETAIL_BE",
    "IsPrivateLabel": false,
    "IsBiffe": false,
    "WeightconversionFactor": "0",
    "IsWeightArticle": false,
    "nutriscoreLabel": "C",
    "IsBio": false,
    "CountryOfOrigin": "NEDERLAND",
    "IsExclusivelySoldInLuxembourg": false,
    "OrderUnit": "P",
    "ShortName": "MIRACOLI ITALIANO 750GR",
    "IsNew": false,
    "RecentQuanityOfStockUnits": "2,1",
    "LongName": "MIRACOLI pastasaus italiano 750g",
    "AlcoholVolume": "0",
    "FicCode": "E"
  },
  {
    "productId": "778721",
    "technicalArticleNumber": "4572371",
    "commercialArticleNumber": "28561",
    "name": "noodles curry cup",
    "description": "*Instant noedels met\n*Currysmaak",
    "brand": "AIKI",
    "seoBrand": "Aïki",
    "thumbNail": "https://static.colruytgroup.com/images/200x200/std.lang.all/36/92/asset-3353692.jpg",
    "fullImage": "https://static.colruytgroup.com/images/500x500/std.lang.all/36/92/asset-3353692.jpg",
    "squareImage": "https://static.colruytgroup.com/images/500x500sq/std.lang.all/36/92/asset-3353692.jpg",
    "content": "67,6g",
    "walkRouteSequenceNumber": 17032,
    "price": {
      "basicPrice": 1.29,
      "recommendedQuantity": "1.0",
      "measurementUnitPrice": 18.98,
      "measurementUnit": "K",
      "isRedPrice": false,
      "pricePerUOM": 18.98,
      "activationDate": "11-03-2024",
      "recordSource": "Offline",
      "isPromoActive": "N",
      "priceChangeCode": "E"
    },
    "isAvailable": true,
    "isPriceAvailable": true,
    "inPromo": false,
    "gtin": [
      "05414972730394",
      "05414972130392"
    ],
    "topCategoryName": "Kruidenierswaren/Droge voeding",
    "topCategoryId": "233",
    "businessDomain": "RETAIL_BE",
    "IsPrivateLabel": false,
    "IsBiffe": false,
    "WeightconversionFactor": "0",
    "IsWeightArticle": false,
    "nutriscoreLabel": "C",
    "IsBio": false,
    "CountryOfOrigin": "HONGARIJE",
    "IsExclusivelySoldInLuxembourg": false,
    "OrderUnit": "P",
    "ShortName": "AIKI NOOD.CURRY CUP67.6",
    "IsNew": false,
    "EcoscoreLabel": "B",
    "RecentQuanityOfStockUnits": "8,1",
    "LongName": "AIKI noodles curry cup 67,6g",
    "FicCode": "E",
    "EcoscoreValue": "62"
  },
  {
    "productId": "847",
    "technicalArticleNumber": "13152",
    "commercialArticleNumber": "13152",
    "name": "kruiden basilicum",
    "brand": "BONI",
    "seoBrand": "Boni Selection",
    "thumbNail": "https://static.colruytgroup.com/images/200x200/std.lang.all/09/77/asset-3360977.jpg",
    "fullImage": "https://static.colruytgroup.com/images/500x500/std.lang.all/09/77/asset-3360977.jpg",
    "squareImage": "https://static.colruytgroup.com/images/500x500sq/std.lang.all/09/77/asset-3360977.jpg",
    "content": "18g",
    "walkRouteSequenceNumber": 6433,
    "price": {
      "basicPrice": 0.79,
      "recommendedQuantity": "1.0",
      "measurementUnitPrice": 43.89,
      "measurementUnit": "K",
      "isRedPrice": false,
      "pricePerUOM": 43.89,
      "activationDate": "08-03-2024",
      "recordSource": "Offline",
      "isPromoActive": "N",
      "priceChangeCode": "H"
    },
    "isAvailable": true,
    "isPriceAvailable": true,
    "inPromo": false,
    "gtin": [
      "15400141097556",
      "05400141097559",
      "05400141169652"
    ],
    "topCategoryName": "Kruidenierswaren/Droge voeding",
    "topCategoryId": "233",
    "businessDomain": "RETAIL_BE",
    "IsPrivateLabel": true,
    "IsBiffe": false,
    "WeightconversionFactor": "0",
    "IsWeightArticle": false,
    "nutriscoreLabel": "A",
    "IsBio": false,
    "CountryOfOrigin": "EGYPTE",
    "IsExclusivelySoldInLuxembourg": false,
    "OrderUnit": "P",
    "ShortName": "BONI BASILICUM18G",
    "IsNew": false,
    "EcoscoreLabel": "C",
    "RecentQuanityOfStockUnits": "1,12",
    "LongName": "BONI kruiden basilicum 18g",
    "AlcoholVolume": "0",
    "FicCode": "I",
    "EcoscoreValue": "55"
  },
  {
    "productId": "129589",
    "technicalArticleNumber": "3214136",
    "commercialArticleNumber": "26338",
    "name": "crackers met olijven",
    "description": "*Crackers,\nmet olijven",
    "brand": "BONI",
    "seoBrand": "Boni Selection",
    "thumbNail": "https://static.colruytgroup.com/images/200x200/std.lang.all/36/49/asset-2733649.jpg",
    "fullImage": "https://static.colruytgroup.com/images/500x500/std.lang.all/36/49/asset-2733649.jpg",
    "squareImage": "https://static.colruytgroup.com/images/500x500sq/std.lang.all/36/49/asset-2733649.jpg",
    "content": "150g",
    "walkRouteSequenceNumber": 4490,
    "price": {
      "basicPrice": 1.99,
      "recommendedQuantity": "1.0",
      "measurementUnitPrice": 13.27,
      "measurementUnit": "K",
      "isRedPrice": false,
      "pricePerUOM": 13.27,
      "activationDate": "17-11-2023",
      "isPromoActive": "N",
      "priceChangeCode": "E"
    },
    "isAvailable": true,
    "isPriceAvailable": true,
    "inPromo": false,
    "gtin": [
      "05400141264319",
      "05400141213461",
      "05400141192988",
      "05400141192070",
      "15400141388258",
      "05400141388251"
    ],
    "topCategoryName": "Brood/Ontbijt",
    "topCategoryId": "124",
    "businessDomain": "RETAIL_BE",
    "IsPrivateLabel": true,
    "IsBiffe": false,
    "WeightconversionFactor": "0",
    "IsWeightArticle": false,
    "nutriscoreLabel": "D",
    "IsBio": false,
    "CountryOfOrigin": "ITALIË",
    "IsExclusivelySoldInLuxembourg": false,
    "OrderUnit": "P",
    "ShortName": "BONI IT CRAC OLIJV 150G",
    "InSeason": true,
    "IsNew": false,
    "EcoscoreLabel": "B",
    "RecentQuanityOfStockUnits": "1,10",
    "LongName": "BONI crackers met olijven 150g",
    "AlcoholVolume": "0",
    "StartSeasonDate": "06/02/2018",
    "FicCode": "I",
    "EcoscoreValue": "72"
  },
  {
    "productId": "57647",
    "technicalArticleNumber": "2320155",
    "commercialArticleNumber": "4306",
    "name": "saus tartaar TD",
    "brand": "BONI",
    "seoBrand": "Boni Selection",
    "thumbNail": "https://static.colruytgroup.com/images/200x200/std.lang.all/37/64/asset-2513764.jpg",
    "fullImage": "https://static.colruytgroup.com/images/500x500/std.lang.all/37/64/asset-2513764.jpg",
    "squareImage": "https://static.colruytgroup.com/images/500x500sq/std.lang.all/37/64/asset-2513764.jpg",
    "content": "420ml",
    "walkRouteSequenceNumber": 8119,
    "price": {
      "basicPrice": 0.948,
      "recommendedQuantity": "1.0",
      "measurementUnitPrice": 2.26,
      "measurementUnit": "L",
      "isRedPrice": false,
      "pricePerUOM": 2.26,
      "activationDate": "18-01-2024",
      "recordSource": "Offline",
      "isPromoActive": "N",
      "priceChangeCode": "L"
    },
    "isAvailable": true,
    "isPriceAvailable": true,
    "inPromo": false,
    "gtin": [
      "15400141901648",
      "05400141301281",
      "05400141358698",
      "15400141829249",
      "05400141115383"
    ],
    "topCategoryName": "Kruidenierswaren/Droge voeding",
    "topCategoryId": "233",
    "businessDomain": "RETAIL_BE",
    "IsPrivateLabel": true,
    "IsBiffe": false,
    "WeightconversionFactor": "0",
    "IsWeightArticle": false,
    "nutriscoreLabel": "E",
    "IsBio": false,
    "CountryOfOrigin": "BELGIË",
    "IsExclusivelySoldInLuxembourg": false,
    "OrderUnit": "P",
    "ShortName": "BONI TART TD 420ML",
    "IsNew": false,
    "EcoscoreLabel": "B",
    "RecentQuanityOfStockUnits": "1,10",
    "LongName": "BONI saus tartaar TD 420ml",
    "AlcoholVolume": "0",
    "FicCode": "I",
    "EcoscoreValue": "74"
  },
  {
    "productId": "9945",
    "technicalArticleNumber": "1402484",
    "commercialArticleNumber": "14876",
    "name": "gist instant",
    "description": "*Instantgist",
    "brand": "DR.OETKER",
    "seoBrand": "Dr.Oetker",
    "thumbNail": "https://static.colruytgroup.com/images/200x200/std.lang.all/68/28/asset-1046828.jpg",
    "fullImage": "https://static.colruytgroup.com/images/500x500/std.lang.all/68/28/asset-1046828.jpg",
    "squareImage": "https://static.colruytgroup.com/images/500x500sq/std.lang.all/68/28/asset-1046828.jpg",
    "content": "4x7g",
    "walkRouteSequenceNumber": 9435,
    "price": {
      "basicPrice": 2.79,
      "recommendedQuantity": "1.0",
      "quantityPrice": 2.26,
      "quantityPriceQuantity": "3.0",
      "measurementUnitPrice": 99.65,
      "measurementUnitQuantityPrice": 80.72,
      "measurementUnit": "K",
      "isRedPrice": false,
      "pricePerUOM": 99.65,
      "activationDate": "21-03-2024",
      "recordSource": "Offline",
      "isPromoActive": "N",
      "priceChangeCode": "E",
      "quantityPricePerUOM": 80.72,
      "quantityActivationDate": "21-03-2024",
      "quantityPriceChangeCode": "L"
    },
    "isAvailable": true,
    "isPriceAvailable": true,
    "inPromo": false,
    "gtin": [
      "05410231105422",
      "05410231105439"
    ],
    "topCategoryName": "Kruidenierswaren/Droge voeding",
    "topCategoryId": "233",
    "businessDomain": "RETAIL_BE",
    "IsPrivateLabel": false,
    "IsBiffe": false,
    "WeightconversionFactor": "0",
    "IsWeightArticle": false,
    "nutriscoreLabel": "A",
    "IsBio": false,
    "CountryOfOrigin": "BELGIË",
    "IsExclusivelySoldInLuxembourg": false,
    "OrderUnit": "P",
    "ShortName": "OETK GIST 4X7G",
    "IsNew": false,
    "RecentQuanityOfStockUnits": "1",
    "LongName": "DR.OETKER gist instant 4x7g",
    "AlcoholVolume": "0",
    "FicCode": "E"
  },
  {
    "productId": "778728",
    "technicalArticleNumber": "4572378",
    "commercialArticleNumber": "28563",
    "name": "noodles hot&spicy cup",
    "description": "*Instant noedels met\n*Pikante smaak",
    "brand": "AIKI",
    "seoBrand": "Aïki",
    "thumbNail": "https://static.colruytgroup.com/images/200x200/nl_be/61/82/asset-2756182.jpg",
    "fullImage": "https://static.colruytgroup.com/images/500x500/nl_be/61/82/asset-2756182.jpg",
    "squareImage": "https://static.colruytgroup.com/images/500x500sq/nl_be/61/82/asset-2756182.jpg",
    "content": "67,5g",
    "walkRouteSequenceNumber": 17033,
    "price": {
      "basicPrice": 1.29,
      "recommendedQuantity": "1.0",
      "measurementUnitPrice": 19.26,
      "measurementUnit": "K",
      "isRedPrice": false,
      "pricePerUOM": 19.26,
      "activationDate": "11-03-2024",
      "recordSource": "Offline",
      "isPromoActive": "N",
      "priceChangeCode": "E"
    },
    "isAvailable": true,
    "isPriceAvailable": true,
    "inPromo": false,
    "gtin": [
      "05414972130415",
      "05414972730417"
    ],
    "topCategoryName": "Kruidenierswaren/Droge voeding",
    "topCategoryId": "233",
    "businessDomain": "RETAIL_BE",
    "IsPrivateLabel": false,
    "IsBiffe": false,
    "WeightconversionFactor": "0",
    "IsWeightArticle": false,
    "nutriscoreLabel": "C",
    "IsBio": false,
    "CountryOfOrigin": "HONGARIJE",
    "IsExclusivelySoldInLuxembourg": false,
    "OrderUnit": "P",
    "ShortName": "AIKI NOODL.HOT&SPIC67.5",
    "IsNew": false,
    "EcoscoreLabel": "B",
    "RecentQuanityOfStockUnits": "1,8",
    "LongName": "AIKI noodles hot&spicy cup 67,5g",
    "FicCode": "E",
    "EcoscoreValue": "62"
  },
  {
    "productId": "367355",
    "technicalArticleNumber": "3791044",
    "commercialArticleNumber": "19319",
    "name": "Napoletana saus",
    "brand": "BARILLA",
    "seoBrand": "Barilla",
    "thumbNail": "https://static.colruytgroup.com/images/200x200/std.lang.all/98/24/asset-3139824.jpg",
    "fullImage": "https://static.colruytgroup.com/images/500x500/std.lang.all/98/24/asset-3139824.jpg",
    "squareImage": "https://static.colruytgroup.com/images/500x500sq/std.lang.all/98/24/asset-3139824.jpg",
    "content": "400g",
    "walkRouteSequenceNumber": 8336,
    "price": {
      "basicPrice": 3.49,
      "recommendedQuantity": "1.0",
      "measurementUnitPrice": 8.73,
      "measurementUnit": "K",
      "isRedPrice": false,
      "pricePerUOM": 8.73,
      "activationDate": "14-03-2024",
      "recordSource": "Offline",
      "isPromoActive": "N",
      "priceChangeCode": "E"
    },
    "isAvailable": true,
    "isPriceAvailable": true,
    "inPromo": false,
    "gtin": [
      "08076809035385",
      "08076809513692"
    ],
    "topCategoryName": "Kruidenierswaren/Droge voeding",
    "topCategoryId": "233",
    "businessDomain": "RETAIL_BE",
    "IsPrivateLabel": false,
    "IsBiffe": false,
    "WeightconversionFactor": "0",
    "IsWeightArticle": false,
    "nutriscoreLabel": "A",
    "IsBio": false,
    "CountryOfOrigin": "ITALIË",
    "IsExclusivelySoldInLuxembourg": false,
    "OrderUnit": "P",
    "ShortName": "BARI NAPOLET.SAUS 400G",
    "IsNew": false,
    "EcoscoreLabel": "B",
    "RecentQuanityOfStockUnits": "1,6",
    "LongName": "BARILLA Napoletana saus 400g",
    "AlcoholVolume": "0",
    "FicCode": "E",
    "EcoscoreValue": "69"
  },
  {
    "productId": "106716",
    "technicalArticleNumber": "3132346",
    "commercialArticleNumber": "42866",
    "name": "saus zoetzure",
    "description": "*Zoetzure saus met\neen toets van gember",
    "brand": "BONI",
    "seoBrand": "Boni Selection",
    "thumbNail": "https://static.colruytgroup.com/images/200x200/std.lang.all/37/04/asset-2733704.jpg",
    "fullImage": "https://static.colruytgroup.com/images/500x500/std.lang.all/37/04/asset-2733704.jpg",
    "squareImage": "https://static.colruytgroup.com/images/500x500sq/std.lang.all/37/04/asset-2733704.jpg",
    "content": "500ml",
    "walkRouteSequenceNumber": 8486,
    "price": {
      "basicPrice": 2.59,
      "recommendedQuantity": "1.0",
      "measurementUnitPrice": 5.18,
      "measurementUnit": "L",
      "isRedPrice": false,
      "pricePerUOM": 5.18,
      "activationDate": "17-02-2024",
      "isPromoActive": "N",
      "priceChangeCode": "E"
    },
    "isAvailable": true,
    "isPriceAvailable": true,
    "inPromo": false,
    "gtin": [
      "15400141046400",
      "15400141289999",
      "05400141046403",
      "05400141289992"
    ],
    "topCategoryName": "Kruidenierswaren/Droge voeding",
    "topCategoryId": "233",
    "businessDomain": "RETAIL_BE",
    "IsPrivateLabel": true,
    "IsBiffe": false,
    "WeightconversionFactor": "0",
    "IsWeightArticle": false,
    "nutriscoreLabel": "D",
    "IsBio": false,
    "CountryOfOrigin": "BELGIË",
    "IsExclusivelySoldInLuxembourg": false,
    "OrderUnit": "P",
    "ShortName": "BONI Z.ZURESAUS 500ML",
    "IsNew": false,
    "EcoscoreLabel": "B",
    "RecentQuanityOfStockUnits": "1,12",
    "LongName": "BONI saus zoetzure 500ml",
    "AlcoholVolume": "0",
    "FicCode": "I",
    "EcoscoreValue": "79"
  },
  {
    "productId": "10",
    "technicalArticleNumber": "14536",
    "commercialArticleNumber": "14536",
    "name": "spaghetti volkoren",
    "description": "*100% volkoren tarwe\n*Bron van vezels\n*Eiwit : 13,5g/100g\n*Kooktijd : 8-9 min",
    "brand": "SOUBRY",
    "seoBrand": "Soubry",
    "thumbNail": "https://static.colruytgroup.com/images/200x200/std.lang.all/27/33/asset-2402733.jpg",
    "fullImage": "https://static.colruytgroup.com/images/500x500/std.lang.all/27/33/asset-2402733.jpg",
    "squareImage": "https://static.colruytgroup.com/images/500x500sq/std.lang.all/27/33/asset-2402733.jpg",
    "content": "500g",
    "walkRouteSequenceNumber": 8311,
    "price": {
      "basicPrice": 1.49,
      "recommendedQuantity": "4.0",
      "measurementUnitPrice": 2.98,
      "measurementUnit": "K",
      "isRedPrice": false,
      "pricePerUOM": 2.98,
      "activationDate": "13-03-2024",
      "recordSource": "Offline",
      "isPromoActive": "N",
      "priceChangeCode": "E"
    },
    "isAvailable": true,
    "isPriceAvailable": true,
    "inPromo": false,
    "gtin": [
      "00000024145367",
      "65410028050128",
      "05410028050126",
      "05400141445367"
    ],
    "topCategoryName": "Kruidenierswaren/Droge voeding",
    "topCategoryId": "233",
    "businessDomain": "RETAIL_BE",
    "IsPrivateLabel": false,
    "IsBiffe": false,
    "WeightconversionFactor": "0",
    "IsWeightArticle": false,
    "nutriscoreLabel": "A",
    "IsBio": false,
    "CountryOfOrigin": "BELGIË",
    "IsExclusivelySoldInLuxembourg": false,
    "OrderUnit": "P",
    "ShortName": "SOUBRY VOLK SPAGH 500G",
    "IsNew": false,
    "EcoscoreLabel": "A",
    "RecentQuanityOfStockUnits": "4,1,12",
    "LongName": "SOUBRY spaghetti volkoren 500g",
    "AlcoholVolume": "0",
    "FicCode": "E",
    "EcoscoreValue": "99"
  },
  {
    "productId": "78",
    "technicalArticleNumber": "14204",
    "commercialArticleNumber": "14204",
    "name": "rijst basmati",
    "description": "*Kookbuiltjes\n*kooktijd:10 minuten",
    "brand": "BOSTO",
    "seoBrand": "Bosto",
    "thumbNail": "https://static.colruytgroup.com/images/200x200/std.lang.all/90/04/asset-1479004.jpg",
    "fullImage": "https://static.colruytgroup.com/images/500x500/std.lang.all/90/04/asset-1479004.jpg",
    "squareImage": "https://static.colruytgroup.com/images/500x500sq/std.lang.all/90/04/asset-1479004.jpg",
    "content": "8x125g",
    "walkRouteSequenceNumber": 8379,
    "price": {
      "basicPrice": 3.35,
      "recommendedQuantity": "1.0",
      "measurementUnitPrice": 3.35,
      "measurementUnit": "K",
      "isRedPrice": false,
      "pricePerUOM": 3.35,
      "activationDate": "14-02-2024",
      "recordSource": "Offline",
      "isPromoActive": "N",
      "priceChangeCode": "L"
    },
    "isAvailable": true,
    "isPriceAvailable": true,
    "inPromo": false,
    "gtin": [
      "15410106018427",
      "05410106010202"
    ],
    "topCategoryName": "Kruidenierswaren/Droge voeding",
    "topCategoryId": "233",
    "businessDomain": "RETAIL_BE",
    "IsPrivateLabel": false,
    "IsBiffe": false,
    "WeightconversionFactor": "0",
    "IsWeightArticle": false,
    "nutriscoreLabel": "A",
    "IsBio": false,
    "CountryOfOrigin": "BELGIË",
    "IsExclusivelySoldInLuxembourg": false,
    "OrderUnit": "P",
    "ShortName": "BOSTO BASMATI KB 8X125G",
    "IsNew": false,
    "EcoscoreLabel": "E",
    "RecentQuanityOfStockUnits": "1,12",
    "LongName": "BOSTO rijst basmati 8x125g",
    "AlcoholVolume": "0",
    "FicCode": "E",
    "EcoscoreValue": "3"
  },
  {
    "productId": "10",
    "technicalArticleNumber": "14536",
    "commercialArticleNumber": "14536",
    "name": "spaghetti volkoren",
    "description": "*100% volkoren tarwe\n*Bron van vezels\n*Eiwit : 13,5g/100g\n*Kooktijd : 8-9 min",
    "brand": "SOUBRY",
    "seoBrand": "Soubry",
    "thumbNail": "https://static.colruytgroup.com/images/200x200/std.lang.all/27/33/asset-2402733.jpg",
    "fullImage": "https://static.colruytgroup.com/images/500x500/std.lang.all/27/33/asset-2402733.jpg",
    "squareImage": "https://static.colruytgroup.com/images/500x500sq/std.lang.all/27/33/asset-2402733.jpg",
    "content": "500g",
    "walkRouteSequenceNumber": 8311,
    "price": {
      "basicPrice": 1.49,
      "recommendedQuantity": "4.0",
      "measurementUnitPrice": 2.98,
      "measurementUnit": "K",
      "isRedPrice": false,
      "pricePerUOM": 2.98,
      "activationDate": "13-03-2024",
      "recordSource": "Offline",
      "isPromoActive": "N",
      "priceChangeCode": "E"
    },
    "isAvailable": true,
    "isPriceAvailable": true,
    "inPromo": false,
    "gtin": [
      "00000024145367",
      "65410028050128",
      "05410028050126",
      "05400141445367"
    ],
    "topCategoryName": "Kruidenierswaren/Droge voeding",
    "topCategoryId": "233",
    "businessDomain": "RETAIL_BE",
    "IsPrivateLabel": false,
    "IsBiffe": false,
    "WeightconversionFactor": "0",
    "IsWeightArticle": false,
    "nutriscoreLabel": "A",
    "IsBio": false,
    "CountryOfOrigin": "BELGIË",
    "IsExclusivelySoldInLuxembourg": false,
    "OrderUnit": "P",
    "ShortName": "SOUBRY VOLK SPAGH 500G",
    "IsNew": false,
    "EcoscoreLabel": "A",
    "RecentQuanityOfStockUnits": "4,1,12",
    "LongName": "SOUBRY spaghetti volkoren 500g",
    "AlcoholVolume": "0",
    "FicCode": "E",
    "EcoscoreValue": "99"
  },
  {
    "productId": "24",
    "technicalArticleNumber": "14890",
    "commercialArticleNumber": "14890",
    "name": "bloem tarwe patisserie",
    "description": "*Tarwebloem\n*Alle patisserie\n*Zonder bewaarmiddel\n*Belgische molens",
    "brand": "SOUBRY",
    "seoBrand": "Soubry",
    "thumbNail": "https://static.colruytgroup.com/images/200x200/nl_be/08/22/asset-990822.jpg",
    "fullImage": "https://static.colruytgroup.com/images/500x500/nl_be/08/22/asset-990822.jpg",
    "squareImage": "https://static.colruytgroup.com/images/500x500sq/nl_be/08/22/asset-990822.jpg",
    "content": "1kg",
    "walkRouteSequenceNumber": 9460,
    "price": {
      "basicPrice": 2.99,
      "recommendedQuantity": "1.0",
      "measurementUnitPrice": 2.99,
      "measurementUnit": "K",
      "isRedPrice": false,
      "pricePerUOM": 2.99,
      "activationDate": "13-03-2024",
      "isPromoActive": "Y",
      "priceChangeCode": "E"
    },
    "isAvailable": true,
    "isPriceAvailable": true,
    "inPromo": true,
    "promotion": [
      {
        "techPromoId": "100913COLR",
        "promotionId": "100913",
        "promotionType": "3",
        "isPersonalized": "N",
        "publicationStartDate": "13-03-2024",
        "publicationEndDate": "26-03-2024"
      }
    ],
    "gtin": [
      "05410028810553",
      "05410028810607",
      "05410028810577"
    ],
    "topCategoryName": "Kruidenierswaren/Droge voeding",
    "topCategoryId": "233",
    "businessDomain": "RETAIL_BE",
    "IsPrivateLabel": false,
    "IsBiffe": false,
    "WeightconversionFactor": "0",
    "IsWeightArticle": false,
    "nutriscoreLabel": "B",
    "IsBio": false,
    "CountryOfOrigin": "BELGIË",
    "IsExclusivelySoldInLuxembourg": false,
    "OrderUnit": "P",
    "ShortName": "SOUB PATIS BLOEM 1KG",
    "IsNew": false,
    "EcoscoreLabel": "A",
    "RecentQuanityOfStockUnits": "6,1",
    "LongName": "SOUBRY bloem tarwe patisserie 1kg",
    "AlcoholVolume": "0",
    "FicCode": "E",
    "EcoscoreValue": "100"
  },
  {
    "productId": "19274",
    "technicalArticleNumber": "1774318",
    "commercialArticleNumber": "12459",
    "name": "bouillon Original groenten",
    "description": "*Bouillonblokjes\n*Tuinkruiden\n*Groentensmaak\n*Laag in zout\n*Klaar voor gebruik",
    "brand": "KNORR",
    "seoBrand": "Knorr",
    "thumbNail": "https://static.colruytgroup.com/images/200x200/std.lang.all/11/25/asset-3451125.jpg",
    "fullImage": "https://static.colruytgroup.com/images/500x500/std.lang.all/11/25/asset-3451125.jpg",
    "squareImage": "https://static.colruytgroup.com/images/500x500sq/std.lang.all/11/25/asset-3451125.jpg",
    "content": "12st",
    "walkRouteSequenceNumber": 6538,
    "price": {
      "basicPrice": 1.99,
      "recommendedQuantity": "2.0",
      "measurementUnitPrice": 16.59,
      "measurementUnit": "K",
      "isRedPrice": false,
      "pricePerUOM": 16.59,
      "activationDate": "13-03-2024",
      "recordSource": "Offline",
      "isPromoActive": "N",
      "priceChangeCode": "E"
    },
    "isAvailable": true,
    "isPriceAvailable": true,
    "inPromo": false,
    "gtin": [
      "08000830001002",
      "85400141657421",
      "05400141124590",
      "08000830000999"
    ],
    "topCategoryName": "Kruidenierswaren/Droge voeding",
    "topCategoryId": "233",
    "businessDomain": "RETAIL_BE",
    "IsPrivateLabel": false,
    "IsBiffe": false,
    "WeightconversionFactor": "0",
    "IsWeightArticle": false,
    "nutriscoreLabel": "C",
    "IsBio": false,
    "CountryOfOrigin": "PORTUGAL",
    "IsExclusivelySoldInLuxembourg": false,
    "OrderUnit": "P",
    "ShortName": "KN ORIG GROENTEN 12T",
    "IsNew": false,
    "EcoscoreLabel": "B",
    "RecentQuanityOfStockUnits": "1,2,12",
    "LongName": "KNORR bouillon Original groenten 12st",
    "AlcoholVolume": "0",
    "FicCode": "E",
    "EcoscoreValue": "79"
  },
  {
    "productId": "8015",
    "technicalArticleNumber": "1181803",
    "commercialArticleNumber": "28889",
    "name": "groene olijven met look",
    "description": "*Groen\n*Ontpit\n*Griekenland\n*Met look",
    "brand": "BONI",
    "seoBrand": "Boni Selection",
    "thumbNail": "https://static.colruytgroup.com/images/200x200/std.lang.all/98/45/asset-2959845.jpg",
    "fullImage": "https://static.colruytgroup.com/images/500x500/std.lang.all/98/45/asset-2959845.jpg",
    "squareImage": "https://static.colruytgroup.com/images/500x500sq/std.lang.all/98/45/asset-2959845.jpg",
    "content": "400g",
    "walkRouteSequenceNumber": 7692,
    "price": {
      "basicPrice": 5.49,
      "recommendedQuantity": "1.0",
      "measurementUnitPrice": 13.73,
      "measurementUnit": "K",
      "isRedPrice": false,
      "pricePerUOM": 13.73,
      "activationDate": "17-02-2024",
      "recordSource": "Offline",
      "isPromoActive": "N",
      "priceChangeCode": "E"
    },
    "isAvailable": true,
    "isPriceAvailable": true,
    "inPromo": false,
    "gtin": [
      "15400141974871",
      "05400141387469",
      "15400141740742",
      "05400141974874",
      "05400141039993",
      "05400141088915",
      "15400141387466",
      "05400141740745"
    ],
    "topCategoryName": "Chips/Borrelhapjes",
    "topCategoryId": "306",
    "businessDomain": "RETAIL_BE",
    "IsPrivateLabel": true,
    "IsBiffe": false,
    "WeightconversionFactor": "0",
    "IsWeightArticle": false,
    "nutriscoreLabel": "C",
    "IsBio": false,
    "CountryOfOrigin": "GRIEKENLAND",
    "IsExclusivelySoldInLuxembourg": false,
    "OrderUnit": "P",
    "ShortName": "BONI GR.OLIJF LOOK 400G",
    "InSeason": true,
    "IsNew": false,
    "EcoscoreLabel": "B",
    "RecentQuanityOfStockUnits": "1,9",
    "LongName": "BONI groene olijven met look 400g",
    "AlcoholVolume": "0",
    "StartSeasonDate": "03/04/2002",
    "FicCode": "I",
    "EcoscoreValue": "75"
  },
  {
    "productId": "539720",
    "technicalArticleNumber": "4137529",
    "commercialArticleNumber": "9642",
    "name": "al dente horentjes",
    "description": "*100% harde tarwe\n*Al dente beet\n*Eiwit : 13,5g/100g\n*Kooktijd : 7 min",
    "brand": "SOUBRY",
    "seoBrand": "Soubry",
    "thumbNail": "https://static.colruytgroup.com/images/200x200/std.lang.all/44/70/asset-1914470.jpg",
    "fullImage": "https://static.colruytgroup.com/images/500x500/std.lang.all/44/70/asset-1914470.jpg",
    "squareImage": "https://static.colruytgroup.com/images/500x500sq/std.lang.all/44/70/asset-1914470.jpg",
    "content": "375g",
    "walkRouteSequenceNumber": 8291,
    "price": {
      "basicPrice": 1.49,
      "recommendedQuantity": "4.0",
      "measurementUnitPrice": 3.98,
      "measurementUnit": "K",
      "isRedPrice": false,
      "pricePerUOM": 3.98,
      "activationDate": "02-02-2024",
      "recordSource": "Offline",
      "isPromoActive": "N",
      "priceChangeCode": "E"
    },
    "isAvailable": true,
    "isPriceAvailable": true,
    "inPromo": false,
    "gtin": [
      "05410028170381",
      "05410028171388",
      "75410028171387"
    ],
    "topCategoryName": "Kruidenierswaren/Droge voeding",
    "topCategoryId": "233",
    "businessDomain": "RETAIL_BE",
    "IsPrivateLabel": false,
    "IsBiffe": false,
    "WeightconversionFactor": "0",
    "IsWeightArticle": false,
    "nutriscoreLabel": "A",
    "IsBio": false,
    "CountryOfOrigin": "BELGIË",
    "IsExclusivelySoldInLuxembourg": false,
    "OrderUnit": "P",
    "ShortName": "SOUB AL DEN.PA.HOREN375",
    "IsNew": false,
    "EcoscoreLabel": "A",
    "RecentQuanityOfStockUnits": "4,1",
    "LongName": "SOUBRY al dente horentjes 375g",
    "FicCode": "E",
    "EcoscoreValue": "97"
  },
  {
    "productId": "459332",
    "technicalArticleNumber": "4023618",
    "commercialArticleNumber": "5231",
    "name": "currysaus",
    "description": "*Droge saus\n*Zachte smaak\n*Makkelijk doseren\n*Warm gerechten\n*Klaar voor gebruik",
    "brand": "KNORR",
    "seoBrand": "Knorr",
    "thumbNail": "https://static.colruytgroup.com/images/200x200/std.lang.all/23/95/asset-2802395.jpg",
    "fullImage": "https://static.colruytgroup.com/images/500x500/std.lang.all/23/95/asset-2802395.jpg",
    "squareImage": "https://static.colruytgroup.com/images/500x500sq/std.lang.all/23/95/asset-2802395.jpg",
    "content": "4x24g",
    "walkRouteSequenceNumber": 8272,
    "price": {
      "basicPrice": 3.18,
      "recommendedQuantity": "2.0",
      "measurementUnitPrice": 33.13,
      "measurementUnit": "K",
      "isRedPrice": false,
      "pricePerUOM": 33.13,
      "activationDate": "28-02-2024",
      "recordSource": "Offline",
      "isPromoActive": "N",
      "priceChangeCode": "H"
    },
    "isAvailable": true,
    "isPriceAvailable": true,
    "inPromo": false,
    "gtin": [
      "08711200394401",
      "08711200394432",
      "55400141257880"
    ],
    "topCategoryName": "Kruidenierswaren/Droge voeding",
    "topCategoryId": "233",
    "businessDomain": "RETAIL_BE",
    "IsPrivateLabel": false,
    "IsBiffe": false,
    "WeightconversionFactor": "0",
    "IsWeightArticle": false,
    "nutriscoreLabel": "C",
    "IsBio": false,
    "CountryOfOrigin": "FRANKRIJK",
    "IsExclusivelySoldInLuxembourg": false,
    "OrderUnit": "P",
    "ShortName": "KNOR CURRYSAUS 4X24G",
    "IsNew": false,
    "EcoscoreLabel": "B",
    "RecentQuanityOfStockUnits": "1,2",
    "LongName": "KNORR currysaus 4x24g",
    "FicCode": "E",
    "EcoscoreValue": "76"
  },
  {
    "productId": "192022",
    "technicalArticleNumber": "3463391",
    "commercialArticleNumber": "50348",
    "name": "vinaigrette bieslook",
    "brand": "BONI",
    "seoBrand": "Boni Selection",
    "thumbNail": "https://static.colruytgroup.com/images/200x200/std.lang.all/39/54/asset-2393954.jpg",
    "fullImage": "https://static.colruytgroup.com/images/500x500/std.lang.all/39/54/asset-2393954.jpg",
    "squareImage": "https://static.colruytgroup.com/images/500x500sq/std.lang.all/39/54/asset-2393954.jpg",
    "content": "450ml",
    "walkRouteSequenceNumber": 8063,
    "price": {
      "basicPrice": 1.99,
      "recommendedQuantity": "1.0",
      "measurementUnitPrice": 4.43,
      "measurementUnit": "L",
      "isRedPrice": false,
      "pricePerUOM": 4.43,
      "activationDate": "10-11-2023",
      "recordSource": "Offline",
      "isPromoActive": "N",
      "priceChangeCode": "E"
    },
    "isAvailable": true,
    "isPriceAvailable": true,
    "inPromo": false,
    "gtin": [
      "15400141354499",
      "05400141965650",
      "15400141835998",
      "15400141965657",
      "05400141382297",
      "05400141354492",
      "15400141731627",
      "05400141731620"
    ],
    "topCategoryName": "Kruidenierswaren/Droge voeding",
    "topCategoryId": "233",
    "businessDomain": "RETAIL_BE",
    "IsPrivateLabel": true,
    "IsBiffe": false,
    "WeightconversionFactor": "0",
    "IsWeightArticle": false,
    "nutriscoreLabel": "E",
    "IsBio": false,
    "CountryOfOrigin": "BELGIË",
    "IsExclusivelySoldInLuxembourg": false,
    "OrderUnit": "P",
    "ShortName": "BONI VINAIGR.BIESL.450",
    "IsNew": false,
    "EcoscoreLabel": "C",
    "RecentQuanityOfStockUnits": "1,12",
    "LongName": "BONI vinaigrette bieslook 450ml",
    "AlcoholVolume": "0",
    "FicCode": "I",
    "EcoscoreValue": "44"
  },
  {
    "productId": "888",
    "technicalArticleNumber": "13318",
    "commercialArticleNumber": "13318",
    "name": "saus cocktail whisky",
    "brand": "DEVOS LEMMENS",
    "seoBrand": "Devos Lemmens",
    "thumbNail": "https://static.colruytgroup.com/images/200x200/std.lang.all/64/80/asset-1026480.jpg",
    "fullImage": "https://static.colruytgroup.com/images/500x500/std.lang.all/64/80/asset-1026480.jpg",
    "squareImage": "https://static.colruytgroup.com/images/500x500sq/std.lang.all/64/80/asset-1026480.jpg",
    "content": "300ml",
    "walkRouteSequenceNumber": 8151,
    "price": {
      "basicPrice": 1.99,
      "recommendedQuantity": "1.0",
      "measurementUnitPrice": 6.64,
      "measurementUnit": "L",
      "isRedPrice": false,
      "pricePerUOM": 6.64,
      "activationDate": "02-01-2024",
      "recordSource": "Offline",
      "isPromoActive": "N",
      "priceChangeCode": "E"
    },
    "isAvailable": true,
    "isPriceAvailable": true,
    "inPromo": false,
    "gtin": [
      "05410056181076",
      "05410056781078"
    ],
    "topCategoryName": "Kruidenierswaren/Droge voeding",
    "topCategoryId": "233",
    "businessDomain": "RETAIL_BE",
    "IsPrivateLabel": false,
    "IsBiffe": false,
    "WeightconversionFactor": "0",
    "IsWeightArticle": false,
    "nutriscoreLabel": "D",
    "IsBio": false,
    "CountryOfOrigin": "BELGIË",
    "IsExclusivelySoldInLuxembourg": false,
    "OrderUnit": "P",
    "ShortName": "DVL COCKTAILSAUS 300ML",
    "IsNew": false,
    "EcoscoreLabel": "D",
    "RecentQuanityOfStockUnits": "1",
    "LongName": "DEVOS LEMMENS saus cocktail whisky 300ml",
    "AlcoholVolume": "0",
    "FicCode": "E",
    "EcoscoreValue": "34"
  },
  {
    "productId": "881116",
    "technicalArticleNumber": "4738473",
    "commercialArticleNumber": "32386",
    "name": "Rigatoni n°183",
    "brand": "GRANORO",
    "seoBrand": "Granoro",
    "thumbNail": "https://static.colruytgroup.com/images/200x200/std.lang.all/08/92/asset-3320892.jpg",
    "fullImage": "https://static.colruytgroup.com/images/500x500/std.lang.all/08/92/asset-3320892.jpg",
    "squareImage": "https://static.colruytgroup.com/images/500x500sq/std.lang.all/08/92/asset-3320892.jpg",
    "content": "500g",
    "walkRouteSequenceNumber": 8351,
    "price": {
      "basicPrice": 1.39,
      "recommendedQuantity": "1.0",
      "measurementUnitPrice": 2.78,
      "measurementUnit": "K",
      "isRedPrice": false,
      "pricePerUOM": 2.78,
      "activationDate": "18-10-2023",
      "isPromoActive": "N",
      "priceChangeCode": "L"
    },
    "isAvailable": true,
    "isPriceAvailable": true,
    "inPromo": false,
    "gtin": [
      "08007290931832",
      "18007290341836"
    ],
    "topCategoryName": "Kruidenierswaren/Droge voeding",
    "topCategoryId": "233",
    "businessDomain": "RETAIL_BE",
    "IsPrivateLabel": false,
    "IsBiffe": false,
    "WeightconversionFactor": "0",
    "IsWeightArticle": false,
    "IsBio": false,
    "CountryOfOrigin": "ITALIË",
    "IsExclusivelySoldInLuxembourg": false,
    "OrderUnit": "P",
    "ShortName": "GRANO RIGATONI N183 500",
    "IsNew": false,
    "RecentQuanityOfStockUnits": "1",
    "LongName": "GRANORO Rigatoni n°183 500g",
    "AlcoholVolume": "0",
    "FicCode": "E"
  },
  {
    "productId": "265741",
    "technicalArticleNumber": "3648375",
    "commercialArticleNumber": "31760",
    "name": "Trio dip Grieks",
    "brand": "BONI",
    "seoBrand": "Boni Selection",
    "thumbNail": "https://static.colruytgroup.com/images/200x200/std.lang.all/32/58/asset-2943258.jpg",
    "fullImage": "https://static.colruytgroup.com/images/500x500/std.lang.all/32/58/asset-2943258.jpg",
    "squareImage": "https://static.colruytgroup.com/images/500x500sq/std.lang.all/32/58/asset-2943258.jpg",
    "content": "210g",
    "walkRouteSequenceNumber": 6773,
    "price": {
      "basicPrice": 2.99,
      "recommendedQuantity": "1.0",
      "quantityPrice": 2.87,
      "quantityPriceQuantity": "3.0",
      "measurementUnitPrice": 14.24,
      "measurementUnitQuantityPrice": 13.67,
      "measurementUnit": "K",
      "isRedPrice": false,
      "pricePerUOM": 14.24,
      "activationDate": "03-06-2023",
      "isPromoActive": "N",
      "priceChangeCode": "E",
      "quantityPricePerUOM": 13.67,
      "quantityActivationDate": "03-06-2023",
      "quantityPriceChangeCode": "H"
    },
    "isAvailable": true,
    "isPriceAvailable": true,
    "inPromo": false,
    "gtin": [
      "15400141751380",
      "15400141351740",
      "05400141351743",
      "05400141216004",
      "05400141751383",
      "05400141979374",
      "15400141979371"
    ],
    "topCategoryName": "Chips/Borrelhapjes",
    "topCategoryId": "306",
    "businessDomain": "RETAIL_BE",
    "IsPrivateLabel": true,
    "IsBiffe": false,
    "WeightconversionFactor": "0",
    "IsWeightArticle": false,
    "nutriscoreLabel": "D",
    "IsBio": false,
    "CountryOfOrigin": "BELGIË",
    "IsExclusivelySoldInLuxembourg": false,
    "OrderUnit": "P",
    "ShortName": "BONI GR TRIO DIP 210G",
    "IsNew": false,
    "EcoscoreLabel": "C",
    "RecentQuanityOfStockUnits": "1",
    "LongName": "BONI Trio dip Grieks 210g",
    "AlcoholVolume": "0",
    "FicCode": "I",
    "EcoscoreValue": "43"
  },
  {
    "productId": "704",
    "technicalArticleNumber": "12678",
    "commercialArticleNumber": "12678",
    "name": "Crunchy gevogelte",
    "description": "*Gevogeltesoep\nmet croutons",
    "brand": "ROYCO",
    "seoBrand": "Royco Crunchy",
    "thumbNail": "https://static.colruytgroup.com/images/200x200/std.lang.all/36/78/asset-3353678.jpg",
    "fullImage": "https://static.colruytgroup.com/images/500x500/std.lang.all/36/78/asset-3353678.jpg",
    "squareImage": "https://static.colruytgroup.com/images/500x500sq/std.lang.all/36/78/asset-3353678.jpg",
    "content": "3st",
    "walkRouteSequenceNumber": 16969,
    "price": {
      "basicPrice": 1.79,
      "recommendedQuantity": "1.0",
      "measurementUnitPrice": 29.84,
      "measurementUnit": "K",
      "isRedPrice": false,
      "pricePerUOM": 29.84,
      "activationDate": "20-03-2024",
      "recordSource": "Offline",
      "isPromoActive": "N",
      "priceChangeCode": "H"
    },
    "isAvailable": true,
    "isPriceAvailable": true,
    "inPromo": true,
    "promotion": [
      {
        "techPromoId": "100866COLR",
        "promotionId": "100866",
        "promotionType": "3",
        "isPersonalized": "N",
        "publicationStartDate": "13-03-2024",
        "publicationEndDate": "26-03-2024"
      }
    ],
    "gtin": [
      "05410056187344",
      "05410056787346",
      "05414972705224"
    ],
    "topCategoryName": "Kruidenierswaren/Droge voeding",
    "topCategoryId": "233",
    "businessDomain": "RETAIL_BE",
    "IsPrivateLabel": false,
    "IsBiffe": false,
    "WeightconversionFactor": "0",
    "IsWeightArticle": false,
    "nutriscoreLabel": "C",
    "IsBio": false,
    "CountryOfOrigin": "NEDERLAND",
    "IsExclusivelySoldInLuxembourg": false,
    "OrderUnit": "P",
    "ShortName": "RMS CRUNCHY GEVOGELTE3Z",
    "IsNew": false,
    "EcoscoreLabel": "B",
    "RecentQuanityOfStockUnits": "1,24",
    "LongName": "ROYCO Crunchy gevogelte 3st",
    "AlcoholVolume": "0",
    "FicCode": "E",
    "EcoscoreValue": "79"
  },
  {
    "productId": "778708",
    "technicalArticleNumber": "4572358",
    "commercialArticleNumber": "28560",
    "name": "noodles chicken XL cup",
    "description": "*Instant noedels met\n*Kippensmaak",
    "brand": "AIKI",
    "seoBrand": "Aïki",
    "thumbNail": "https://static.colruytgroup.com/images/200x200/std.lang.all/37/39/asset-3353739.jpg",
    "fullImage": "https://static.colruytgroup.com/images/500x500/std.lang.all/37/39/asset-3353739.jpg",
    "squareImage": "https://static.colruytgroup.com/images/500x500sq/std.lang.all/37/39/asset-3353739.jpg",
    "content": "83,2g",
    "walkRouteSequenceNumber": 17016,
    "price": {
      "basicPrice": 2.35,
      "recommendedQuantity": "1.0",
      "measurementUnitPrice": 28.32,
      "measurementUnit": "K",
      "isRedPrice": false,
      "pricePerUOM": 28.32,
      "activationDate": "19-03-2024",
      "recordSource": "Offline",
      "isPromoActive": "N",
      "priceChangeCode": "H"
    },
    "isAvailable": true,
    "isPriceAvailable": true,
    "inPromo": false,
    "gtin": [
      "05414972730448",
      "05414972130446"
    ],
    "topCategoryName": "Kruidenierswaren/Droge voeding",
    "topCategoryId": "233",
    "businessDomain": "RETAIL_BE",
    "IsPrivateLabel": false,
    "IsBiffe": false,
    "WeightconversionFactor": "0",
    "IsWeightArticle": false,
    "nutriscoreLabel": "C",
    "IsBio": false,
    "CountryOfOrigin": "HONGARIJE",
    "IsExclusivelySoldInLuxembourg": false,
    "OrderUnit": "P",
    "ShortName": "AIKI NOODL.CHICK.XL83.2",
    "IsNew": false,
    "EcoscoreLabel": "B",
    "RecentQuanityOfStockUnits": "8,1",
    "LongName": "AIKI noodles chicken XL cup 83,2g",
    "FicCode": "E",
    "EcoscoreValue": "62"
  },
  {
    "productId": "106710",
    "technicalArticleNumber": "3132326",
    "commercialArticleNumber": "42864",
    "name": "saus loempia",
    "description": "*Licht pikante\nloempiasaus",
    "brand": "BONI",
    "seoBrand": "Boni Selection",
    "thumbNail": "https://static.colruytgroup.com/images/200x200/std.lang.all/36/48/asset-2733648.jpg",
    "fullImage": "https://static.colruytgroup.com/images/500x500/std.lang.all/36/48/asset-2733648.jpg",
    "squareImage": "https://static.colruytgroup.com/images/500x500sq/std.lang.all/36/48/asset-2733648.jpg",
    "content": "500ml",
    "walkRouteSequenceNumber": 8487,
    "price": {
      "basicPrice": 4.3,
      "recommendedQuantity": "1.0",
      "measurementUnitPrice": 8.6,
      "measurementUnit": "L",
      "isRedPrice": false,
      "pricePerUOM": 8.6,
      "activationDate": "17-02-2024",
      "recordSource": "Offline",
      "isPromoActive": "N",
      "priceChangeCode": "H"
    },
    "isAvailable": true,
    "isPriceAvailable": true,
    "inPromo": false,
    "gtin": [
      "15400141058007",
      "15400141289968",
      "05400141058000",
      "05400141074741",
      "05400141289961"
    ],
    "topCategoryName": "Kruidenierswaren/Droge voeding",
    "topCategoryId": "233",
    "businessDomain": "RETAIL_BE",
    "IsPrivateLabel": true,
    "IsBiffe": false,
    "WeightconversionFactor": "0",
    "IsWeightArticle": false,
    "nutriscoreLabel": "D",
    "IsBio": false,
    "CountryOfOrigin": "BELGIË",
    "IsExclusivelySoldInLuxembourg": false,
    "OrderUnit": "P",
    "ShortName": "BONI LOEMPIASAUS 500ML",
    "IsNew": false,
    "EcoscoreLabel": "B",
    "RecentQuanityOfStockUnits": "1,12",
    "LongName": "BONI saus loempia 500ml",
    "AlcoholVolume": "0",
    "FicCode": "I",
    "EcoscoreValue": "79"
  },
  {
    "productId": "146381",
    "technicalArticleNumber": "3330972",
    "commercialArticleNumber": "6947",
    "name": "minitoast 60 stuks",
    "description": "*Mini toast",
    "brand": "BONI",
    "seoBrand": "Boni Selection",
    "thumbNail": "https://static.colruytgroup.com/images/200x200/std.lang.all/70/27/asset-2837027.jpg",
    "fullImage": "https://static.colruytgroup.com/images/500x500/std.lang.all/70/27/asset-2837027.jpg",
    "squareImage": "https://static.colruytgroup.com/images/500x500sq/std.lang.all/70/27/asset-2837027.jpg",
    "content": "120g",
    "walkRouteSequenceNumber": 4491,
    "price": {
      "basicPrice": 0.99,
      "recommendedQuantity": "1.0",
      "measurementUnitPrice": 8.25,
      "measurementUnit": "K",
      "isRedPrice": false,
      "pricePerUOM": 8.25,
      "activationDate": "12-03-2024",
      "recordSource": "Offline",
      "isPromoActive": "N",
      "priceChangeCode": "L"
    },
    "isAvailable": true,
    "isPriceAvailable": true,
    "inPromo": false,
    "gtin": [
      "05400141324969",
      "05400141413564",
      "15400141324966",
      "15400141956549",
      "25400141413568",
      "05400141213423",
      "05400141213430",
      "05400141324952",
      "05400141700381",
      "15400141700388"
    ],
    "topCategoryName": "Brood/Ontbijt",
    "topCategoryId": "124",
    "businessDomain": "RETAIL_BE",
    "IsPrivateLabel": true,
    "IsBiffe": false,
    "WeightconversionFactor": "0",
    "IsWeightArticle": false,
    "nutriscoreLabel": "D",
    "IsBio": false,
    "CountryOfOrigin": "NEDERLAND",
    "IsExclusivelySoldInLuxembourg": false,
    "OrderUnit": "P",
    "ShortName": "BONI MINI TOAST 120G",
    "IsNew": false,
    "EcoscoreLabel": "B",
    "RecentQuanityOfStockUnits": "1,16,4",
    "LongName": "BONI minitoast 60 stuks 120g",
    "AlcoholVolume": "0",
    "FicCode": "I",
    "EcoscoreValue": "75"
  },
  {
    "productId": "887",
    "technicalArticleNumber": "13309",
    "commercialArticleNumber": "13309",
    "name": "saus tartaar",
    "brand": "DEVOS LEMMENS",
    "seoBrand": "Devos Lemmens",
    "thumbNail": "https://static.colruytgroup.com/images/200x200/std.lang.all/93/69/asset-1009369.jpg",
    "fullImage": "https://static.colruytgroup.com/images/500x500/std.lang.all/93/69/asset-1009369.jpg",
    "squareImage": "https://static.colruytgroup.com/images/500x500sq/std.lang.all/93/69/asset-1009369.jpg",
    "content": "300ml",
    "walkRouteSequenceNumber": 8149,
    "price": {
      "basicPrice": 1.99,
      "recommendedQuantity": "1.0",
      "measurementUnitPrice": 6.64,
      "measurementUnit": "L",
      "isRedPrice": false,
      "pricePerUOM": 6.64,
      "activationDate": "02-01-2024",
      "recordSource": "Offline",
      "isPromoActive": "N",
      "priceChangeCode": "E"
    },
    "isAvailable": true,
    "isPriceAvailable": true,
    "inPromo": false,
    "gtin": [
      "05410056181090",
      "05410056781092"
    ],
    "topCategoryName": "Kruidenierswaren/Droge voeding",
    "topCategoryId": "233",
    "businessDomain": "RETAIL_BE",
    "IsPrivateLabel": false,
    "IsBiffe": false,
    "WeightconversionFactor": "0",
    "IsWeightArticle": false,
    "nutriscoreLabel": "E",
    "IsBio": false,
    "CountryOfOrigin": "BELGIË",
    "IsExclusivelySoldInLuxembourg": false,
    "OrderUnit": "P",
    "ShortName": "DVL TARTARE 300ML",
    "IsNew": false,
    "EcoscoreLabel": "B",
    "RecentQuanityOfStockUnits": "1,12",
    "LongName": "DEVOS LEMMENS saus tartaar 300ml",
    "AlcoholVolume": "0",
    "FicCode": "E",
    "EcoscoreValue": "70"
  },
  {
    "productId": "848",
    "technicalArticleNumber": "13153",
    "commercialArticleNumber": "13153",
    "name": "kruiden rozemarijn",
    "brand": "BONI",
    "seoBrand": "Boni Selection",
    "thumbNail": "https://static.colruytgroup.com/images/200x200/std.lang.all/80/22/asset-3028022.jpg",
    "fullImage": "https://static.colruytgroup.com/images/500x500/std.lang.all/80/22/asset-3028022.jpg",
    "squareImage": "https://static.colruytgroup.com/images/500x500sq/std.lang.all/80/22/asset-3028022.jpg",
    "content": "20g",
    "walkRouteSequenceNumber": 6387,
    "price": {
      "basicPrice": 0.686,
      "recommendedQuantity": "1.0",
      "measurementUnitPrice": 34.3,
      "measurementUnit": "K",
      "isRedPrice": false,
      "pricePerUOM": 34.3,
      "activationDate": "17-02-2024",
      "recordSource": "Offline",
      "isPromoActive": "N",
      "priceChangeCode": "E"
    },
    "isAvailable": true,
    "isPriceAvailable": true,
    "inPromo": false,
    "gtin": [
      "05400141097573",
      "05400141131536",
      "05400141170221",
      "15400141097570"
    ],
    "topCategoryName": "Kruidenierswaren/Droge voeding",
    "topCategoryId": "233",
    "businessDomain": "RETAIL_BE",
    "IsPrivateLabel": true,
    "IsBiffe": false,
    "WeightconversionFactor": "0",
    "IsWeightArticle": false,
    "nutriscoreLabel": "A",
    "IsBio": false,
    "CountryOfOrigin": "MAROKKO",
    "IsExclusivelySoldInLuxembourg": false,
    "OrderUnit": "P",
    "ShortName": "BONI ROZEMARIJN 20G",
    "IsNew": false,
    "EcoscoreLabel": "C",
    "RecentQuanityOfStockUnits": "1,12",
    "LongName": "BONI kruiden rozemarijn 20g",
    "AlcoholVolume": "0",
    "FicCode": "I",
    "EcoscoreValue": "59"
  },
  {
    "productId": "59442",
    "technicalArticleNumber": "2165840",
    "commercialArticleNumber": "14851",
    "name": "bouillonketeltje kip",
    "description": "*Bouillonketeltje\n*Kippensmaak\n*Kruiden\n*Klaar voor gebruik\n*Vloeibarebouillon",
    "brand": "KNORR",
    "seoBrand": "Knorr",
    "thumbNail": "https://static.colruytgroup.com/images/200x200/std.lang.all/62/53/asset-2796253.jpg",
    "fullImage": "https://static.colruytgroup.com/images/500x500/std.lang.all/62/53/asset-2796253.jpg",
    "squareImage": "https://static.colruytgroup.com/images/500x500sq/std.lang.all/62/53/asset-2796253.jpg",
    "content": "8x28g",
    "walkRouteSequenceNumber": 6556,
    "price": {
      "basicPrice": 2.83,
      "recommendedQuantity": "1.0",
      "measurementUnitPrice": 12.64,
      "measurementUnit": "K",
      "isRedPrice": false,
      "pricePerUOM": 12.64,
      "activationDate": "13-03-2024",
      "recordSource": "Offline",
      "isPromoActive": "N",
      "priceChangeCode": "H"
    },
    "isAvailable": true,
    "isPriceAvailable": true,
    "inPromo": false,
    "gtin": [
      "08000860007401",
      "08000860007432",
      "08710908937538",
      "08710447878439"
    ],
    "topCategoryName": "Kruidenierswaren/Droge voeding",
    "topCategoryId": "233",
    "businessDomain": "RETAIL_BE",
    "IsPrivateLabel": false,
    "IsBiffe": false,
    "WeightconversionFactor": "0",
    "IsWeightArticle": false,
    "nutriscoreLabel": "E",
    "IsBio": false,
    "CountryOfOrigin": "ITALIË",
    "IsExclusivelySoldInLuxembourg": false,
    "OrderUnit": "P",
    "ShortName": "KN BOUIL.KET.KIP 8X28GR",
    "IsNew": false,
    "EcoscoreLabel": "B",
    "RecentQuanityOfStockUnits": "1,8",
    "LongName": "KNORR bouillonketeltje kip 8x28g",
    "AlcoholVolume": "0",
    "FicCode": "E",
    "EcoscoreValue": "79"
  },
  {
    "productId": "291558",
    "technicalArticleNumber": "3689951",
    "commercialArticleNumber": "34017",
    "name": "groen peper gevuld LV",
    "brand": "BONI",
    "seoBrand": "Boni Selection",
    "thumbNail": "https://static.colruytgroup.com/images/200x200/std.lang.all/06/99/asset-3440699.jpg",
    "fullImage": "https://static.colruytgroup.com/images/500x500/std.lang.all/06/99/asset-3440699.jpg",
    "squareImage": "https://static.colruytgroup.com/images/500x500sq/std.lang.all/06/99/asset-3440699.jpg",
    "content": "150g",
    "walkRouteSequenceNumber": 7672,
    "price": {
      "basicPrice": 2.19,
      "recommendedQuantity": "1.0",
      "measurementUnitPrice": 14.6,
      "measurementUnit": "K",
      "isRedPrice": false,
      "pricePerUOM": 14.6,
      "activationDate": "08-03-2024",
      "recordSource": "Offline",
      "isPromoActive": "N",
      "priceChangeCode": "L"
    },
    "isAvailable": true,
    "isPriceAvailable": true,
    "inPromo": false,
    "gtin": [
      "05400141473667",
      "05400141386448",
      "05400141256017",
      "05400141352474",
      "05400210100913",
      "15400141256014",
      "15400141473664"
    ],
    "topCategoryName": "Chips/Borrelhapjes",
    "topCategoryId": "306",
    "businessDomain": "RETAIL_BE",
    "IsPrivateLabel": true,
    "IsBiffe": false,
    "WeightconversionFactor": "0",
    "IsWeightArticle": false,
    "nutriscoreLabel": "D",
    "IsBio": false,
    "CountryOfOrigin": "GRIEKENLAND",
    "IsExclusivelySoldInLuxembourg": false,
    "OrderUnit": "P",
    "ShortName": "BONI PEP.GEVUL LV 150G",
    "IsNew": false,
    "RecentQuanityOfStockUnits": "1",
    "LongName": "BONI groen peper gevuld LV 150g",
    "AlcoholVolume": "0",
    "FicCode": "I"
  },
  {
    "productId": "778700",
    "technicalArticleNumber": "4572350",
    "commercialArticleNumber": "28559",
    "name": "noodles chicken bag",
    "description": "*Instant noedels met\n*Kippensmaak",
    "brand": "AIKI",
    "seoBrand": "Aïki",
    "thumbNail": "https://static.colruytgroup.com/images/200x200/std.lang.all/16/65/asset-3201665.jpg",
    "fullImage": "https://static.colruytgroup.com/images/500x500/std.lang.all/16/65/asset-3201665.jpg",
    "squareImage": "https://static.colruytgroup.com/images/500x500sq/std.lang.all/16/65/asset-3201665.jpg",
    "content": "80g",
    "walkRouteSequenceNumber": 17024,
    "price": {
      "basicPrice": 1.49,
      "recommendedQuantity": "1.0",
      "measurementUnitPrice": 18.63,
      "measurementUnit": "K",
      "isRedPrice": false,
      "pricePerUOM": 18.63,
      "activationDate": "06-03-2024",
      "recordSource": "Offline",
      "isPromoActive": "N",
      "priceChangeCode": "E"
    },
    "isAvailable": true,
    "isPriceAvailable": true,
    "inPromo": false,
    "gtin": [
      "05414972630175",
      "05414972330174",
      "05414972130460",
      "05414972730462"
    ],
    "topCategoryName": "Kruidenierswaren/Droge voeding",
    "topCategoryId": "233",
    "businessDomain": "RETAIL_BE",
    "IsPrivateLabel": false,
    "IsBiffe": false,
    "WeightconversionFactor": "0",
    "IsWeightArticle": false,
    "nutriscoreLabel": "C",
    "IsBio": false,
    "CountryOfOrigin": "HONGARIJE",
    "IsExclusivelySoldInLuxembourg": false,
    "OrderUnit": "P",
    "ShortName": "AIKI NOODLES CHICKEN80G",
    "IsNew": false,
    "EcoscoreLabel": "B",
    "RecentQuanityOfStockUnits": "11,1",
    "LongName": "AIKI noodles chicken bag 80g",
    "FicCode": "E",
    "EcoscoreValue": "62"
  },
  {
    "productId": "122359",
    "technicalArticleNumber": "3188225",
    "commercialArticleNumber": "26734",
    "name": "Minestrone",
    "description": "Verse minestronesoep. Opwarmen in een\nsteelpannetje of in de microgolfoven.",
    "brand": "BONI",
    "seoBrand": "Boni Selection",
    "thumbNail": "https://static.colruytgroup.com/images/200x200/std.lang.all/09/70/asset-3350970.jpg",
    "fullImage": "https://static.colruytgroup.com/images/500x500/std.lang.all/09/70/asset-3350970.jpg",
    "squareImage": "https://static.colruytgroup.com/images/500x500sq/std.lang.all/09/70/asset-3350970.jpg",
    "content": "950ml",
    "walkRouteSequenceNumber": 6635,
    "price": {
      "basicPrice": 2.99,
      "recommendedQuantity": "1.0",
      "measurementUnitPrice": 3.15,
      "measurementUnit": "L",
      "isRedPrice": false,
      "pricePerUOM": 3.15,
      "activationDate": "31-01-2024",
      "isPromoActive": "N",
      "priceChangeCode": "H"
    },
    "isAvailable": true,
    "isPriceAvailable": true,
    "inPromo": false,
    "gtin": [
      "05400141158854",
      "05400141628357",
      "05400141022667",
      "05400141425208",
      "05400141700367"
    ],
    "topCategoryName": "Bereidingen/Charcuterie/Vis/Veggie",
    "topCategoryId": "105",
    "businessDomain": "RETAIL_BE",
    "IsPrivateLabel": true,
    "IsBiffe": false,
    "WeightconversionFactor": "0",
    "IsWeightArticle": false,
    "nutriscoreLabel": "C",
    "IsBio": false,
    "CountryOfOrigin": "BELGIË",
    "IsExclusivelySoldInLuxembourg": false,
    "OrderUnit": "P",
    "ShortName": "BONI MINES.SOEP950ML",
    "InSeason": true,
    "IsNew": false,
    "EcoscoreLabel": "A",
    "RecentQuanityOfStockUnits": "1",
    "LongName": "BONI Minestrone 950ml",
    "AlcoholVolume": "0",
    "StartSeasonDate": "21/09/2020",
    "FicCode": "I",
    "EcoscoreValue": "100"
  },
  {
    "productId": "13548",
    "technicalArticleNumber": "1595146",
    "commercialArticleNumber": "31687",
    "name": "groene pesto",
    "description": "*Groene pesto met\nverse kruiden",
    "brand": "BONI",
    "seoBrand": "Boni Selection",
    "thumbNail": "https://static.colruytgroup.com/images/200x200/std.lang.all/85/13/asset-2508513.jpg",
    "fullImage": "https://static.colruytgroup.com/images/500x500/std.lang.all/85/13/asset-2508513.jpg",
    "squareImage": "https://static.colruytgroup.com/images/500x500sq/std.lang.all/85/13/asset-2508513.jpg",
    "content": "140g",
    "walkRouteSequenceNumber": 6784,
    "price": {
      "basicPrice": 3.79,
      "recommendedQuantity": "1.0",
      "quantityPrice": 3.49,
      "quantityPriceQuantity": "2.0",
      "measurementUnitPrice": 27.08,
      "measurementUnitQuantityPrice": 24.93,
      "measurementUnit": "K",
      "isRedPrice": false,
      "pricePerUOM": 27.08,
      "activationDate": "13-03-2024",
      "isPromoActive": "N",
      "priceChangeCode": "E",
      "quantityPricePerUOM": 24.93,
      "quantityActivationDate": "13-03-2024",
      "quantityPriceChangeCode": "L"
    },
    "isAvailable": true,
    "isPriceAvailable": true,
    "inPromo": false,
    "gtin": [
      "65400141434721",
      "05400141442205",
      "05400141756333",
      "15400141216957",
      "05400141072952",
      "05400141216950",
      "05400141351781"
    ],
    "topCategoryName": "Kruidenierswaren/Droge voeding",
    "topCategoryId": "233",
    "businessDomain": "RETAIL_BE",
    "IsPrivateLabel": true,
    "IsBiffe": false,
    "WeightconversionFactor": "0",
    "IsWeightArticle": false,
    "nutriscoreLabel": "D",
    "IsBio": false,
    "CountryOfOrigin": "BELGIË",
    "IsExclusivelySoldInLuxembourg": false,
    "OrderUnit": "P",
    "ShortName": "BONI GROENE PESTO 140G",
    "IsNew": false,
    "EcoscoreLabel": "C",
    "RecentQuanityOfStockUnits": "1",
    "LongName": "BONI groene pesto 140g",
    "AlcoholVolume": "0",
    "FicCode": "I",
    "EcoscoreValue": "43"
  },
  {
    "productId": "13548",
    "technicalArticleNumber": "1595146",
    "commercialArticleNumber": "31687",
    "name": "groene pesto",
    "description": "*Groene pesto met\nverse kruiden",
    "brand": "BONI",
    "seoBrand": "Boni Selection",
    "thumbNail": "https://static.colruytgroup.com/images/200x200/std.lang.all/85/13/asset-2508513.jpg",
    "fullImage": "https://static.colruytgroup.com/images/500x500/std.lang.all/85/13/asset-2508513.jpg",
    "squareImage": "https://static.colruytgroup.com/images/500x500sq/std.lang.all/85/13/asset-2508513.jpg",
    "content": "140g",
    "walkRouteSequenceNumber": 6784,
    "price": {
      "basicPrice": 3.79,
      "recommendedQuantity": "1.0",
      "quantityPrice": 3.49,
      "quantityPriceQuantity": "2.0",
      "measurementUnitPrice": 27.08,
      "measurementUnitQuantityPrice": 24.93,
      "measurementUnit": "K",
      "isRedPrice": false,
      "pricePerUOM": 27.08,
      "activationDate": "13-03-2024",
      "isPromoActive": "N",
      "priceChangeCode": "E",
      "quantityPricePerUOM": 24.93,
      "quantityActivationDate": "13-03-2024",
      "quantityPriceChangeCode": "L"
    },
    "isAvailable": true,
    "isPriceAvailable": true,
    "inPromo": false,
    "gtin": [
      "65400141434721",
      "05400141442205",
      "05400141756333",
      "15400141216957",
      "05400141072952",
      "05400141216950",
      "05400141351781"
    ],
    "topCategoryName": "Kruidenierswaren/Droge voeding",
    "topCategoryId": "233",
    "businessDomain": "RETAIL_BE",
    "IsPrivateLabel": true,
    "IsBiffe": false,
    "WeightconversionFactor": "0",
    "IsWeightArticle": false,
    "nutriscoreLabel": "D",
    "IsBio": false,
    "CountryOfOrigin": "BELGIË",
    "IsExclusivelySoldInLuxembourg": false,
    "OrderUnit": "P",
    "ShortName": "BONI GROENE PESTO 140G",
    "IsNew": false,
    "EcoscoreLabel": "C",
    "RecentQuanityOfStockUnits": "1",
    "LongName": "BONI groene pesto 140g",
    "AlcoholVolume": "0",
    "FicCode": "I",
    "EcoscoreValue": "43"
  },
  {
    "productId": "6027",
    "technicalArticleNumber": "1170174",
    "commercialArticleNumber": "28901",
    "name": "zongedroogde tomaten basilicum",
    "description": "*Zongedroogde\ntomaten met\nbasilicum,\nniet gemarineerd",
    "brand": "BONI",
    "seoBrand": "Boni Selection",
    "thumbNail": "https://static.colruytgroup.com/images/200x200/std.lang.all/67/82/asset-2796782.jpg",
    "fullImage": "https://static.colruytgroup.com/images/500x500/std.lang.all/67/82/asset-2796782.jpg",
    "squareImage": "https://static.colruytgroup.com/images/500x500sq/std.lang.all/67/82/asset-2796782.jpg",
    "content": "100g",
    "walkRouteSequenceNumber": 7639,
    "price": {
      "basicPrice": 2.89,
      "recommendedQuantity": "1.0",
      "quantityPrice": 2.74,
      "quantityPriceQuantity": "2.0",
      "measurementUnitPrice": 28.9,
      "measurementUnitQuantityPrice": 27.4,
      "measurementUnit": "K",
      "isRedPrice": false,
      "pricePerUOM": 28.9,
      "activationDate": "14-11-2023",
      "recordSource": "Offline",
      "isPromoActive": "N",
      "priceChangeCode": "E",
      "quantityPricePerUOM": 27.4,
      "quantityActivationDate": "14-11-2023",
      "quantityPriceChangeCode": "E"
    },
    "isAvailable": true,
    "isPriceAvailable": true,
    "inPromo": false,
    "gtin": [
      "15400141406266",
      "05400141406269",
      "05400141697988",
      "15400141974376",
      "15400141589730",
      "05400141589733",
      "05400141038972",
      "05400141089998",
      "05400141212679",
      "05400141234510",
      "15400141212676",
      "15400141234517",
      "05400141938012",
      "05400141977721"
    ],
    "topCategoryName": "Chips/Borrelhapjes",
    "topCategoryId": "306",
    "businessDomain": "RETAIL_BE",
    "IsPrivateLabel": true,
    "IsBiffe": false,
    "WeightconversionFactor": "0",
    "IsWeightArticle": false,
    "nutriscoreLabel": "E",
    "IsBio": false,
    "CountryOfOrigin": "TURKIJE",
    "IsExclusivelySoldInLuxembourg": false,
    "OrderUnit": "P",
    "ShortName": "BONI TOMATEN DROOG 100G",
    "IsNew": false,
    "EcoscoreLabel": "E",
    "RecentQuanityOfStockUnits": "1,1",
    "LongName": "BONI zongedroogde tomaten basilicum 100g",
    "AlcoholVolume": "0",
    "FicCode": "I",
    "EcoscoreValue": "12"
  },
  {
    "productId": "90",
    "technicalArticleNumber": "14369",
    "commercialArticleNumber": "14369",
    "name": "rijst snelkook",
    "description": "*kookbuiltjes\n*kooktijd:8 minuten",
    "brand": "BOSTO",
    "seoBrand": "Bosto",
    "thumbNail": "https://static.colruytgroup.com/images/200x200/std.lang.all/90/06/asset-1479006.jpg",
    "fullImage": "https://static.colruytgroup.com/images/500x500/std.lang.all/90/06/asset-1479006.jpg",
    "squareImage": "https://static.colruytgroup.com/images/500x500sq/std.lang.all/90/06/asset-1479006.jpg",
    "content": "8x125g",
    "walkRouteSequenceNumber": 8373,
    "price": {
      "basicPrice": 3.49,
      "recommendedQuantity": "1.0",
      "measurementUnitPrice": 3.49,
      "measurementUnit": "K",
      "isRedPrice": false,
      "pricePerUOM": 3.49,
      "activationDate": "06-03-2024",
      "recordSource": "Offline",
      "isPromoActive": "N",
      "priceChangeCode": "H"
    },
    "isAvailable": true,
    "isPriceAvailable": true,
    "inPromo": false,
    "gtin": [
      "15410106018441",
      "05410106013104"
    ],
    "topCategoryName": "Kruidenierswaren/Droge voeding",
    "topCategoryId": "233",
    "businessDomain": "RETAIL_BE",
    "IsPrivateLabel": false,
    "IsBiffe": false,
    "WeightconversionFactor": "0",
    "IsWeightArticle": false,
    "nutriscoreLabel": "A",
    "IsBio": false,
    "CountryOfOrigin": "BELGIË",
    "IsExclusivelySoldInLuxembourg": false,
    "OrderUnit": "P",
    "ShortName": "BOSTO SNELK. KB 8X125G",
    "IsNew": false,
    "EcoscoreLabel": "E",
    "RecentQuanityOfStockUnits": "12,1",
    "LongName": "BOSTO rijst snelkook 8x125g",
    "AlcoholVolume": "0",
    "FicCode": "E",
    "EcoscoreValue": "17"
  },
  {
    "productId": "479704",
    "technicalArticleNumber": "4009187",
    "commercialArticleNumber": "4764",
    "name": "italiaanse mix molen",
    "brand": "BONI",
    "seoBrand": "Boni Selection",
    "thumbNail": "https://static.colruytgroup.com/images/200x200/std.lang.all/47/36/asset-2954736.jpg",
    "fullImage": "https://static.colruytgroup.com/images/500x500/std.lang.all/47/36/asset-2954736.jpg",
    "squareImage": "https://static.colruytgroup.com/images/500x500sq/std.lang.all/47/36/asset-2954736.jpg",
    "content": "28g",
    "walkRouteSequenceNumber": 6385,
    "price": {
      "basicPrice": 1.67,
      "recommendedQuantity": "1.0",
      "measurementUnitPrice": 59.65,
      "measurementUnit": "K",
      "isRedPrice": false,
      "pricePerUOM": 59.65,
      "activationDate": "13-02-2024",
      "recordSource": "Offline",
      "isPromoActive": "N",
      "priceChangeCode": "L"
    },
    "isAvailable": true,
    "isPriceAvailable": true,
    "inPromo": false,
    "gtin": [
      "35400141927918",
      "15400141207917",
      "05400141207910",
      "05400141927917",
      "15400141927914"
    ],
    "topCategoryName": "Kruidenierswaren/Droge voeding",
    "topCategoryId": "233",
    "businessDomain": "RETAIL_BE",
    "IsPrivateLabel": true,
    "IsBiffe": false,
    "WeightconversionFactor": "0",
    "IsWeightArticle": false,
    "nutriscoreLabel": "D",
    "IsBio": false,
    "CountryOfOrigin": "DUITSLAND",
    "IsExclusivelySoldInLuxembourg": false,
    "OrderUnit": "P",
    "ShortName": "BONI IT.MIX MOLEN 28G",
    "IsNew": false,
    "EcoscoreLabel": "E",
    "RecentQuanityOfStockUnits": "1",
    "LongName": "BONI italiaanse mix molen 28g",
    "FicCode": "I",
    "EcoscoreValue": "18"
  },
  {
    "productId": "49986",
    "technicalArticleNumber": "2469659",
    "commercialArticleNumber": "38114",
    "name": "yogor. fijn.kruiden",
    "brand": "VANDEMOORTELE",
    "seoBrand": "Vandemoortele",
    "thumbNail": "https://static.colruytgroup.com/images/200x200/std.lang.all/11/02/asset-3311102.jpg",
    "fullImage": "https://static.colruytgroup.com/images/500x500/std.lang.all/11/02/asset-3311102.jpg",
    "squareImage": "https://static.colruytgroup.com/images/500x500sq/std.lang.all/11/02/asset-3311102.jpg",
    "content": "450ml",
    "walkRouteSequenceNumber": 8061,
    "price": {
      "basicPrice": 2.99,
      "recommendedQuantity": "1.0",
      "measurementUnitPrice": 6.65,
      "measurementUnit": "L",
      "isRedPrice": false,
      "pricePerUOM": 6.65,
      "activationDate": "02-02-2024",
      "recordSource": "Offline",
      "isPromoActive": "N",
      "priceChangeCode": "E"
    },
    "isAvailable": true,
    "isPriceAvailable": true,
    "inPromo": false,
    "gtin": [
      "05410093143570",
      "05410093143563"
    ],
    "topCategoryName": "Kruidenierswaren/Droge voeding",
    "topCategoryId": "233",
    "businessDomain": "RETAIL_BE",
    "IsPrivateLabel": false,
    "IsBiffe": false,
    "WeightconversionFactor": "0",
    "IsWeightArticle": false,
    "nutriscoreLabel": "D",
    "IsBio": false,
    "CountryOfOrigin": "BELGIË",
    "IsExclusivelySoldInLuxembourg": false,
    "OrderUnit": "P",
    "ShortName": "VDM YOGO FIJNE KR 450ML",
    "IsNew": false,
    "EcoscoreLabel": "D",
    "RecentQuanityOfStockUnits": "1,12",
    "LongName": "VANDEMOORTELE yogor. fijn.kruiden 450ml",
    "AlcoholVolume": "0",
    "FicCode": "E",
    "EcoscoreValue": "39"
  },
  {
    "productId": "12887",
    "technicalArticleNumber": "1338370",
    "commercialArticleNumber": "12188",
    "name": "tomaat met balletjes brik",
    "description": "*Tomatensoep\nmet balletjes",
    "brand": "LIEBIG",
    "seoBrand": "Liebig",
    "thumbNail": "https://static.colruytgroup.com/images/200x200/nl_be/99/39/asset-3039939.jpg",
    "fullImage": "https://static.colruytgroup.com/images/500x500/nl_be/99/39/asset-3039939.jpg",
    "squareImage": "https://static.colruytgroup.com/images/500x500sq/nl_be/99/39/asset-3039939.jpg",
    "content": "1L",
    "walkRouteSequenceNumber": 16881,
    "price": {
      "basicPrice": 3.19,
      "recommendedQuantity": "1.0",
      "measurementUnitPrice": 3.19,
      "measurementUnit": "L",
      "isRedPrice": false,
      "pricePerUOM": 3.19,
      "activationDate": "13-03-2024",
      "recordSource": "Offline",
      "isPromoActive": "N",
      "priceChangeCode": "H"
    },
    "isAvailable": true,
    "isPriceAvailable": true,
    "inPromo": false,
    "gtin": [
      "05410056188051",
      "05414972726489",
      "05414972705743",
      "05414972205748"
    ],
    "topCategoryName": "Kruidenierswaren/Droge voeding",
    "topCategoryId": "233",
    "businessDomain": "RETAIL_BE",
    "IsPrivateLabel": false,
    "IsBiffe": false,
    "WeightconversionFactor": "0",
    "IsWeightArticle": false,
    "nutriscoreLabel": "B",
    "IsBio": false,
    "CountryOfOrigin": "FRANKRIJK",
    "IsExclusivelySoldInLuxembourg": false,
    "OrderUnit": "P",
    "ShortName": "LIEB TOMAAT BALLETJES1L",
    "IsNew": false,
    "EcoscoreLabel": "B",
    "RecentQuanityOfStockUnits": "1,2,8,8",
    "LongName": "LIEBIG tomaat met balletjes brik 1L",
    "AlcoholVolume": "0",
    "FicCode": "E",
    "EcoscoreValue": "65"
  },
  {
    "productId": "63278",
    "technicalArticleNumber": "2777721",
    "commercialArticleNumber": "32325",
    "name": "Aromat smaakverfijner",
    "description": "*Smaakverfijner\n*Kruiden\n*Aromat\n*Salade\n*Specerij",
    "brand": "KNORR",
    "seoBrand": "Knorr",
    "thumbNail": "https://static.colruytgroup.com/images/200x200/std.lang.all/46/16/asset-2804616.jpg",
    "fullImage": "https://static.colruytgroup.com/images/500x500/std.lang.all/46/16/asset-2804616.jpg",
    "squareImage": "https://static.colruytgroup.com/images/500x500sq/std.lang.all/46/16/asset-2804616.jpg",
    "content": "88g",
    "walkRouteSequenceNumber": 6470,
    "price": {
      "basicPrice": 1.69,
      "recommendedQuantity": "1.0",
      "measurementUnitPrice": 19.21,
      "measurementUnit": "K",
      "isRedPrice": false,
      "pricePerUOM": 19.21,
      "activationDate": "13-11-2023",
      "recordSource": "Offline",
      "isPromoActive": "N",
      "priceChangeCode": "E"
    },
    "isAvailable": true,
    "isPriceAvailable": true,
    "inPromo": false,
    "gtin": [
      "08712100382086",
      "08712100120510"
    ],
    "topCategoryName": "Kruidenierswaren/Droge voeding",
    "topCategoryId": "233",
    "businessDomain": "RETAIL_BE",
    "IsPrivateLabel": false,
    "IsBiffe": false,
    "WeightconversionFactor": "0",
    "IsWeightArticle": false,
    "nutriscoreLabel": "E",
    "IsBio": false,
    "CountryOfOrigin": "ZWITSERLAND",
    "IsExclusivelySoldInLuxembourg": false,
    "OrderUnit": "P",
    "ShortName": "KNORR AROMAT NATUR 88GR",
    "IsNew": false,
    "EcoscoreLabel": "E",
    "RecentQuanityOfStockUnits": "12,1",
    "LongName": "KNORR Aromat smaakverfijner 88g",
    "AlcoholVolume": "0",
    "FicCode": "E",
    "EcoscoreValue": "2"
  },
  {
    "productId": "699590",
    "technicalArticleNumber": "4431362",
    "commercialArticleNumber": "5893",
    "name": "frituurvet",
    "brand": "OSSEWIT",
    "seoBrand": "Ossewit",
    "thumbNail": "https://static.colruytgroup.com/images/200x200/std.lang.all/50/21/asset-2435021.jpg",
    "fullImage": "https://static.colruytgroup.com/images/500x500/std.lang.all/50/21/asset-2435021.jpg",
    "squareImage": "https://static.colruytgroup.com/images/500x500sq/std.lang.all/50/21/asset-2435021.jpg",
    "content": "4x550g",
    "walkRouteSequenceNumber": 8942,
    "price": {
      "basicPrice": 12.65,
      "recommendedQuantity": "1.0",
      "measurementUnitPrice": 5.75,
      "measurementUnit": "K",
      "isRedPrice": false,
      "pricePerUOM": 5.75,
      "activationDate": "29-12-2023",
      "recordSource": "Offline",
      "isPromoActive": "N",
      "priceChangeCode": "H"
    },
    "isAvailable": true,
    "isPriceAvailable": true,
    "inPromo": false,
    "gtin": [
      "05410093174055",
      "05410093174062"
    ],
    "topCategoryName": "Kruidenierswaren/Droge voeding",
    "topCategoryId": "233",
    "businessDomain": "RETAIL_BE",
    "IsPrivateLabel": false,
    "IsBiffe": false,
    "WeightconversionFactor": "0",
    "IsWeightArticle": false,
    "nutriscoreLabel": "D",
    "IsBio": false,
    "CountryOfOrigin": "BELGIË",
    "IsExclusivelySoldInLuxembourg": false,
    "OrderUnit": "P",
    "ShortName": "OSSE FRITUURVET 2.2KG",
    "IsNew": false,
    "RecentQuanityOfStockUnits": "6,1",
    "LongName": "OSSEWIT frituurvet 4x550g",
    "FicCode": "E"
  },
  {
    "productId": "428078",
    "technicalArticleNumber": "3966190",
    "commercialArticleNumber": "2793",
    "name": "parelcouscous builtjes",
    "brand": "BOSTO",
    "seoBrand": "Bosto",
    "thumbNail": "https://static.colruytgroup.com/images/200x200/std.lang.all/36/74/asset-2083674.jpg",
    "fullImage": "https://static.colruytgroup.com/images/500x500/std.lang.all/36/74/asset-2083674.jpg",
    "squareImage": "https://static.colruytgroup.com/images/500x500sq/std.lang.all/36/74/asset-2083674.jpg",
    "content": "4x75g",
    "walkRouteSequenceNumber": 8428,
    "price": {
      "basicPrice": 3.29,
      "recommendedQuantity": "1.0",
      "measurementUnitPrice": 10.97,
      "measurementUnit": "K",
      "isRedPrice": false,
      "pricePerUOM": 10.97,
      "activationDate": "07-02-2024",
      "recordSource": "Offline",
      "isPromoActive": "N",
      "priceChangeCode": "H"
    },
    "isAvailable": true,
    "isPriceAvailable": true,
    "inPromo": false,
    "gtin": [
      "05410106070183",
      "15410106070180"
    ],
    "topCategoryName": "Kruidenierswaren/Droge voeding",
    "topCategoryId": "233",
    "businessDomain": "RETAIL_BE",
    "IsPrivateLabel": false,
    "IsBiffe": false,
    "WeightconversionFactor": "0",
    "IsWeightArticle": false,
    "nutriscoreLabel": "A",
    "IsBio": false,
    "CountryOfOrigin": "NEDERLAND",
    "IsExclusivelySoldInLuxembourg": false,
    "OrderUnit": "P",
    "ShortName": "BOST PARELCOUSC.KB4X75G",
    "IsNew": false,
    "EcoscoreLabel": "A",
    "RecentQuanityOfStockUnits": "1",
    "LongName": "BOSTO parelcouscous builtjes 4x75g",
    "FicCode": "E",
    "EcoscoreValue": "81"
  },
  {
    "productId": "828356",
    "technicalArticleNumber": "4667028",
    "commercialArticleNumber": "4590",
    "name": "pasta fantasia",
    "description": "*Italië",
    "brand": "BONI",
    "seoBrand": "Boni Selection",
    "thumbNail": "https://static.colruytgroup.com/images/200x200/std.lang.all/26/99/asset-3172699.jpg",
    "fullImage": "https://static.colruytgroup.com/images/500x500/std.lang.all/26/99/asset-3172699.jpg",
    "squareImage": "https://static.colruytgroup.com/images/500x500sq/std.lang.all/26/99/asset-3172699.jpg",
    "content": "500g",
    "walkRouteSequenceNumber": 8164,
    "price": {
      "basicPrice": 1.49,
      "recommendedQuantity": "1.0",
      "measurementUnitPrice": 2.98,
      "measurementUnit": "K",
      "isRedPrice": false,
      "pricePerUOM": 2.98,
      "activationDate": "29-07-2023",
      "isPromoActive": "N",
      "priceChangeCode": "L"
    },
    "isAvailable": true,
    "isPriceAvailable": true,
    "inPromo": false,
    "gtin": [
      "05400141452136",
      "15400141452133"
    ],
    "topCategoryName": "Kruidenierswaren/Droge voeding",
    "topCategoryId": "233",
    "businessDomain": "RETAIL_BE",
    "IsPrivateLabel": true,
    "IsBiffe": false,
    "WeightconversionFactor": "0",
    "IsWeightArticle": false,
    "nutriscoreLabel": "A",
    "IsBio": false,
    "CountryOfOrigin": "ITALIË",
    "IsExclusivelySoldInLuxembourg": false,
    "OrderUnit": "P",
    "ShortName": "BONI PASTA FANTASIA500G",
    "IsNew": false,
    "EcoscoreLabel": "B",
    "RecentQuanityOfStockUnits": "10,1",
    "LongName": "BONI pasta fantasia 500g",
    "FicCode": "I",
    "EcoscoreValue": "60"
  },
  {
    "productId": "921337",
    "technicalArticleNumber": "4763663",
    "commercialArticleNumber": "22532",
    "name": "Grissinet.| Torinesi",
    "brand": "DELI DI PAOLO",
    "seoBrand": "DELI DI PAOLO",
    "thumbNail": "https://static.colruytgroup.com/images/200x200/std.lang.all/42/12/asset-3354212.jpg",
    "fullImage": "https://static.colruytgroup.com/images/500x500/std.lang.all/42/12/asset-3354212.jpg",
    "squareImage": "https://static.colruytgroup.com/images/500x500sq/std.lang.all/42/12/asset-3354212.jpg",
    "content": "150g",
    "walkRouteSequenceNumber": 4588,
    "price": {
      "basicPrice": 1.99,
      "recommendedQuantity": "1.0",
      "measurementUnitPrice": 13.27,
      "measurementUnit": "K",
      "isRedPrice": false,
      "pricePerUOM": 13.27,
      "activationDate": "07-10-2023",
      "isPromoActive": "N",
      "priceChangeCode": "E"
    },
    "isAvailable": true,
    "isPriceAvailable": true,
    "inPromo": false,
    "gtin": [
      "08718247444526",
      "08718247444519"
    ],
    "topCategoryName": "Brood/Ontbijt",
    "topCategoryId": "124",
    "businessDomain": "RETAIL_BE",
    "IsPrivateLabel": false,
    "IsBiffe": false,
    "WeightconversionFactor": "0",
    "IsWeightArticle": false,
    "IsBio": false,
    "CountryOfOrigin": "ITALIË",
    "IsExclusivelySoldInLuxembourg": false,
    "OrderUnit": "P",
    "ShortName": "DELI GRISSINE.TORIN.150",
    "IsNew": false,
    "RecentQuanityOfStockUnits": "1",
    "LongName": "DELI DI PAOLO Grissinet.| Torinesi 150g",
    "AlcoholVolume": "0",
    "FicCode": "E"
  },
  {
    "productId": "486995",
    "technicalArticleNumber": "4045809",
    "commercialArticleNumber": "6316",
    "name": "grissini sesam",
    "brand": "BONI",
    "seoBrand": "Boni Selection",
    "thumbNail": "https://static.colruytgroup.com/images/200x200/std.lang.all/13/17/asset-3351317.jpg",
    "fullImage": "https://static.colruytgroup.com/images/500x500/std.lang.all/13/17/asset-3351317.jpg",
    "squareImage": "https://static.colruytgroup.com/images/500x500sq/std.lang.all/13/17/asset-3351317.jpg",
    "content": "125g",
    "walkRouteSequenceNumber": 4577,
    "price": {
      "basicPrice": 1.09,
      "recommendedQuantity": "1.0",
      "measurementUnitPrice": 8.72,
      "measurementUnit": "K",
      "isRedPrice": false,
      "pricePerUOM": 8.72,
      "activationDate": "16-03-2024",
      "recordSource": "Offline",
      "isPromoActive": "N",
      "priceChangeCode": "L"
    },
    "isAvailable": true,
    "isPriceAvailable": true,
    "inPromo": false,
    "gtin": [
      "15400141363941",
      "05400141256727",
      "05400141363944",
      "15400141256724",
      "15400141696704",
      "05400141696707"
    ],
    "topCategoryName": "Brood/Ontbijt",
    "topCategoryId": "124",
    "businessDomain": "RETAIL_BE",
    "IsPrivateLabel": true,
    "IsBiffe": false,
    "WeightconversionFactor": "0",
    "IsWeightArticle": false,
    "nutriscoreLabel": "D",
    "IsBio": false,
    "CountryOfOrigin": "ITALIË",
    "IsExclusivelySoldInLuxembourg": false,
    "OrderUnit": "P",
    "ShortName": "BONI GRISSINI SESAM125G",
    "IsNew": false,
    "EcoscoreLabel": "A",
    "RecentQuanityOfStockUnits": "1,12",
    "LongName": "BONI grissini sesam 125g",
    "FicCode": "I",
    "EcoscoreValue": "87"
  },
  {
    "productId": "45049",
    "technicalArticleNumber": "2520083",
    "commercialArticleNumber": "39693",
    "name": "fijne kruiden",
    "description": "*Croutons met fijne\nkruiden",
    "brand": "FLODOR CROÛTONS D'OR",
    "seoBrand": "Flodor",
    "thumbNail": "https://static.colruytgroup.com/images/200x200/std.lang.all/35/20/asset-1993520.jpg",
    "fullImage": "https://static.colruytgroup.com/images/500x500/std.lang.all/35/20/asset-1993520.jpg",
    "squareImage": "https://static.colruytgroup.com/images/500x500sq/std.lang.all/35/20/asset-1993520.jpg",
    "content": "75g",
    "walkRouteSequenceNumber": 17000,
    "price": {
      "basicPrice": 1.53,
      "recommendedQuantity": "1.0",
      "measurementUnitPrice": 20.4,
      "measurementUnit": "K",
      "isRedPrice": false,
      "pricePerUOM": 20.4,
      "activationDate": "21-03-2024",
      "recordSource": "Offline",
      "isPromoActive": "N",
      "priceChangeCode": "L"
    },
    "isAvailable": true,
    "isPriceAvailable": true,
    "inPromo": false,
    "gtin": [
      "33075360005338",
      "43075360005335",
      "03075360005337"
    ],
    "topCategoryName": "Kruidenierswaren/Droge voeding",
    "topCategoryId": "233",
    "businessDomain": "RETAIL_BE",
    "IsPrivateLabel": false,
    "IsBiffe": false,
    "WeightconversionFactor": "0",
    "IsWeightArticle": false,
    "nutriscoreLabel": "E",
    "IsBio": false,
    "CountryOfOrigin": "ITALIË",
    "IsExclusivelySoldInLuxembourg": false,
    "OrderUnit": "P",
    "ShortName": "FLODOR CROUT KRUID 75G",
    "InSeason": true,
    "IsNew": false,
    "EcoscoreLabel": "D",
    "RecentQuanityOfStockUnits": "1",
    "LongName": "FLODOR CROÛTONS D'OR fijne kruiden 75g",
    "AlcoholVolume": "0",
    "StartSeasonDate": "13/09/2016",
    "FicCode": "E",
    "EcoscoreValue": "38"
  },
  {
    "productId": "546296",
    "technicalArticleNumber": "4173607",
    "commercialArticleNumber": "10282",
    "name": "maïswafel hazelnootpasta",
    "brand": "BONI",
    "seoBrand": "Boni Selection",
    "thumbNail": "https://static.colruytgroup.com/images/200x200/std.lang.all/77/86/asset-2417786.jpg",
    "fullImage": "https://static.colruytgroup.com/images/500x500/std.lang.all/77/86/asset-2417786.jpg",
    "squareImage": "https://static.colruytgroup.com/images/500x500sq/std.lang.all/77/86/asset-2417786.jpg",
    "content": "6x22g",
    "walkRouteSequenceNumber": 17127,
    "price": {
      "basicPrice": 2.89,
      "recommendedQuantity": "1.0",
      "measurementUnitPrice": 21.9,
      "measurementUnit": "K",
      "isRedPrice": false,
      "pricePerUOM": 21.9,
      "activationDate": "17-11-2023",
      "isPromoActive": "N",
      "priceChangeCode": "H"
    },
    "isAvailable": true,
    "isPriceAvailable": true,
    "inPromo": false,
    "gtin": [
      "05400141419795",
      "15400141419792",
      "05400141323580",
      "15400141323587"
    ],
    "topCategoryName": "Brood/Ontbijt",
    "topCategoryId": "124",
    "businessDomain": "RETAIL_BE",
    "IsPrivateLabel": true,
    "IsBiffe": false,
    "WeightconversionFactor": "0",
    "IsWeightArticle": false,
    "nutriscoreLabel": "D",
    "IsBio": false,
    "CountryOfOrigin": "BELGIË",
    "IsExclusivelySoldInLuxembourg": false,
    "OrderUnit": "P",
    "ShortName": "BONI MAISWAF.HAZEL6X22G",
    "IsNew": false,
    "EcoscoreLabel": "C",
    "RecentQuanityOfStockUnits": "1",
    "LongName": "BONI maïswafel hazelnootpasta 6x22g",
    "FicCode": "I",
    "EcoscoreValue": "53"
  },
  {
    "productId": "688274",
    "technicalArticleNumber": "4413176",
    "commercialArticleNumber": "3863",
    "name": "mosterd grootmoeders wijze",
    "brand": "BISTER",
    "seoBrand": "Bister",
    "thumbNail": "https://static.colruytgroup.com/images/200x200/std.lang.all/15/86/asset-2361586.jpg",
    "fullImage": "https://static.colruytgroup.com/images/500x500/std.lang.all/15/86/asset-2361586.jpg",
    "squareImage": "https://static.colruytgroup.com/images/500x500sq/std.lang.all/15/86/asset-2361586.jpg",
    "content": "250g",
    "walkRouteSequenceNumber": 8235,
    "price": {
      "basicPrice": 2.15,
      "recommendedQuantity": "1.0",
      "measurementUnitPrice": 8.6,
      "measurementUnit": "K",
      "isRedPrice": false,
      "pricePerUOM": 8.6,
      "activationDate": "09-03-2024",
      "recordSource": "Offline",
      "isPromoActive": "N",
      "priceChangeCode": "H"
    },
    "isAvailable": true,
    "isPriceAvailable": true,
    "inPromo": false,
    "gtin": [
      "05410641100918",
      "05410641902413"
    ],
    "topCategoryName": "Kruidenierswaren/Droge voeding",
    "topCategoryId": "233",
    "businessDomain": "RETAIL_BE",
    "IsPrivateLabel": false,
    "IsBiffe": false,
    "WeightconversionFactor": "0",
    "IsWeightArticle": false,
    "nutriscoreLabel": "D",
    "IsBio": false,
    "CountryOfOrigin": "BELGIË",
    "IsExclusivelySoldInLuxembourg": false,
    "OrderUnit": "P",
    "ShortName": "BIST MOS.GR.WIJZE 250G",
    "IsNew": false,
    "EcoscoreLabel": "B",
    "RecentQuanityOfStockUnits": "1,12",
    "LongName": "BISTER mosterd grootmoeders wijze 250g",
    "FicCode": "E",
    "EcoscoreValue": "70"
  },
  {
    "productId": "159379",
    "technicalArticleNumber": "3247286",
    "commercialArticleNumber": "8003",
    "name": "spaghetti fijn spelt",
    "description": "*100% speltgraan\n*Eiwit: 12,5g/100g\n*Kooktijd : 6-7 min\n*Licht verteerbaar",
    "brand": "SOUBRY",
    "seoBrand": "Soubry",
    "thumbNail": "https://static.colruytgroup.com/images/200x200/std.lang.all/55/61/asset-2355561.jpg",
    "fullImage": "https://static.colruytgroup.com/images/500x500/std.lang.all/55/61/asset-2355561.jpg",
    "squareImage": "https://static.colruytgroup.com/images/500x500sq/std.lang.all/55/61/asset-2355561.jpg",
    "content": "375g",
    "walkRouteSequenceNumber": 8305,
    "price": {
      "basicPrice": 2.49,
      "recommendedQuantity": "3.0",
      "measurementUnitPrice": 6.64,
      "measurementUnit": "K",
      "isRedPrice": false,
      "pricePerUOM": 6.64,
      "activationDate": "13-03-2024",
      "recordSource": "Offline",
      "isPromoActive": "N",
      "priceChangeCode": "E"
    },
    "isAvailable": true,
    "isPriceAvailable": true,
    "inPromo": false,
    "gtin": [
      "05410028084107",
      "05410028082103",
      "45410028084105"
    ],
    "topCategoryName": "Kruidenierswaren/Droge voeding",
    "topCategoryId": "233",
    "businessDomain": "RETAIL_BE",
    "IsPrivateLabel": false,
    "IsBiffe": false,
    "WeightconversionFactor": "0",
    "IsWeightArticle": false,
    "nutriscoreLabel": "A",
    "IsBio": false,
    "CountryOfOrigin": "BELGIË",
    "IsExclusivelySoldInLuxembourg": false,
    "OrderUnit": "P",
    "ShortName": "SOUB SPAG FIJN SPELT375",
    "IsNew": false,
    "EcoscoreLabel": "A",
    "RecentQuanityOfStockUnits": "1,3",
    "LongName": "SOUBRY spaghetti fijn spelt 375g",
    "AlcoholVolume": "0",
    "FicCode": "E",
    "EcoscoreValue": "100"
  },
  {
    "productId": "956035",
    "technicalArticleNumber": "4771700",
    "commercialArticleNumber": "32916",
    "name": "Spaghettoni n°7",
    "brand": "BARILLA",
    "seoBrand": "Barilla",
    "thumbNail": "https://static.colruytgroup.com/images/200x200/std.lang.all/90/12/asset-3359012.jpg",
    "fullImage": "https://static.colruytgroup.com/images/500x500/std.lang.all/90/12/asset-3359012.jpg",
    "squareImage": "https://static.colruytgroup.com/images/500x500sq/std.lang.all/90/12/asset-3359012.jpg",
    "content": "500g",
    "walkRouteSequenceNumber": 8350,
    "price": {
      "basicPrice": 1.99,
      "recommendedQuantity": "1.0",
      "measurementUnitPrice": 3.98,
      "measurementUnit": "K",
      "isRedPrice": false,
      "pricePerUOM": 3.98,
      "activationDate": "14-03-2024",
      "recordSource": "Offline",
      "isPromoActive": "N",
      "priceChangeCode": "E"
    },
    "isAvailable": true,
    "isPriceAvailable": true,
    "inPromo": false,
    "gtin": [
      "08076808150072"
    ],
    "topCategoryName": "Kruidenierswaren/Droge voeding",
    "topCategoryId": "233",
    "businessDomain": "RETAIL_BE",
    "IsPrivateLabel": false,
    "IsBiffe": false,
    "WeightconversionFactor": "0",
    "IsWeightArticle": false,
    "nutriscoreLabel": "A",
    "IsBio": false,
    "CountryOfOrigin": "ITALIË",
    "IsExclusivelySoldInLuxembourg": false,
    "OrderUnit": "P",
    "ShortName": "BARI SPAGHETTONI N7 500",
    "IsNew": false,
    "EcoscoreLabel": "B",
    "RecentQuanityOfStockUnits": "1,24",
    "LongName": "BARILLA Spaghettoni n°7 500g",
    "FicCode": "E",
    "EcoscoreValue": "60"
  },
  {
    "productId": "761151",
    "technicalArticleNumber": "4539780",
    "commercialArticleNumber": "28349",
    "name": "bolognaise saus",
    "brand": "BONI",
    "seoBrand": "Boni Selection",
    "thumbNail": "https://static.colruytgroup.com/images/200x200/std.lang.all/07/49/asset-2890749.jpg",
    "fullImage": "https://static.colruytgroup.com/images/500x500/std.lang.all/07/49/asset-2890749.jpg",
    "squareImage": "https://static.colruytgroup.com/images/500x500sq/std.lang.all/07/49/asset-2890749.jpg",
    "content": "680g",
    "walkRouteSequenceNumber": 8391,
    "price": {
      "basicPrice": 2.28,
      "recommendedQuantity": "1.0",
      "measurementUnitPrice": 3.36,
      "measurementUnit": "K",
      "isRedPrice": false,
      "pricePerUOM": 3.36,
      "activationDate": "19-01-2024",
      "recordSource": "Offline",
      "isPromoActive": "N",
      "priceChangeCode": "L"
    },
    "isAvailable": true,
    "isPriceAvailable": true,
    "inPromo": false,
    "gtin": [
      "05400141636758",
      "15400141636755"
    ],
    "topCategoryName": "Kruidenierswaren/Droge voeding",
    "topCategoryId": "233",
    "businessDomain": "RETAIL_BE",
    "IsPrivateLabel": true,
    "IsBiffe": false,
    "WeightconversionFactor": "0",
    "IsWeightArticle": false,
    "nutriscoreLabel": "A",
    "IsBio": false,
    "CountryOfOrigin": "BELGIË",
    "IsExclusivelySoldInLuxembourg": false,
    "OrderUnit": "P",
    "ShortName": "BONI BOLOGNAISE 680G",
    "IsNew": false,
    "EcoscoreLabel": "D",
    "RecentQuanityOfStockUnits": "1,12",
    "LongName": "BONI bolognaise saus 680g",
    "FicCode": "I",
    "EcoscoreValue": "35"
  },
  {
    "productId": "31",
    "technicalArticleNumber": "14930",
    "commercialArticleNumber": "14930",
    "name": "bindmiddel wit",
    "description": "*Sausbinder\n*Makkelijk bereiden\n*Romige soep\n*Zonder klonters\n*Culinaire hulp",
    "brand": "MAIZENA ROUX",
    "seoBrand": "Maizena Roux",
    "thumbNail": "https://static.colruytgroup.com/images/200x200/std.lang.all/62/49/asset-2796249.jpg",
    "fullImage": "https://static.colruytgroup.com/images/500x500/std.lang.all/62/49/asset-2796249.jpg",
    "squareImage": "https://static.colruytgroup.com/images/500x500sq/std.lang.all/62/49/asset-2796249.jpg",
    "content": "250g",
    "walkRouteSequenceNumber": 9702,
    "price": {
      "basicPrice": 3.15,
      "recommendedQuantity": "2.0",
      "measurementUnitPrice": 12.6,
      "measurementUnit": "K",
      "isRedPrice": false,
      "pricePerUOM": 12.6,
      "activationDate": "27-01-2024",
      "recordSource": "Offline",
      "isPromoActive": "N",
      "priceChangeCode": "H"
    },
    "isAvailable": true,
    "isPriceAvailable": true,
    "inPromo": false,
    "gtin": [
      "05400141149302",
      "08711100180104",
      "08711100080107"
    ],
    "topCategoryName": "Kruidenierswaren/Droge voeding",
    "topCategoryId": "233",
    "businessDomain": "RETAIL_BE",
    "IsPrivateLabel": false,
    "IsBiffe": false,
    "WeightconversionFactor": "0",
    "IsWeightArticle": false,
    "nutriscoreLabel": "D",
    "IsBio": false,
    "CountryOfOrigin": "DUITSLAND",
    "IsExclusivelySoldInLuxembourg": false,
    "OrderUnit": "P",
    "ShortName": "MAIZENA ROUX WIT 250GR",
    "IsNew": false,
    "EcoscoreLabel": "B",
    "RecentQuanityOfStockUnits": "1,2,16",
    "LongName": "MAIZENA ROUX bindmiddel wit 250g",
    "AlcoholVolume": "0",
    "FicCode": "E",
    "EcoscoreValue": "73"
  },
  {
    "productId": "60525",
    "technicalArticleNumber": "2391072",
    "commercialArticleNumber": "34018",
    "name": "Finesse bouillon pasta/rijst",
    "description": "*Bouillonblokjes\n*Vegetarisch\n*Makkelijk doseren\n*Vetarm\n*Aromatisch kruid",
    "brand": "KNORR",
    "seoBrand": "Knorr",
    "thumbNail": "https://static.colruytgroup.com/images/200x200/std.lang.all/48/06/asset-2794806.jpg",
    "fullImage": "https://static.colruytgroup.com/images/500x500/std.lang.all/48/06/asset-2794806.jpg",
    "squareImage": "https://static.colruytgroup.com/images/500x500sq/std.lang.all/48/06/asset-2794806.jpg",
    "content": "120g",
    "walkRouteSequenceNumber": 6540,
    "price": {
      "basicPrice": 2.73,
      "recommendedQuantity": "3.0",
      "measurementUnitPrice": 22.75,
      "measurementUnit": "K",
      "isRedPrice": false,
      "pricePerUOM": 22.75,
      "activationDate": "13-03-2024",
      "recordSource": "Offline",
      "isPromoActive": "N",
      "priceChangeCode": "H"
    },
    "isAvailable": true,
    "isPriceAvailable": true,
    "inPromo": false,
    "gtin": [
      "08718114874661",
      "08718114981956",
      "05400141340181",
      "08720182671332",
      "08720182671325"
    ],
    "topCategoryName": "Kruidenierswaren/Droge voeding",
    "topCategoryId": "233",
    "businessDomain": "RETAIL_BE",
    "IsPrivateLabel": false,
    "IsBiffe": false,
    "WeightconversionFactor": "0",
    "IsWeightArticle": false,
    "nutriscoreLabel": "C",
    "IsBio": false,
    "CountryOfOrigin": "PORTUGAL",
    "IsExclusivelySoldInLuxembourg": false,
    "OrderUnit": "P",
    "ShortName": "KN FINES PASTA-RIJST 12",
    "IsNew": false,
    "EcoscoreLabel": "B",
    "RecentQuanityOfStockUnits": "1,3,12,1",
    "LongName": "KNORR Finesse bouillon pasta/rijst 120g",
    "AlcoholVolume": "0",
    "FicCode": "E",
    "EcoscoreValue": "79"
  },
  {
    "productId": "742545",
    "technicalArticleNumber": "4508691",
    "commercialArticleNumber": "28142",
    "name": "halfgedroogde tomaten gemar.",
    "description": "*Halfgedroogde\ncheritos tomaten,\ngemarineerd zachte\nsmaak",
    "brand": "BONI",
    "seoBrand": "Boni Selection",
    "thumbNail": "https://static.colruytgroup.com/images/200x200/std.lang.all/51/54/asset-2855154.jpg",
    "fullImage": "https://static.colruytgroup.com/images/500x500/std.lang.all/51/54/asset-2855154.jpg",
    "squareImage": "https://static.colruytgroup.com/images/500x500sq/std.lang.all/51/54/asset-2855154.jpg",
    "content": "200g",
    "walkRouteSequenceNumber": 7664,
    "price": {
      "basicPrice": 3.29,
      "recommendedQuantity": "1.0",
      "quantityPrice": 3.03,
      "quantityPriceQuantity": "3.0",
      "measurementUnitPrice": 16.45,
      "measurementUnitQuantityPrice": 15.15,
      "measurementUnit": "K",
      "isRedPrice": false,
      "pricePerUOM": 16.45,
      "activationDate": "17-11-2023",
      "isPromoActive": "N",
      "priceChangeCode": "E",
      "quantityPricePerUOM": 15.15,
      "quantityActivationDate": "17-11-2023",
      "quantityPriceChangeCode": "E"
    },
    "isAvailable": true,
    "isPriceAvailable": true,
    "inPromo": false,
    "gtin": [
      "05400141990997"
    ],
    "topCategoryName": "Chips/Borrelhapjes",
    "topCategoryId": "306",
    "businessDomain": "RETAIL_BE",
    "IsPrivateLabel": true,
    "IsBiffe": false,
    "WeightconversionFactor": "0",
    "IsWeightArticle": false,
    "nutriscoreLabel": "D",
    "IsBio": false,
    "CountryOfOrigin": "BELGIË",
    "IsExclusivelySoldInLuxembourg": false,
    "OrderUnit": "P",
    "ShortName": "BONI CHERITOS 200G",
    "IsNew": false,
    "EcoscoreLabel": "D",
    "RecentQuanityOfStockUnits": "1",
    "LongName": "BONI halfgedroogde tomaten gemar. 200g",
    "AlcoholVolume": "0",
    "FicCode": "I",
    "EcoscoreValue": "21"
  },
  {
    "productId": "881096",
    "technicalArticleNumber": "4738451",
    "commercialArticleNumber": "32380",
    "name": "Linguine n°182",
    "brand": "GRANORO",
    "seoBrand": "Granoro",
    "thumbNail": "https://static.colruytgroup.com/images/200x200/std.lang.all/08/88/asset-3320888.jpg",
    "fullImage": "https://static.colruytgroup.com/images/500x500/std.lang.all/08/88/asset-3320888.jpg",
    "squareImage": "https://static.colruytgroup.com/images/500x500sq/std.lang.all/08/88/asset-3320888.jpg",
    "content": "500g",
    "walkRouteSequenceNumber": 8355,
    "price": {
      "basicPrice": 1.39,
      "recommendedQuantity": "1.0",
      "measurementUnitPrice": 2.78,
      "measurementUnit": "K",
      "isRedPrice": false,
      "pricePerUOM": 2.78,
      "activationDate": "18-10-2023",
      "isPromoActive": "N",
      "priceChangeCode": "L"
    },
    "isAvailable": true,
    "isPriceAvailable": true,
    "inPromo": false,
    "gtin": [
      "18007290341829",
      "08007290931825"
    ],
    "topCategoryName": "Kruidenierswaren/Droge voeding",
    "topCategoryId": "233",
    "businessDomain": "RETAIL_BE",
    "IsPrivateLabel": false,
    "IsBiffe": false,
    "WeightconversionFactor": "0",
    "IsWeightArticle": false,
    "IsBio": false,
    "CountryOfOrigin": "ITALIË",
    "IsExclusivelySoldInLuxembourg": false,
    "OrderUnit": "P",
    "ShortName": "GRANO LINGUINE N182 500",
    "IsNew": false,
    "RecentQuanityOfStockUnits": "1,20",
    "LongName": "GRANORO Linguine n°182 500g",
    "AlcoholVolume": "0",
    "FicCode": "E"
  },
  {
    "productId": "60525",
    "technicalArticleNumber": "2391072",
    "commercialArticleNumber": "34018",
    "name": "Finesse bouillon pasta/rijst",
    "description": "*Bouillonblokjes\n*Vegetarisch\n*Makkelijk doseren\n*Vetarm\n*Aromatisch kruid",
    "brand": "KNORR",
    "seoBrand": "Knorr",
    "thumbNail": "https://static.colruytgroup.com/images/200x200/std.lang.all/48/06/asset-2794806.jpg",
    "fullImage": "https://static.colruytgroup.com/images/500x500/std.lang.all/48/06/asset-2794806.jpg",
    "squareImage": "https://static.colruytgroup.com/images/500x500sq/std.lang.all/48/06/asset-2794806.jpg",
    "content": "120g",
    "walkRouteSequenceNumber": 6540,
    "price": {
      "basicPrice": 2.73,
      "recommendedQuantity": "3.0",
      "measurementUnitPrice": 22.75,
      "measurementUnit": "K",
      "isRedPrice": false,
      "pricePerUOM": 22.75,
      "activationDate": "13-03-2024",
      "recordSource": "Offline",
      "isPromoActive": "N",
      "priceChangeCode": "H"
    },
    "isAvailable": true,
    "isPriceAvailable": true,
    "inPromo": false,
    "gtin": [
      "08718114874661",
      "08718114981956",
      "05400141340181",
      "08720182671332",
      "08720182671325"
    ],
    "topCategoryName": "Kruidenierswaren/Droge voeding",
    "topCategoryId": "233",
    "businessDomain": "RETAIL_BE",
    "IsPrivateLabel": false,
    "IsBiffe": false,
    "WeightconversionFactor": "0",
    "IsWeightArticle": false,
    "nutriscoreLabel": "C",
    "IsBio": false,
    "CountryOfOrigin": "PORTUGAL",
    "IsExclusivelySoldInLuxembourg": false,
    "OrderUnit": "P",
    "ShortName": "KN FINES PASTA-RIJST 12",
    "IsNew": false,
    "EcoscoreLabel": "B",
    "RecentQuanityOfStockUnits": "1,3,12,1",
    "LongName": "KNORR Finesse bouillon pasta/rijst 120g",
    "AlcoholVolume": "0",
    "FicCode": "E",
    "EcoscoreValue": "79"
  },
  {
    "productId": "225538",
    "technicalArticleNumber": "3565899",
    "commercialArticleNumber": "13599",
    "name": "Belgian pickles",
    "brand": "BONI",
    "seoBrand": "Boni Selection",
    "thumbNail": "https://static.colruytgroup.com/images/200x200/std.lang.all/88/93/asset-2318893.jpg",
    "fullImage": "https://static.colruytgroup.com/images/500x500/std.lang.all/88/93/asset-2318893.jpg",
    "squareImage": "https://static.colruytgroup.com/images/500x500sq/std.lang.all/88/93/asset-2318893.jpg",
    "content": "350g",
    "walkRouteSequenceNumber": 8241,
    "price": {
      "basicPrice": 1.29,
      "recommendedQuantity": "1.0",
      "measurementUnitPrice": 3.69,
      "measurementUnit": "K",
      "isRedPrice": false,
      "pricePerUOM": 3.69,
      "activationDate": "27-12-2023",
      "recordSource": "Offline",
      "isPromoActive": "N",
      "priceChangeCode": "H"
    },
    "isAvailable": true,
    "isPriceAvailable": true,
    "inPromo": false,
    "gtin": [
      "05400141460650",
      "15400141975687",
      "05400141405378",
      "05400141301625"
    ],
    "topCategoryName": "Kruidenierswaren/Droge voeding",
    "topCategoryId": "233",
    "businessDomain": "RETAIL_BE",
    "IsPrivateLabel": true,
    "IsBiffe": false,
    "WeightconversionFactor": "0",
    "IsWeightArticle": false,
    "nutriscoreLabel": "C",
    "IsBio": false,
    "CountryOfOrigin": "BELGIË",
    "IsExclusivelySoldInLuxembourg": false,
    "OrderUnit": "P",
    "ShortName": "BONI BELG. PICKLES 350G",
    "IsNew": false,
    "EcoscoreLabel": "C",
    "RecentQuanityOfStockUnits": "1",
    "LongName": "BONI Belgian pickles 350g",
    "AlcoholVolume": "0",
    "FicCode": "I",
    "EcoscoreValue": "53"
  },
  {
    "productId": "218822",
    "technicalArticleNumber": "3484062",
    "commercialArticleNumber": "50497",
    "name": "gemalen komijn",
    "brand": "BONI",
    "seoBrand": "Boni Selection",
    "thumbNail": "https://static.colruytgroup.com/images/200x200/std.lang.all/35/23/asset-3153523.jpg",
    "fullImage": "https://static.colruytgroup.com/images/500x500/std.lang.all/35/23/asset-3153523.jpg",
    "squareImage": "https://static.colruytgroup.com/images/500x500sq/std.lang.all/35/23/asset-3153523.jpg",
    "content": "35g",
    "walkRouteSequenceNumber": 6393,
    "price": {
      "basicPrice": 1.54,
      "recommendedQuantity": "1.0",
      "measurementUnitPrice": 44,
      "measurementUnit": "K",
      "isRedPrice": false,
      "pricePerUOM": 44,
      "activationDate": "09-03-2024",
      "recordSource": "Offline",
      "isPromoActive": "N",
      "priceChangeCode": "L"
    },
    "isAvailable": true,
    "isPriceAvailable": true,
    "inPromo": false,
    "gtin": [
      "25400141126239",
      "05400141383355",
      "05400141126235",
      "05400141127669",
      "15400141640936",
      "05400141640939"
    ],
    "topCategoryName": "Kruidenierswaren/Droge voeding",
    "topCategoryId": "233",
    "businessDomain": "RETAIL_BE",
    "IsPrivateLabel": true,
    "IsBiffe": false,
    "WeightconversionFactor": "0",
    "IsWeightArticle": false,
    "nutriscoreLabel": "A",
    "IsBio": false,
    "CountryOfOrigin": "TURKIJE",
    "IsExclusivelySoldInLuxembourg": false,
    "OrderUnit": "P",
    "ShortName": "BONI GEMALEN KOMIJN 35G",
    "IsNew": false,
    "EcoscoreLabel": "D",
    "RecentQuanityOfStockUnits": "1",
    "LongName": "BONI gemalen komijn 35g",
    "AlcoholVolume": "0",
    "FicCode": "I",
    "EcoscoreValue": "29"
  },
  {
    "productId": "4090",
    "technicalArticleNumber": "1007496",
    "commercialArticleNumber": "13435",
    "name": "uitjes zoetzuur",
    "description": "Witte uitjes met zoetzure opgiet.",
    "brand": "BONI",
    "seoBrand": "Boni Selection",
    "thumbNail": "https://static.colruytgroup.com/images/200x200/std.lang.all/83/72/asset-3028372.jpg",
    "fullImage": "https://static.colruytgroup.com/images/500x500/std.lang.all/83/72/asset-3028372.jpg",
    "squareImage": "https://static.colruytgroup.com/images/500x500sq/std.lang.all/83/72/asset-3028372.jpg",
    "content": "650g",
    "walkRouteSequenceNumber": 16354,
    "price": {
      "basicPrice": 1.46,
      "recommendedQuantity": "1.0",
      "measurementUnitPrice": 3.95,
      "measurementUnit": "K",
      "isRedPrice": false,
      "pricePerUOM": 3.95,
      "activationDate": "13-02-2024",
      "recordSource": "Offline",
      "isPromoActive": "N",
      "priceChangeCode": "E"
    },
    "isAvailable": true,
    "isPriceAvailable": true,
    "inPromo": false,
    "gtin": [
      "05400141034301",
      "05400141352979",
      "15400141352976",
      "15400141837992",
      "05400141407563",
      "05400141134353",
      "05400141055146"
    ],
    "topCategoryName": "Kruidenierswaren/Droge voeding",
    "topCategoryId": "233",
    "businessDomain": "RETAIL_BE",
    "IsPrivateLabel": true,
    "IsBiffe": false,
    "WeightconversionFactor": "0",
    "IsWeightArticle": false,
    "nutriscoreLabel": "A",
    "IsBio": false,
    "CountryOfOrigin": "NEDERLAND",
    "IsExclusivelySoldInLuxembourg": false,
    "OrderUnit": "P",
    "ShortName": "BONI ZOETZURE UI 650G",
    "InSeason": true,
    "IsNew": false,
    "EcoscoreLabel": "A",
    "RecentQuanityOfStockUnits": "1,12",
    "LongName": "BONI uitjes zoetzuur 650g",
    "AlcoholVolume": "0",
    "StartSeasonDate": "05/08/2008",
    "FicCode": "I",
    "EcoscoreValue": "100"
  },
  {
    "productId": "109444",
    "technicalArticleNumber": "3153602",
    "commercialArticleNumber": "8272",
    "name": "rijstpap vanille blik",
    "description": "Rijstpap. Kan zowel koud als warm\ngegeten worden, met bruine suiker,\nfruit, confituur, chocolade enz.",
    "brand": "EVERYDAY",
    "seoBrand": "Everyday",
    "thumbNail": "https://static.colruytgroup.com/images/200x200/nl_be/30/95/asset-1113095.jpg",
    "fullImage": "https://static.colruytgroup.com/images/500x500/nl_be/30/95/asset-1113095.jpg",
    "squareImage": "https://static.colruytgroup.com/images/500x500sq/nl_be/30/95/asset-1113095.jpg",
    "content": "400g",
    "walkRouteSequenceNumber": 9583,
    "price": {
      "basicPrice": 0.89,
      "recommendedQuantity": "1.0",
      "measurementUnitPrice": 2.23,
      "measurementUnit": "K",
      "isRedPrice": false,
      "pricePerUOM": 2.23,
      "activationDate": "16-02-2023",
      "recordSource": "Offline",
      "isPromoActive": "N",
      "priceChangeCode": "H"
    },
    "isAvailable": true,
    "isPriceAvailable": true,
    "inPromo": false,
    "gtin": [
      "15400141922278",
      "05400141163957"
    ],
    "topCategoryName": "Kruidenierswaren/Droge voeding",
    "topCategoryId": "233",
    "businessDomain": "RETAIL_BE",
    "IsPrivateLabel": true,
    "IsBiffe": false,
    "WeightconversionFactor": "0",
    "IsWeightArticle": false,
    "nutriscoreLabel": "C",
    "IsBio": false,
    "CountryOfOrigin": "BELGIË",
    "IsExclusivelySoldInLuxembourg": false,
    "OrderUnit": "P",
    "ShortName": "EVD RIJSTPAP VAN 400G",
    "IsNew": false,
    "EcoscoreLabel": "A",
    "RecentQuanityOfStockUnits": "12,1",
    "LongName": "EVERYDAY rijstpap vanille blik 400g",
    "AlcoholVolume": "0",
    "FicCode": "I",
    "EcoscoreValue": "89"
  },
  {
    "productId": "51036",
    "technicalArticleNumber": "2344114",
    "commercialArticleNumber": "18169",
    "name": "groene olijven kaasblokjes",
    "description": "*Groen\n*Ontpit\n*Griekenland\n*Met kaasblokjes",
    "brand": "BONI",
    "seoBrand": "Boni Selection",
    "thumbNail": "https://static.colruytgroup.com/images/200x200/std.lang.all/16/14/asset-2741614.jpg",
    "fullImage": "https://static.colruytgroup.com/images/500x500/std.lang.all/16/14/asset-2741614.jpg",
    "squareImage": "https://static.colruytgroup.com/images/500x500sq/std.lang.all/16/14/asset-2741614.jpg",
    "content": "400g",
    "walkRouteSequenceNumber": 7693,
    "price": {
      "basicPrice": 5.49,
      "recommendedQuantity": "1.0",
      "measurementUnitPrice": 13.73,
      "measurementUnit": "K",
      "isRedPrice": false,
      "pricePerUOM": 13.73,
      "activationDate": "17-02-2024",
      "recordSource": "Offline",
      "isPromoActive": "N",
      "priceChangeCode": "E"
    },
    "isAvailable": true,
    "isPriceAvailable": true,
    "inPromo": false,
    "gtin": [
      "05400141039382",
      "05400141088908",
      "15400141387459",
      "05400141090734",
      "05400141387452",
      "05400141705935",
      "05400141461404",
      "05400141938036",
      "15400141997054"
    ],
    "topCategoryName": "Chips/Borrelhapjes",
    "topCategoryId": "306",
    "businessDomain": "RETAIL_BE",
    "IsPrivateLabel": true,
    "IsBiffe": false,
    "WeightconversionFactor": "0",
    "IsWeightArticle": false,
    "nutriscoreLabel": "D",
    "IsBio": false,
    "CountryOfOrigin": "GRIEKENLAND",
    "IsExclusivelySoldInLuxembourg": false,
    "OrderUnit": "P",
    "ShortName": "BONI GR.OLI.KAAS.400G",
    "IsNew": false,
    "EcoscoreLabel": "A",
    "RecentQuanityOfStockUnits": "1",
    "LongName": "BONI groene olijven kaasblokjes 400g",
    "AlcoholVolume": "0",
    "FicCode": "I",
    "EcoscoreValue": "94"
  },
  {
    "productId": "901",
    "technicalArticleNumber": "13671",
    "commercialArticleNumber": "13671",
    "name": "saus andalouse",
    "brand": "LA WILLIAM",
    "seoBrand": "La William",
    "thumbNail": "https://static.colruytgroup.com/images/200x200/std.lang.all/03/24/asset-530324.jpg",
    "fullImage": "https://static.colruytgroup.com/images/500x500/std.lang.all/03/24/asset-530324.jpg",
    "squareImage": "https://static.colruytgroup.com/images/500x500sq/std.lang.all/03/24/asset-530324.jpg",
    "content": "650ml",
    "walkRouteSequenceNumber": 8155,
    "price": {
      "basicPrice": 5.39,
      "recommendedQuantity": "1.0",
      "measurementUnitPrice": 8.3,
      "measurementUnit": "L",
      "isRedPrice": false,
      "pricePerUOM": 8.3,
      "activationDate": "01-12-2023",
      "isPromoActive": "N",
      "priceChangeCode": "H"
    },
    "isAvailable": true,
    "isPriceAvailable": true,
    "inPromo": false,
    "gtin": [
      "05410426008606",
      "05410426008613"
    ],
    "topCategoryName": "Kruidenierswaren/Droge voeding",
    "topCategoryId": "233",
    "businessDomain": "RETAIL_BE",
    "IsPrivateLabel": false,
    "IsBiffe": false,
    "WeightconversionFactor": "0",
    "IsWeightArticle": false,
    "nutriscoreLabel": "E",
    "IsBio": false,
    "CountryOfOrigin": "BELGIË",
    "IsExclusivelySoldInLuxembourg": false,
    "OrderUnit": "P",
    "ShortName": "WILLIAM ANDALOUSE 650ML",
    "IsNew": false,
    "EcoscoreLabel": "B",
    "RecentQuanityOfStockUnits": "1,6",
    "LongName": "LA WILLIAM saus andalouse 650ml",
    "AlcoholVolume": "0",
    "FicCode": "E",
    "EcoscoreValue": "65"
  },
  {
    "productId": "778742",
    "technicalArticleNumber": "4572392",
    "commercialArticleNumber": "28565",
    "name": "noodles barbecue cup",
    "description": "*Instant noedels met\n*Barbecuesmaak",
    "brand": "AIKI",
    "seoBrand": "Aïki",
    "thumbNail": "https://static.colruytgroup.com/images/200x200/std.lang.all/36/95/asset-3353695.jpg",
    "fullImage": "https://static.colruytgroup.com/images/500x500/std.lang.all/36/95/asset-3353695.jpg",
    "squareImage": "https://static.colruytgroup.com/images/500x500sq/std.lang.all/36/95/asset-3353695.jpg",
    "content": "67g",
    "walkRouteSequenceNumber": 17031,
    "price": {
      "basicPrice": 1.49,
      "recommendedQuantity": "1.0",
      "measurementUnitPrice": 22.24,
      "measurementUnit": "K",
      "isRedPrice": false,
      "pricePerUOM": 22.24,
      "activationDate": "11-03-2024",
      "recordSource": "Offline",
      "isPromoActive": "N",
      "priceChangeCode": "E"
    },
    "isAvailable": true,
    "isPriceAvailable": true,
    "inPromo": false,
    "gtin": [
      "05414972130408",
      "05414972730400"
    ],
    "topCategoryName": "Kruidenierswaren/Droge voeding",
    "topCategoryId": "233",
    "businessDomain": "RETAIL_BE",
    "IsPrivateLabel": false,
    "IsBiffe": false,
    "WeightconversionFactor": "0",
    "IsWeightArticle": false,
    "nutriscoreLabel": "C",
    "IsBio": false,
    "CountryOfOrigin": "HONGARIJE",
    "IsExclusivelySoldInLuxembourg": false,
    "OrderUnit": "P",
    "ShortName": "AIKI NOODLES BBQ CUP 67",
    "IsNew": false,
    "EcoscoreLabel": "B",
    "RecentQuanityOfStockUnits": "8,1",
    "LongName": "AIKI noodles barbecue cup 67g",
    "FicCode": "E",
    "EcoscoreValue": "62"
  },
  {
    "productId": "571883",
    "technicalArticleNumber": "4217934",
    "commercialArticleNumber": "13490",
    "name": "orechiette",
    "brand": "BARILLA COLLEZIONE",
    "seoBrand": "Barilla",
    "thumbNail": "https://ecgproductmw.colruytgroup.com/ecgproductmw/noPicForArticle_2.jpg",
    "fullImage": "https://ecgproductmw.colruytgroup.com/ecgproductmw/noPicForArticle_5.jpg",
    "squareImage": "https://ecgproductmw.colruytgroup.com/ecgproductmw/noPicForArticle_5.jpg",
    "content": "500g",
    "walkRouteSequenceNumber": 8218,
    "price": {
      "basicPrice": 2.12,
      "recommendedQuantity": "1.0",
      "measurementUnitPrice": 4.24,
      "measurementUnit": "K",
      "isRedPrice": false,
      "pricePerUOM": 4.24,
      "activationDate": "12-03-2024",
      "isPromoActive": "N",
      "priceChangeCode": "L"
    },
    "isAvailable": true,
    "isPriceAvailable": true,
    "inPromo": false,
    "gtin": [
      "08076809519977",
      "08076809072670"
    ],
    "topCategoryName": "Kruidenierswaren/Droge voeding",
    "topCategoryId": "233",
    "businessDomain": "RETAIL_BE",
    "IsPrivateLabel": false,
    "IsBiffe": false,
    "WeightconversionFactor": "0",
    "IsWeightArticle": false,
    "nutriscoreLabel": "A",
    "IsBio": false,
    "CountryOfOrigin": "ITALIË",
    "IsExclusivelySoldInLuxembourg": false,
    "OrderUnit": "P",
    "ShortName": "BARI COLLEZ.ORECHIET500",
    "IsNew": false,
    "EcoscoreLabel": "B",
    "RecentQuanityOfStockUnits": "1,12",
    "LongName": "BARILLA COLLEZIONE orechiette 500g",
    "FicCode": "E",
    "EcoscoreValue": "60"
  },
  {
    "productId": "39231",
    "technicalArticleNumber": "1789372",
    "commercialArticleNumber": "13278",
    "name": "mayo eieren light TD",
    "description": "*50% minder vet",
    "brand": "DEVOS LEMMENS",
    "seoBrand": "Devos Lemmens",
    "thumbNail": "https://static.colruytgroup.com/images/200x200/std.lang.all/86/36/asset-1228636.jpg",
    "fullImage": "https://static.colruytgroup.com/images/500x500/std.lang.all/86/36/asset-1228636.jpg",
    "squareImage": "https://static.colruytgroup.com/images/500x500sq/std.lang.all/86/36/asset-1228636.jpg",
    "content": "450ml",
    "walkRouteSequenceNumber": 8077,
    "price": {
      "basicPrice": 3,
      "recommendedQuantity": "1.0",
      "measurementUnitPrice": 6.67,
      "measurementUnit": "L",
      "isRedPrice": false,
      "pricePerUOM": 6.67,
      "activationDate": "19-03-2024",
      "recordSource": "Folder",
      "isPromoActive": "N",
      "priceChangeCode": "L"
    },
    "isAvailable": true,
    "isPriceAvailable": true,
    "inPromo": true,
    "promotion": [
      {
        "techPromoId": "100877COLR",
        "promotionId": "100877",
        "promotionType": "3",
        "isPersonalized": "N",
        "publicationStartDate": "13-03-2024",
        "publicationEndDate": "26-03-2024"
      }
    ],
    "gtin": [
      "05410056195356",
      "05410056795358"
    ],
    "topCategoryName": "Kruidenierswaren/Droge voeding",
    "topCategoryId": "233",
    "businessDomain": "RETAIL_BE",
    "IsPrivateLabel": false,
    "IsBiffe": false,
    "WeightconversionFactor": "0",
    "IsWeightArticle": false,
    "nutriscoreLabel": "D",
    "IsBio": false,
    "CountryOfOrigin": "BELGIË",
    "IsExclusivelySoldInLuxembourg": false,
    "OrderUnit": "P",
    "ShortName": "DVL MAYO LIGHT EI TD450",
    "IsNew": false,
    "EcoscoreLabel": "D",
    "RecentQuanityOfStockUnits": "1",
    "LongName": "DEVOS LEMMENS mayo eieren light TD 450ml",
    "AlcoholVolume": "0",
    "FicCode": "E",
    "EcoscoreValue": "34"
  },
  {
    "productId": "138642",
    "technicalArticleNumber": "3202554",
    "commercialArticleNumber": "15792",
    "name": "rijst basmati kookbuiltjes",
    "description": "*Kookbuiltjes\n*kooktijd:10 minuten",
    "brand": "BONI",
    "seoBrand": "Boni Selection",
    "thumbNail": "https://static.colruytgroup.com/images/200x200/std.lang.all/55/30/asset-3205530.jpg",
    "fullImage": "https://static.colruytgroup.com/images/500x500/std.lang.all/55/30/asset-3205530.jpg",
    "squareImage": "https://static.colruytgroup.com/images/500x500sq/std.lang.all/55/30/asset-3205530.jpg",
    "content": "5x200g",
    "walkRouteSequenceNumber": 8314,
    "price": {
      "basicPrice": 3.49,
      "recommendedQuantity": "1.0",
      "measurementUnitPrice": 3.49,
      "measurementUnit": "K",
      "isRedPrice": false,
      "pricePerUOM": 3.49,
      "activationDate": "09-11-2023",
      "isPromoActive": "N",
      "priceChangeCode": "H"
    },
    "isAvailable": true,
    "isPriceAvailable": true,
    "inPromo": false,
    "gtin": [
      "05400141184594",
      "05400141312225",
      "05400141240962",
      "15400141312222",
      "05400141380118"
    ],
    "topCategoryName": "Kruidenierswaren/Droge voeding",
    "topCategoryId": "233",
    "businessDomain": "RETAIL_BE",
    "IsPrivateLabel": true,
    "IsBiffe": false,
    "WeightconversionFactor": "0",
    "IsWeightArticle": false,
    "nutriscoreLabel": "B",
    "IsBio": false,
    "CountryOfOrigin": "PAKISTAN",
    "IsExclusivelySoldInLuxembourg": false,
    "OrderUnit": "P",
    "ShortName": "BONI KOOKB BASM 5X200GR",
    "IsNew": false,
    "EcoscoreLabel": "E",
    "RecentQuanityOfStockUnits": "1",
    "LongName": "BONI rijst basmati kookbuiltjes 5x200g",
    "AlcoholVolume": "0",
    "FicCode": "I",
    "EcoscoreValue": "8"
  },
  {
    "productId": "62612",
    "technicalArticleNumber": "2793726",
    "commercialArticleNumber": "19706",
    "name": "chocoladedruppels",
    "brand": "BONI",
    "seoBrand": "Boni Selection",
    "thumbNail": "https://static.colruytgroup.com/images/200x200/std.lang.all/67/87/asset-1906787.jpg",
    "fullImage": "https://static.colruytgroup.com/images/500x500/std.lang.all/67/87/asset-1906787.jpg",
    "squareImage": "https://static.colruytgroup.com/images/500x500sq/std.lang.all/67/87/asset-1906787.jpg",
    "content": "350g",
    "walkRouteSequenceNumber": 9427,
    "price": {
      "basicPrice": 6.69,
      "recommendedQuantity": "1.0",
      "measurementUnitPrice": 19.12,
      "measurementUnit": "K",
      "isRedPrice": false,
      "pricePerUOM": 19.12,
      "activationDate": "22-03-2024",
      "recordSource": "Offline",
      "isPromoActive": "N",
      "priceChangeCode": "L"
    },
    "isAvailable": true,
    "isPriceAvailable": true,
    "inPromo": false,
    "gtin": [
      "05400141124354",
      "05400141197068",
      "05400141277043",
      "15400141277040"
    ],
    "topCategoryName": "Kruidenierswaren/Droge voeding",
    "topCategoryId": "233",
    "businessDomain": "RETAIL_BE",
    "IsPrivateLabel": true,
    "IsBiffe": false,
    "WeightconversionFactor": "0",
    "IsWeightArticle": false,
    "nutriscoreLabel": "E",
    "IsBio": false,
    "CountryOfOrigin": "BELGIË",
    "IsExclusivelySoldInLuxembourg": false,
    "OrderUnit": "P",
    "ShortName": "BONI CHOCOLA DRUP 350G",
    "IsNew": false,
    "EcoscoreLabel": "C",
    "RecentQuanityOfStockUnits": "1",
    "LongName": "BONI chocoladedruppels 350g",
    "AlcoholVolume": "0",
    "FicCode": "I",
    "EcoscoreValue": "54"
  },
  {
    "productId": "83400",
    "technicalArticleNumber": "2935810",
    "commercialArticleNumber": "38745",
    "name": "stropkes",
    "description": "Lichtbruine mosterd",
    "brand": "FERDINAND TIERENTEYN",
    "seoBrand": "Tierenteyn",
    "thumbNail": "https://static.colruytgroup.com/images/200x200/std.lang.all/31/37/asset-353137.jpg",
    "fullImage": "https://static.colruytgroup.com/images/500x500/std.lang.all/31/37/asset-353137.jpg",
    "squareImage": "https://static.colruytgroup.com/images/500x500sq/std.lang.all/31/37/asset-353137.jpg",
    "content": "200g",
    "walkRouteSequenceNumber": 8245,
    "price": {
      "basicPrice": 1.49,
      "recommendedQuantity": "1.0",
      "measurementUnitPrice": 7.45,
      "measurementUnit": "K",
      "isRedPrice": false,
      "pricePerUOM": 7.45,
      "activationDate": "21-03-2024",
      "isPromoActive": "N",
      "priceChangeCode": "H"
    },
    "isAvailable": true,
    "isPriceAvailable": true,
    "inPromo": false,
    "gtin": [
      "05410823000128",
      "05410823100125"
    ],
    "topCategoryName": "Kruidenierswaren/Droge voeding",
    "topCategoryId": "233",
    "businessDomain": "RETAIL_BE",
    "IsPrivateLabel": false,
    "IsBiffe": false,
    "WeightconversionFactor": "0",
    "IsWeightArticle": false,
    "nutriscoreLabel": "D",
    "IsBio": false,
    "CountryOfOrigin": "BELGIË",
    "IsExclusivelySoldInLuxembourg": false,
    "OrderUnit": "P",
    "ShortName": "RE FERD STR.MOST.200G",
    "IsNew": false,
    "EcoscoreLabel": "C",
    "RecentQuanityOfStockUnits": "1",
    "LongName": "FERDINAND TIERENTEYN stropkes 200g",
    "AlcoholVolume": "0",
    "FicCode": "E",
    "EcoscoreValue": "54"
  },
  {
    "productId": "102",
    "technicalArticleNumber": "13567",
    "commercialArticleNumber": "13567",
    "name": "kruiden harissa",
    "brand": "PHARE DU CAP BON",
    "seoBrand": "Phare Du Cap Bon",
    "thumbNail": "https://static.colruytgroup.com/images/200x200/std.lang.all/89/33/asset-858933.jpg",
    "fullImage": "https://static.colruytgroup.com/images/500x500/std.lang.all/89/33/asset-858933.jpg",
    "squareImage": "https://static.colruytgroup.com/images/500x500sq/std.lang.all/89/33/asset-858933.jpg",
    "content": "70g",
    "walkRouteSequenceNumber": 6492,
    "price": {
      "basicPrice": 0.89,
      "recommendedQuantity": "1.0",
      "measurementUnitPrice": 12.72,
      "measurementUnit": "K",
      "isRedPrice": false,
      "pricePerUOM": 12.72,
      "activationDate": "14-11-2023",
      "recordSource": "Offline",
      "isPromoActive": "N",
      "priceChangeCode": "E"
    },
    "isAvailable": true,
    "isPriceAvailable": true,
    "inPromo": false,
    "gtin": [
      "05410385800488",
      "26194049100048",
      "06194049100044"
    ],
    "topCategoryName": "Kruidenierswaren/Droge voeding",
    "topCategoryId": "233",
    "businessDomain": "RETAIL_BE",
    "IsPrivateLabel": false,
    "IsBiffe": false,
    "WeightconversionFactor": "0",
    "IsWeightArticle": false,
    "IsBio": false,
    "CountryOfOrigin": "BELGIË",
    "IsExclusivelySoldInLuxembourg": false,
    "OrderUnit": "P",
    "ShortName": "CAP BON HARISSA TUBE 70",
    "InSeason": true,
    "IsNew": false,
    "EcoscoreLabel": "B",
    "RecentQuanityOfStockUnits": "12,1,12",
    "LongName": "PHARE DU CAP BON kruiden harissa 70g",
    "AlcoholVolume": "0",
    "StartSeasonDate": "08/01/2016",
    "FicCode": "E",
    "EcoscoreValue": "74"
  },
  {
    "productId": "10184",
    "technicalArticleNumber": "1127295",
    "commercialArticleNumber": "13618",
    "name": "saus andalouse",
    "brand": "LA WILLIAM",
    "seoBrand": "La William",
    "thumbNail": "https://static.colruytgroup.com/images/200x200/std.lang.all/30/37/asset-1323037.jpg",
    "fullImage": "https://static.colruytgroup.com/images/500x500/std.lang.all/30/37/asset-1323037.jpg",
    "squareImage": "https://static.colruytgroup.com/images/500x500sq/std.lang.all/30/37/asset-1323037.jpg",
    "content": "300ml",
    "walkRouteSequenceNumber": 8157,
    "price": {
      "basicPrice": 3.39,
      "recommendedQuantity": "1.0",
      "quantityPrice": 2.59,
      "quantityPriceQuantity": "2.0",
      "measurementUnitPrice": 11.3,
      "measurementUnitQuantityPrice": 8.64,
      "measurementUnit": "L",
      "isRedPrice": false,
      "pricePerUOM": 11.3,
      "activationDate": "20-03-2024",
      "recordSource": "Offline",
      "isPromoActive": "N",
      "priceChangeCode": "E",
      "quantityPricePerUOM": 8.64,
      "quantityActivationDate": "20-03-2024",
      "quantityPriceChangeCode": "L"
    },
    "isAvailable": true,
    "isPriceAvailable": true,
    "inPromo": false,
    "gtin": [
      "05410426007265",
      "05410426007241"
    ],
    "topCategoryName": "Kruidenierswaren/Droge voeding",
    "topCategoryId": "233",
    "businessDomain": "RETAIL_BE",
    "IsPrivateLabel": false,
    "IsBiffe": false,
    "WeightconversionFactor": "0",
    "IsWeightArticle": false,
    "nutriscoreLabel": "E",
    "IsBio": false,
    "CountryOfOrigin": "BELGIË",
    "IsExclusivelySoldInLuxembourg": false,
    "OrderUnit": "P",
    "ShortName": "WILLIAM ANDALOUSE 300ML",
    "IsNew": false,
    "EcoscoreLabel": "B",
    "RecentQuanityOfStockUnits": "1,12",
    "LongName": "LA WILLIAM saus andalouse 300ml",
    "AlcoholVolume": "0",
    "FicCode": "E",
    "EcoscoreValue": "65"
  },
  {
    "productId": "643003",
    "technicalArticleNumber": "4337575",
    "commercialArticleNumber": "23175",
    "name": "Cracotte vezels",
    "brand": "LU",
    "seoBrand": "LU",
    "thumbNail": "https://static.colruytgroup.com/images/200x200/std.lang.all/65/63/asset-2256563.jpg",
    "fullImage": "https://static.colruytgroup.com/images/500x500/std.lang.all/65/63/asset-2256563.jpg",
    "squareImage": "https://static.colruytgroup.com/images/500x500sq/std.lang.all/65/63/asset-2256563.jpg",
    "content": "250g",
    "walkRouteSequenceNumber": 17049,
    "price": {
      "basicPrice": 2.99,
      "recommendedQuantity": "1.0",
      "measurementUnitPrice": 11.96,
      "measurementUnit": "K",
      "isRedPrice": false,
      "pricePerUOM": 11.96,
      "activationDate": "11-07-2023",
      "isPromoActive": "N",
      "priceChangeCode": "H"
    },
    "isAvailable": true,
    "isPriceAvailable": true,
    "inPromo": false,
    "gtin": [
      "07622201806293",
      "07622201806309",
      "15400141571483",
      "07622300694678",
      "07622300694708"
    ],
    "topCategoryName": "Brood/Ontbijt",
    "topCategoryId": "124",
    "businessDomain": "RETAIL_BE",
    "IsPrivateLabel": false,
    "IsBiffe": false,
    "WeightconversionFactor": "0",
    "IsWeightArticle": false,
    "nutriscoreLabel": "C",
    "IsBio": false,
    "CountryOfOrigin": "FRANKRIJK",
    "IsExclusivelySoldInLuxembourg": false,
    "OrderUnit": "P",
    "ShortName": "LU CRACOTTEN VEZELS250",
    "IsNew": false,
    "RecentQuanityOfStockUnits": "1,2,12",
    "LongName": "LU Cracotte vezels 250g",
    "FicCode": "E"
  },
  {
    "productId": "878",
    "technicalArticleNumber": "13232",
    "commercialArticleNumber": "13232",
    "name": "mayo eieren light",
    "description": "*Met scharreleieren\n*50% minder vet",
    "brand": "DEVOS LEMMENS",
    "seoBrand": "Devos Lemmens",
    "thumbNail": "https://static.colruytgroup.com/images/200x200/std.lang.all/86/83/asset-1228683.jpg",
    "fullImage": "https://static.colruytgroup.com/images/500x500/std.lang.all/86/83/asset-1228683.jpg",
    "squareImage": "https://static.colruytgroup.com/images/500x500sq/std.lang.all/86/83/asset-1228683.jpg",
    "content": "550ml",
    "walkRouteSequenceNumber": 8083,
    "price": {
      "basicPrice": 3.79,
      "recommendedQuantity": "1.0",
      "measurementUnitPrice": 6.9,
      "measurementUnit": "L",
      "isRedPrice": false,
      "pricePerUOM": 6.9,
      "activationDate": "20-12-2023",
      "recordSource": "Offline",
      "isPromoActive": "N",
      "priceChangeCode": "E"
    },
    "isAvailable": true,
    "isPriceAvailable": true,
    "inPromo": false,
    "gtin": [
      "05410056181267",
      "05410056781269"
    ],
    "topCategoryName": "Kruidenierswaren/Droge voeding",
    "topCategoryId": "233",
    "businessDomain": "RETAIL_BE",
    "IsPrivateLabel": false,
    "IsBiffe": false,
    "WeightconversionFactor": "0",
    "IsWeightArticle": false,
    "nutriscoreLabel": "D",
    "IsBio": false,
    "CountryOfOrigin": "BELGIË",
    "IsExclusivelySoldInLuxembourg": false,
    "OrderUnit": "P",
    "ShortName": "DVL MAYO LIGHT EI 550ML",
    "IsNew": false,
    "EcoscoreLabel": "D",
    "RecentQuanityOfStockUnits": "1,12",
    "LongName": "DEVOS LEMMENS mayo eieren light 550ml",
    "AlcoholVolume": "0",
    "FicCode": "E",
    "EcoscoreValue": "34"
  },
  {
    "productId": "702",
    "technicalArticleNumber": "12652",
    "commercialArticleNumber": "12652",
    "name": "Crunchy curry",
    "description": "*Kerriesoep\nmet croutons",
    "brand": "ROYCO",
    "seoBrand": "Royco Crunchy",
    "thumbNail": "https://static.colruytgroup.com/images/200x200/std.lang.all/36/77/asset-3353677.jpg",
    "fullImage": "https://static.colruytgroup.com/images/500x500/std.lang.all/36/77/asset-3353677.jpg",
    "squareImage": "https://static.colruytgroup.com/images/500x500sq/std.lang.all/36/77/asset-3353677.jpg",
    "content": "3st",
    "walkRouteSequenceNumber": 16967,
    "price": {
      "basicPrice": 1.89,
      "recommendedQuantity": "1.0",
      "measurementUnitPrice": 31.5,
      "measurementUnit": "K",
      "isRedPrice": false,
      "pricePerUOM": 31.5,
      "activationDate": "20-03-2024",
      "recordSource": "Offline",
      "isPromoActive": "N",
      "priceChangeCode": "H"
    },
    "isAvailable": true,
    "isPriceAvailable": true,
    "inPromo": true,
    "promotion": [
      {
        "techPromoId": "100866COLR",
        "promotionId": "100866",
        "promotionType": "3",
        "isPersonalized": "N",
        "publicationStartDate": "13-03-2024",
        "publicationEndDate": "26-03-2024"
      }
    ],
    "gtin": [
      "05410056187054",
      "05414972316833",
      "05414972705187"
    ],
    "topCategoryName": "Kruidenierswaren/Droge voeding",
    "topCategoryId": "233",
    "businessDomain": "RETAIL_BE",
    "IsPrivateLabel": false,
    "IsBiffe": false,
    "WeightconversionFactor": "0",
    "IsWeightArticle": false,
    "nutriscoreLabel": "C",
    "IsBio": false,
    "CountryOfOrigin": "NEDERLAND",
    "IsExclusivelySoldInLuxembourg": false,
    "OrderUnit": "P",
    "ShortName": "RMS CURRY CRUNCHY 3Z",
    "IsNew": false,
    "EcoscoreLabel": "B",
    "RecentQuanityOfStockUnits": "1,24",
    "LongName": "ROYCO Crunchy curry 3st",
    "AlcoholVolume": "0",
    "FicCode": "E",
    "EcoscoreValue": "76"
  },
  {
    "productId": "147033",
    "technicalArticleNumber": "3325136",
    "commercialArticleNumber": "32415",
    "name": "soep prei",
    "description": "* Preisoep\nKlassieker",
    "brand": "ROYCO",
    "seoBrand": "Royco",
    "thumbNail": "https://static.colruytgroup.com/images/200x200/std.lang.all/37/29/asset-3353729.jpg",
    "fullImage": "https://static.colruytgroup.com/images/500x500/std.lang.all/37/29/asset-3353729.jpg",
    "squareImage": "https://static.colruytgroup.com/images/500x500sq/std.lang.all/37/29/asset-3353729.jpg",
    "content": "4st",
    "walkRouteSequenceNumber": 16968,
    "price": {
      "basicPrice": 1.95,
      "recommendedQuantity": "1.0",
      "measurementUnitPrice": 29.55,
      "measurementUnit": "K",
      "isRedPrice": false,
      "pricePerUOM": 29.55,
      "activationDate": "20-03-2024",
      "recordSource": "Offline",
      "isPromoActive": "N",
      "priceChangeCode": "H"
    },
    "isAvailable": true,
    "isPriceAvailable": true,
    "inPromo": true,
    "promotion": [
      {
        "techPromoId": "100866COLR",
        "promotionId": "100866",
        "promotionType": "3",
        "isPersonalized": "N",
        "publicationStartDate": "13-03-2024",
        "publicationEndDate": "26-03-2024"
      }
    ],
    "gtin": [
      "05414972705125",
      "05410056786196",
      "05410056186194"
    ],
    "topCategoryName": "Kruidenierswaren/Droge voeding",
    "topCategoryId": "233",
    "businessDomain": "RETAIL_BE",
    "IsPrivateLabel": false,
    "IsBiffe": false,
    "WeightconversionFactor": "0",
    "IsWeightArticle": false,
    "nutriscoreLabel": "C",
    "IsBio": false,
    "CountryOfOrigin": "NEDERLAND",
    "IsExclusivelySoldInLuxembourg": false,
    "OrderUnit": "P",
    "ShortName": "RMS CLASSIC PREI 4 Z",
    "IsNew": false,
    "EcoscoreLabel": "B",
    "RecentQuanityOfStockUnits": "1,24",
    "LongName": "ROYCO soep prei 4st",
    "AlcoholVolume": "0",
    "FicCode": "E",
    "EcoscoreValue": "72"
  },
  {
    "productId": "803",
    "technicalArticleNumber": "13477",
    "commercialArticleNumber": "13477",
    "name": "uitjes in azijn",
    "description": "Op kaliber en kleur gesorteerde\nzilveruitjes. Eerste kwaliteit.\nKaliber 14/18. Uitgefermenteerd en\nopgelegd in een oplossing van azijn\nmet kruiden.",
    "brand": "DEVOS LEMMENS",
    "seoBrand": "Devos Lemmens",
    "thumbNail": "https://static.colruytgroup.com/images/200x200/std.lang.all/96/78/asset-609678.jpg",
    "fullImage": "https://static.colruytgroup.com/images/500x500/std.lang.all/96/78/asset-609678.jpg",
    "squareImage": "https://static.colruytgroup.com/images/500x500sq/std.lang.all/96/78/asset-609678.jpg",
    "content": "315g",
    "walkRouteSequenceNumber": 16357,
    "price": {
      "basicPrice": 1.49,
      "recommendedQuantity": "1.0",
      "measurementUnitPrice": 8.77,
      "measurementUnit": "K",
      "isRedPrice": false,
      "pricePerUOM": 8.77,
      "activationDate": "23-01-2024",
      "recordSource": "Offline",
      "isPromoActive": "N",
      "priceChangeCode": "E"
    },
    "isAvailable": true,
    "isPriceAvailable": true,
    "inPromo": false,
    "gtin": [
      "05414972111896",
      "05414972711898",
      "05410056010536",
      "05410056751606"
    ],
    "topCategoryName": "Kruidenierswaren/Droge voeding",
    "topCategoryId": "233",
    "businessDomain": "RETAIL_BE",
    "IsPrivateLabel": false,
    "IsBiffe": false,
    "WeightconversionFactor": "0",
    "IsWeightArticle": false,
    "nutriscoreLabel": "C",
    "IsBio": false,
    "CountryOfOrigin": "BELGIË",
    "IsExclusivelySoldInLuxembourg": false,
    "OrderUnit": "P",
    "ShortName": "DVL UITJES IN AZIJN 315",
    "IsNew": false,
    "EcoscoreLabel": "A",
    "RecentQuanityOfStockUnits": "1",
    "LongName": "DEVOS LEMMENS uitjes in azijn 315g",
    "AlcoholVolume": "0",
    "FicCode": "E",
    "EcoscoreValue": "91"
  },
  {
    "productId": "59420",
    "technicalArticleNumber": "2213242",
    "commercialArticleNumber": "3838",
    "name": "bouillonketeltje groenten",
    "description": "*Bouillonketeltje\n*Vleesmaak\n*Kruiden\n*Klaar voor gebruik\n*Vloeibarebouillon",
    "brand": "KNORR",
    "seoBrand": "Knorr",
    "thumbNail": "https://static.colruytgroup.com/images/200x200/std.lang.all/01/77/asset-3310177.jpg",
    "fullImage": "https://static.colruytgroup.com/images/500x500/std.lang.all/01/77/asset-3310177.jpg",
    "squareImage": "https://static.colruytgroup.com/images/500x500sq/std.lang.all/01/77/asset-3310177.jpg",
    "content": "8x28g",
    "walkRouteSequenceNumber": 6555,
    "price": {
      "basicPrice": 2.83,
      "recommendedQuantity": "1.0",
      "measurementUnitPrice": 12.64,
      "measurementUnit": "K",
      "isRedPrice": false,
      "pricePerUOM": 12.64,
      "activationDate": "13-03-2024",
      "recordSource": "Offline",
      "isPromoActive": "N",
      "priceChangeCode": "H"
    },
    "isAvailable": true,
    "isPriceAvailable": true,
    "inPromo": false,
    "gtin": [
      "08000860007425",
      "08710908937552",
      "08710447878446"
    ],
    "topCategoryName": "Kruidenierswaren/Droge voeding",
    "topCategoryId": "233",
    "businessDomain": "RETAIL_BE",
    "IsPrivateLabel": false,
    "IsBiffe": false,
    "WeightconversionFactor": "0",
    "IsWeightArticle": false,
    "nutriscoreLabel": "E",
    "IsBio": false,
    "CountryOfOrigin": "ITALIË",
    "IsExclusivelySoldInLuxembourg": false,
    "OrderUnit": "P",
    "ShortName": "KN BOU.KET.GROENT8X28G",
    "IsNew": false,
    "EcoscoreLabel": "B",
    "RecentQuanityOfStockUnits": "1,8",
    "LongName": "KNORR bouillonketeltje groenten 8x28g",
    "AlcoholVolume": "0",
    "FicCode": "E",
    "EcoscoreValue": "79"
  },
  {
    "productId": "258519",
    "technicalArticleNumber": "3588109",
    "commercialArticleNumber": "18498",
    "name": "naanbrood look en koriander",
    "brand": "BONI",
    "seoBrand": "Boni Selection",
    "thumbNail": "https://static.colruytgroup.com/images/200x200/std.lang.all/49/81/asset-3364981.jpg",
    "fullImage": "https://static.colruytgroup.com/images/500x500/std.lang.all/49/81/asset-3364981.jpg",
    "squareImage": "https://static.colruytgroup.com/images/500x500sq/std.lang.all/49/81/asset-3364981.jpg",
    "content": "240g",
    "walkRouteSequenceNumber": 8682,
    "price": {
      "basicPrice": 1.91,
      "recommendedQuantity": "1.0",
      "measurementUnitPrice": 7.96,
      "measurementUnit": "K",
      "isRedPrice": false,
      "pricePerUOM": 7.96,
      "activationDate": "14-11-2023",
      "recordSource": "Offline",
      "isPromoActive": "N",
      "priceChangeCode": "E"
    },
    "isAvailable": true,
    "isPriceAvailable": true,
    "inPromo": false,
    "gtin": [
      "05400141342918",
      "15400141043836",
      "15400141342915",
      "05400141043839"
    ],
    "topCategoryName": "Kruidenierswaren/Droge voeding",
    "topCategoryId": "233",
    "businessDomain": "RETAIL_BE",
    "IsPrivateLabel": true,
    "IsBiffe": false,
    "WeightconversionFactor": "0",
    "IsWeightArticle": false,
    "nutriscoreLabel": "C",
    "IsBio": false,
    "CountryOfOrigin": "VERENIGD KONINKRIJK",
    "IsExclusivelySoldInLuxembourg": false,
    "OrderUnit": "P",
    "ShortName": "BONI NAAN BROOD 240G",
    "InSeason": true,
    "IsNew": false,
    "EcoscoreLabel": "B",
    "RecentQuanityOfStockUnits": "12,1",
    "LongName": "BONI naanbrood look en koriander 240g",
    "AlcoholVolume": "0",
    "StartSeasonDate": "17/12/2019",
    "FicCode": "I",
    "EcoscoreValue": "77"
  },
  {
    "productId": "434288",
    "technicalArticleNumber": "3970008",
    "commercialArticleNumber": "3051",
    "name": "cannelloni",
    "brand": "BARILLA COLLEZIONE",
    "seoBrand": "Barilla",
    "thumbNail": "https://ecgproductmw.colruytgroup.com/ecgproductmw/noPicForArticle_2.jpg",
    "fullImage": "https://ecgproductmw.colruytgroup.com/ecgproductmw/noPicForArticle_5.jpg",
    "squareImage": "https://ecgproductmw.colruytgroup.com/ecgproductmw/noPicForArticle_5.jpg",
    "content": "250g",
    "walkRouteSequenceNumber": 8215,
    "price": {
      "basicPrice": 3.79,
      "recommendedQuantity": "1.0",
      "measurementUnitPrice": 15.16,
      "measurementUnit": "K",
      "isRedPrice": false,
      "pricePerUOM": 15.16,
      "activationDate": "14-03-2024",
      "recordSource": "Offline",
      "isPromoActive": "N",
      "priceChangeCode": "E"
    },
    "isAvailable": true,
    "isPriceAvailable": true,
    "inPromo": false,
    "gtin": [
      "08076808070882",
      "08076809037051",
      "08076809039451"
    ],
    "topCategoryName": "Kruidenierswaren/Droge voeding",
    "topCategoryId": "233",
    "businessDomain": "RETAIL_BE",
    "IsPrivateLabel": false,
    "IsBiffe": false,
    "WeightconversionFactor": "0",
    "IsWeightArticle": false,
    "nutriscoreLabel": "A",
    "IsBio": false,
    "CountryOfOrigin": "ITALIË",
    "IsExclusivelySoldInLuxembourg": false,
    "OrderUnit": "P",
    "ShortName": "BARI COLL.CANNELLONI250",
    "InSeason": true,
    "IsNew": false,
    "EcoscoreLabel": "B",
    "RecentQuanityOfStockUnits": "1",
    "LongName": "BARILLA COLLEZIONE cannelloni 250g",
    "StartSeasonDate": "06/12/2021",
    "FicCode": "E",
    "EcoscoreValue": "60"
  },
  {
    "productId": "17669",
    "technicalArticleNumber": "1543358",
    "commercialArticleNumber": "14293",
    "name": "rijst risotto",
    "description": "*Losse rijst\n*kooktijd:17 minuten",
    "brand": "BONI",
    "seoBrand": "Boni Selection",
    "thumbNail": "https://static.colruytgroup.com/images/200x200/std.lang.all/39/81/asset-953981.jpg",
    "fullImage": "https://static.colruytgroup.com/images/500x500/std.lang.all/39/81/asset-953981.jpg",
    "squareImage": "https://static.colruytgroup.com/images/500x500sq/std.lang.all/39/81/asset-953981.jpg",
    "content": "2kg",
    "walkRouteSequenceNumber": 8323,
    "price": {
      "basicPrice": 5.38,
      "recommendedQuantity": "1.0",
      "measurementUnitPrice": 2.69,
      "measurementUnit": "K",
      "isRedPrice": false,
      "pricePerUOM": 2.69,
      "activationDate": "02-02-2024",
      "recordSource": "Offline",
      "isPromoActive": "N",
      "priceChangeCode": "L"
    },
    "isAvailable": true,
    "isPriceAvailable": true,
    "inPromo": false,
    "gtin": [
      "05400141070286",
      "15400141975281",
      "05400141239294"
    ],
    "topCategoryName": "Kruidenierswaren/Droge voeding",
    "topCategoryId": "233",
    "businessDomain": "RETAIL_BE",
    "IsPrivateLabel": true,
    "IsBiffe": false,
    "WeightconversionFactor": "0",
    "IsWeightArticle": false,
    "nutriscoreLabel": "B",
    "IsBio": false,
    "CountryOfOrigin": "BELGIË",
    "IsExclusivelySoldInLuxembourg": false,
    "OrderUnit": "P",
    "ShortName": "BONI RISOTTORIJST 2KG",
    "IsNew": false,
    "EcoscoreLabel": "D",
    "RecentQuanityOfStockUnits": "1",
    "LongName": "BONI rijst risotto 2kg",
    "AlcoholVolume": "0",
    "FicCode": "I",
    "EcoscoreValue": "33"
  },
  {
    "productId": "99",
    "technicalArticleNumber": "14512",
    "commercialArticleNumber": "14512",
    "name": "capellini volkoren",
    "description": "*100% volkoren tarwe\n*Bron van vezels\n*Eiwit : 13,5g/100g\n*Kooktijd : 3-4 min",
    "brand": "SOUBRY",
    "seoBrand": "Soubry",
    "thumbNail": "https://static.colruytgroup.com/images/200x200/std.lang.all/39/50/asset-943950.jpg",
    "fullImage": "https://static.colruytgroup.com/images/500x500/std.lang.all/39/50/asset-943950.jpg",
    "squareImage": "https://static.colruytgroup.com/images/500x500sq/std.lang.all/39/50/asset-943950.jpg",
    "content": "500g",
    "walkRouteSequenceNumber": 8310,
    "price": {
      "basicPrice": 1.69,
      "recommendedQuantity": "4.0",
      "measurementUnitPrice": 3.38,
      "measurementUnit": "K",
      "isRedPrice": false,
      "pricePerUOM": 3.38,
      "activationDate": "23-03-2024",
      "recordSource": "Offline",
      "isPromoActive": "N",
      "priceChangeCode": "L"
    },
    "isAvailable": true,
    "isPriceAvailable": true,
    "inPromo": false,
    "gtin": [
      "00000024145121",
      "65410028050241",
      "05410028050249",
      "05400141000368",
      "65410028005241"
    ],
    "topCategoryName": "Kruidenierswaren/Droge voeding",
    "topCategoryId": "233",
    "businessDomain": "RETAIL_BE",
    "IsPrivateLabel": false,
    "IsBiffe": false,
    "WeightconversionFactor": "0",
    "IsWeightArticle": false,
    "nutriscoreLabel": "A",
    "IsBio": false,
    "CountryOfOrigin": "BELGIË",
    "IsExclusivelySoldInLuxembourg": false,
    "OrderUnit": "P",
    "ShortName": "SOUBRY VOLK CAPEL 500G",
    "IsNew": false,
    "EcoscoreLabel": "A",
    "RecentQuanityOfStockUnits": "1,4",
    "LongName": "SOUBRY capellini volkoren 500g",
    "AlcoholVolume": "0",
    "FicCode": "E",
    "EcoscoreValue": "99"
  },
  {
    "productId": "571895",
    "technicalArticleNumber": "4217946",
    "commercialArticleNumber": "13592",
    "name": "pesto rosso",
    "brand": "BARILLA",
    "seoBrand": "Barilla",
    "thumbNail": "https://static.colruytgroup.com/images/200x200/std.lang.all/28/57/asset-2862857.jpg",
    "fullImage": "https://static.colruytgroup.com/images/500x500/std.lang.all/28/57/asset-2862857.jpg",
    "squareImage": "https://static.colruytgroup.com/images/500x500sq/std.lang.all/28/57/asset-2862857.jpg",
    "content": "200g",
    "walkRouteSequenceNumber": 8384,
    "price": {
      "basicPrice": 4.69,
      "recommendedQuantity": "1.0",
      "measurementUnitPrice": 23.45,
      "measurementUnit": "K",
      "isRedPrice": false,
      "pricePerUOM": 23.45,
      "activationDate": "14-03-2024",
      "recordSource": "Offline",
      "isPromoActive": "N",
      "priceChangeCode": "E"
    },
    "isAvailable": true,
    "isPriceAvailable": true,
    "inPromo": false,
    "gtin": [
      "08076809523547",
      "08076809086370",
      "08076809035118"
    ],
    "topCategoryName": "Kruidenierswaren/Droge voeding",
    "topCategoryId": "233",
    "businessDomain": "RETAIL_BE",
    "IsPrivateLabel": false,
    "IsBiffe": false,
    "WeightconversionFactor": "0",
    "IsWeightArticle": false,
    "nutriscoreLabel": "E",
    "IsBio": false,
    "CountryOfOrigin": "ITALIË",
    "IsExclusivelySoldInLuxembourg": false,
    "OrderUnit": "P",
    "ShortName": "BARI PESTO ROSSO 200G",
    "IsNew": false,
    "EcoscoreLabel": "D",
    "RecentQuanityOfStockUnits": "1,12",
    "LongName": "BARILLA pesto rosso 200g",
    "AlcoholVolume": "0",
    "FicCode": "E",
    "EcoscoreValue": "38"
  },
  {
    "productId": "795269",
    "technicalArticleNumber": "4604374",
    "commercialArticleNumber": "18471",
    "name": "pesto alla genovese",
    "brand": "BERTOLLI",
    "seoBrand": "Bertolli",
    "thumbNail": "https://static.colruytgroup.com/images/200x200/std.lang.all/93/75/asset-2809375.jpg",
    "fullImage": "https://static.colruytgroup.com/images/500x500/std.lang.all/93/75/asset-2809375.jpg",
    "squareImage": "https://static.colruytgroup.com/images/500x500sq/std.lang.all/93/75/asset-2809375.jpg",
    "content": "185g",
    "walkRouteSequenceNumber": 8382,
    "price": {
      "basicPrice": 3.59,
      "recommendedQuantity": "1.0",
      "measurementUnitPrice": 19.41,
      "measurementUnit": "K",
      "isRedPrice": false,
      "pricePerUOM": 19.41,
      "activationDate": "21-03-2024",
      "recordSource": "Offline",
      "isPromoActive": "N",
      "priceChangeCode": "L"
    },
    "isAvailable": true,
    "isPriceAvailable": true,
    "inPromo": false,
    "gtin": [
      "08712247232053",
      "08712247232060"
    ],
    "topCategoryName": "Kruidenierswaren/Droge voeding",
    "topCategoryId": "233",
    "businessDomain": "RETAIL_BE",
    "IsPrivateLabel": false,
    "IsBiffe": false,
    "WeightconversionFactor": "0",
    "IsWeightArticle": false,
    "nutriscoreLabel": "E",
    "IsBio": false,
    "CountryOfOrigin": "ITALIË",
    "IsExclusivelySoldInLuxembourg": false,
    "OrderUnit": "P",
    "ShortName": "BERT PESTO AL.GENOVE185",
    "IsNew": false,
    "EcoscoreLabel": "D",
    "RecentQuanityOfStockUnits": "1,6",
    "LongName": "BERTOLLI pesto alla genovese 185g",
    "FicCode": "E",
    "EcoscoreValue": "38"
  },
  {
    "productId": "225997",
    "technicalArticleNumber": "3552822",
    "commercialArticleNumber": "50878",
    "name": "balsamico azijn",
    "description": "*Dressings,\nmarinades, vlees en\nvis",
    "brand": "BONI",
    "seoBrand": "Boni Selection",
    "thumbNail": "https://static.colruytgroup.com/images/200x200/std.lang.all/70/58/asset-3327058.jpg",
    "fullImage": "https://static.colruytgroup.com/images/500x500/std.lang.all/70/58/asset-3327058.jpg",
    "squareImage": "https://static.colruytgroup.com/images/500x500sq/std.lang.all/70/58/asset-3327058.jpg",
    "content": "500ml",
    "walkRouteSequenceNumber": 9143,
    "price": {
      "basicPrice": 1.98,
      "recommendedQuantity": "1.0",
      "measurementUnitPrice": 3.96,
      "measurementUnit": "L",
      "isRedPrice": false,
      "pricePerUOM": 3.96,
      "activationDate": "05-12-2023",
      "recordSource": "Offline",
      "isPromoActive": "N",
      "priceChangeCode": "E"
    },
    "isAvailable": true,
    "isPriceAvailable": true,
    "inPromo": false,
    "gtin": [
      "05400141871913",
      "15400141275619",
      "05400141410334",
      "15400141871910",
      "05400141275612"
    ],
    "topCategoryName": "Kruidenierswaren/Droge voeding",
    "topCategoryId": "233",
    "businessDomain": "RETAIL_BE",
    "IsPrivateLabel": true,
    "IsBiffe": false,
    "WeightconversionFactor": "0",
    "IsWeightArticle": false,
    "nutriscoreLabel": "C",
    "IsBio": false,
    "CountryOfOrigin": "ITALIË",
    "IsExclusivelySoldInLuxembourg": false,
    "OrderUnit": "P",
    "ShortName": "BONI BALSAM.MODENA500ML",
    "IsNew": false,
    "EcoscoreLabel": "A",
    "RecentQuanityOfStockUnits": "1,12",
    "LongName": "BONI balsamico azijn 500ml",
    "AlcoholVolume": "0",
    "FicCode": "I",
    "EcoscoreValue": "93"
  },
  {
    "productId": "16984",
    "technicalArticleNumber": "1454777",
    "commercialArticleNumber": "14754",
    "name": "couscous builtje",
    "description": "*Kookbuiltjes\n*kooktijd:7 minuten",
    "brand": "BONI",
    "seoBrand": "Boni Selection",
    "thumbNail": "https://static.colruytgroup.com/images/200x200/std.lang.all/68/77/asset-3396877.jpg",
    "fullImage": "https://static.colruytgroup.com/images/500x500/std.lang.all/68/77/asset-3396877.jpg",
    "squareImage": "https://static.colruytgroup.com/images/500x500sq/std.lang.all/68/77/asset-3396877.jpg",
    "content": "5x100g",
    "walkRouteSequenceNumber": 8429,
    "price": {
      "basicPrice": 1.49,
      "recommendedQuantity": "1.0",
      "measurementUnitPrice": 2.98,
      "measurementUnit": "K",
      "isRedPrice": false,
      "pricePerUOM": 2.98,
      "activationDate": "26-02-2024",
      "recordSource": "Offline",
      "isPromoActive": "N",
      "priceChangeCode": "E"
    },
    "isAvailable": true,
    "isPriceAvailable": true,
    "inPromo": false,
    "gtin": [
      "05400141522921",
      "05400141951219",
      "05400141184198",
      "05400141097306",
      "05400141247541",
      "15400141239925",
      "15400141919414",
      "05400141239928",
      "15400141951216"
    ],
    "topCategoryName": "Kruidenierswaren/Droge voeding",
    "topCategoryId": "233",
    "businessDomain": "RETAIL_BE",
    "IsPrivateLabel": true,
    "IsBiffe": false,
    "WeightconversionFactor": "0",
    "IsWeightArticle": false,
    "nutriscoreLabel": "A",
    "IsBio": false,
    "CountryOfOrigin": "FRANKRIJK",
    "IsExclusivelySoldInLuxembourg": false,
    "OrderUnit": "P",
    "ShortName": "BONI COUSCOUS 5X100G",
    "IsNew": false,
    "EcoscoreLabel": "A",
    "RecentQuanityOfStockUnits": "1,1,10",
    "LongName": "BONI couscous builtje 5x100g",
    "AlcoholVolume": "0",
    "FicCode": "I",
    "EcoscoreValue": "97"
  },
  {
    "productId": "167",
    "technicalArticleNumber": "15411",
    "commercialArticleNumber": "15411",
    "name": "toast Krokant rond",
    "description": "*Toast, rond\nmet paneermeellaag",
    "brand": "HAUST",
    "seoBrand": "Haust",
    "thumbNail": "https://static.colruytgroup.com/images/200x200/std.lang.all/13/06/asset-3421306.jpg",
    "fullImage": "https://static.colruytgroup.com/images/500x500/std.lang.all/13/06/asset-3421306.jpg",
    "squareImage": "https://static.colruytgroup.com/images/500x500sq/std.lang.all/13/06/asset-3421306.jpg",
    "content": "100g",
    "walkRouteSequenceNumber": 4500,
    "price": {
      "basicPrice": 1.29,
      "recommendedQuantity": "1.0",
      "measurementUnitPrice": 12.9,
      "measurementUnit": "K",
      "isRedPrice": false,
      "pricePerUOM": 12.9,
      "activationDate": "30-01-2024",
      "recordSource": "Offline",
      "isPromoActive": "N",
      "priceChangeCode": "H"
    },
    "isAvailable": true,
    "isPriceAvailable": true,
    "inPromo": false,
    "gtin": [
      "08710445018240",
      "08710445018271",
      "08710445018288",
      "00000025154122",
      "05400141154115",
      "08710445018233",
      "08710445024135",
      "08710445024265"
    ],
    "topCategoryName": "Brood/Ontbijt",
    "topCategoryId": "124",
    "businessDomain": "RETAIL_BE",
    "IsPrivateLabel": false,
    "IsBiffe": false,
    "WeightconversionFactor": "0",
    "IsWeightArticle": false,
    "nutriscoreLabel": "E",
    "IsBio": false,
    "CountryOfOrigin": "NEDERLAND",
    "IsExclusivelySoldInLuxembourg": false,
    "OrderUnit": "P",
    "ShortName": "HAUST KROKANT TOAST 100",
    "IsNew": false,
    "EcoscoreLabel": "B",
    "RecentQuanityOfStockUnits": "12,1,2",
    "LongName": "HAUST toast Krokant rond 100g",
    "AlcoholVolume": "0",
    "FicCode": "E",
    "EcoscoreValue": "75"
  },
  {
    "productId": "27411",
    "technicalArticleNumber": "1972841",
    "commercialArticleNumber": "14637",
    "name": "saus andalouse TD",
    "brand": "DEVOS LEMMENS",
    "seoBrand": "Devos Lemmens",
    "thumbNail": "https://static.colruytgroup.com/images/200x200/std.lang.all/31/63/asset-2443163.jpg",
    "fullImage": "https://static.colruytgroup.com/images/500x500/std.lang.all/31/63/asset-2443163.jpg",
    "squareImage": "https://static.colruytgroup.com/images/500x500sq/std.lang.all/31/63/asset-2443163.jpg",
    "content": "450ml",
    "walkRouteSequenceNumber": 8145,
    "price": {
      "basicPrice": 4.49,
      "recommendedQuantity": "1.0",
      "measurementUnitPrice": 9.98,
      "measurementUnit": "L",
      "isRedPrice": false,
      "pricePerUOM": 9.98,
      "activationDate": "13-03-2024",
      "recordSource": "Offline",
      "isPromoActive": "N",
      "priceChangeCode": "E"
    },
    "isAvailable": true,
    "isPriceAvailable": true,
    "inPromo": true,
    "promotion": [
      {
        "techPromoId": "100877COLR",
        "promotionId": "100877",
        "promotionType": "3",
        "isPersonalized": "N",
        "publicationStartDate": "13-03-2024",
        "publicationEndDate": "26-03-2024"
      }
    ],
    "gtin": [
      "05410056197091",
      "05410056797093"
    ],
    "topCategoryName": "Kruidenierswaren/Droge voeding",
    "topCategoryId": "233",
    "businessDomain": "RETAIL_BE",
    "IsPrivateLabel": false,
    "IsBiffe": false,
    "WeightconversionFactor": "0",
    "IsWeightArticle": false,
    "nutriscoreLabel": "D",
    "IsBio": false,
    "CountryOfOrigin": "BELGIË",
    "IsExclusivelySoldInLuxembourg": false,
    "OrderUnit": "P",
    "ShortName": "DVL ANDALOUSE TD 450ML",
    "IsNew": false,
    "EcoscoreLabel": "D",
    "RecentQuanityOfStockUnits": "1,12",
    "LongName": "DEVOS LEMMENS saus andalouse TD 450ml",
    "AlcoholVolume": "0",
    "FicCode": "E",
    "EcoscoreValue": "34"
  },
  {
    "productId": "891",
    "technicalArticleNumber": "13350",
    "commercialArticleNumber": "13350",
    "name": "mosterd Dijon",
    "brand": "BONI",
    "seoBrand": "Boni Selection",
    "thumbNail": "https://static.colruytgroup.com/images/200x200/std.lang.all/85/62/asset-3328562.jpg",
    "fullImage": "https://static.colruytgroup.com/images/500x500/std.lang.all/85/62/asset-3328562.jpg",
    "squareImage": "https://static.colruytgroup.com/images/500x500sq/std.lang.all/85/62/asset-3328562.jpg",
    "content": "280g",
    "walkRouteSequenceNumber": 8240,
    "price": {
      "basicPrice": 2.36,
      "recommendedQuantity": "1.0",
      "measurementUnitPrice": 8.43,
      "measurementUnit": "K",
      "isRedPrice": false,
      "pricePerUOM": 8.43,
      "activationDate": "20-02-2024",
      "recordSource": "Offline",
      "isPromoActive": "N",
      "priceChangeCode": "E"
    },
    "isAvailable": true,
    "isPriceAvailable": true,
    "inPromo": false,
    "gtin": [
      "15400141895176",
      "05400141895179",
      "05400141099430",
      "05400141299182",
      "15400141299189",
      "15400141959069"
    ],
    "topCategoryName": "Kruidenierswaren/Droge voeding",
    "topCategoryId": "233",
    "businessDomain": "RETAIL_BE",
    "IsPrivateLabel": true,
    "IsBiffe": false,
    "WeightconversionFactor": "0",
    "IsWeightArticle": false,
    "nutriscoreLabel": "E",
    "IsBio": false,
    "CountryOfOrigin": "BELGIË",
    "IsExclusivelySoldInLuxembourg": false,
    "OrderUnit": "P",
    "ShortName": "BONI MOSTERD DIJON 280G",
    "IsNew": false,
    "EcoscoreLabel": "B",
    "RecentQuanityOfStockUnits": "1",
    "LongName": "BONI mosterd Dijon 280g",
    "AlcoholVolume": "0",
    "FicCode": "I",
    "EcoscoreValue": "67"
  },
  {
    "productId": "69517",
    "technicalArticleNumber": "2783864",
    "commercialArticleNumber": "32792",
    "name": "saus",
    "description": "*Met ui, suiker en\nzoetstoffen\n*Koud te serveren",
    "brand": "JOPPIE",
    "seoBrand": "Joppiesaus",
    "thumbNail": "https://static.colruytgroup.com/images/200x200/std.lang.all/32/32/asset-2543232.jpg",
    "fullImage": "https://static.colruytgroup.com/images/500x500/std.lang.all/32/32/asset-2543232.jpg",
    "squareImage": "https://static.colruytgroup.com/images/500x500sq/std.lang.all/32/32/asset-2543232.jpg",
    "content": "850ml",
    "walkRouteSequenceNumber": 6629,
    "price": {
      "basicPrice": 4.99,
      "recommendedQuantity": "1.0",
      "measurementUnitPrice": 5.88,
      "measurementUnit": "L",
      "isRedPrice": false,
      "pricePerUOM": 5.88,
      "activationDate": "23-12-2023",
      "recordSource": "Offline",
      "isPromoActive": "N",
      "priceChangeCode": "E"
    },
    "isAvailable": true,
    "isPriceAvailable": true,
    "inPromo": false,
    "gtin": [
      "08713009038982",
      "08713009038999"
    ],
    "topCategoryName": "Kruidenierswaren/Droge voeding",
    "topCategoryId": "233",
    "businessDomain": "RETAIL_BE",
    "IsPrivateLabel": false,
    "IsBiffe": false,
    "WeightconversionFactor": "0",
    "IsWeightArticle": false,
    "nutriscoreLabel": "D",
    "IsBio": false,
    "CountryOfOrigin": "BELGIË",
    "IsExclusivelySoldInLuxembourg": false,
    "OrderUnit": "P",
    "ShortName": "JOPPIESAUS 850ML",
    "IsNew": false,
    "EcoscoreLabel": "C",
    "RecentQuanityOfStockUnits": "1",
    "LongName": "JOPPIE saus 850ml",
    "AlcoholVolume": "0",
    "FicCode": "E",
    "EcoscoreValue": "48"
  },
  {
    "productId": "49013",
    "technicalArticleNumber": "2487432",
    "commercialArticleNumber": "38411",
    "name": "tafelzoetstof tabletten",
    "description": "*Op basis van\nnatriumcyclamaat,\nnatriumsaccharine\n*Bij warme dranken",
    "brand": "EVERYDAY",
    "seoBrand": "Everyday",
    "thumbNail": "https://static.colruytgroup.com/images/200x200/std.lang.all/59/31/asset-1105931.jpg",
    "fullImage": "https://static.colruytgroup.com/images/500x500/std.lang.all/59/31/asset-1105931.jpg",
    "squareImage": "https://static.colruytgroup.com/images/500x500sq/std.lang.all/59/31/asset-1105931.jpg",
    "content": "1200st",
    "walkRouteSequenceNumber": 9196,
    "price": {
      "basicPrice": 0.69,
      "recommendedQuantity": "1.0",
      "measurementUnitPrice": 9.59,
      "measurementUnit": "K",
      "isRedPrice": false,
      "pricePerUOM": 9.59,
      "activationDate": "14-11-2023",
      "recordSource": "Offline",
      "isPromoActive": "N",
      "priceChangeCode": "E"
    },
    "isAvailable": true,
    "isPriceAvailable": true,
    "inPromo": false,
    "gtin": [
      "15400141829157",
      "05400141358582",
      "05400141169102",
      "05400141048995"
    ],
    "topCategoryName": "Kruidenierswaren/Droge voeding",
    "topCategoryId": "233",
    "businessDomain": "RETAIL_BE",
    "IsPrivateLabel": true,
    "IsBiffe": false,
    "WeightconversionFactor": "0",
    "IsWeightArticle": false,
    "nutriscoreLabel": "E",
    "IsBio": false,
    "CountryOfOrigin": "BELGIË",
    "IsExclusivelySoldInLuxembourg": false,
    "OrderUnit": "P",
    "ShortName": "EVD ZOETJES 1200 TABS",
    "IsNew": false,
    "EcoscoreLabel": "A",
    "RecentQuanityOfStockUnits": "20,1",
    "LongName": "EVERYDAY tafelzoetstof tabletten 1200st",
    "AlcoholVolume": "0",
    "FicCode": "I",
    "EcoscoreValue": "84"
  },
  {
    "productId": "2742",
    "technicalArticleNumber": "1014204",
    "commercialArticleNumber": "15401",
    "name": "toast Toast 'n Chips knoflook",
    "description": "*Toast, rond,\nmet look",
    "brand": "HAUST",
    "seoBrand": "Haust",
    "thumbNail": "https://static.colruytgroup.com/images/200x200/std.lang.all/37/45/asset-3433745.jpg",
    "fullImage": "https://static.colruytgroup.com/images/500x500/std.lang.all/37/45/asset-3433745.jpg",
    "squareImage": "https://static.colruytgroup.com/images/500x500sq/std.lang.all/37/45/asset-3433745.jpg",
    "content": "125g",
    "walkRouteSequenceNumber": 4498,
    "price": {
      "basicPrice": 1.59,
      "recommendedQuantity": "1.0",
      "measurementUnitPrice": 12.72,
      "measurementUnit": "K",
      "isRedPrice": false,
      "pricePerUOM": 12.72,
      "activationDate": "14-02-2024",
      "recordSource": "Offline",
      "isPromoActive": "N",
      "priceChangeCode": "H"
    },
    "isAvailable": true,
    "isPriceAvailable": true,
    "inPromo": false,
    "gtin": [
      "08710445018486",
      "08710445018479",
      "08710445024272",
      "08710445311709",
      "08710445024142"
    ],
    "topCategoryName": "Brood/Ontbijt",
    "topCategoryId": "124",
    "businessDomain": "RETAIL_BE",
    "IsPrivateLabel": false,
    "IsBiffe": false,
    "WeightconversionFactor": "0",
    "IsWeightArticle": false,
    "nutriscoreLabel": "E",
    "IsBio": false,
    "CountryOfOrigin": "NEDERLAND",
    "IsExclusivelySoldInLuxembourg": false,
    "OrderUnit": "P",
    "ShortName": "HAUST TOAST CHI.LOOK125",
    "IsNew": false,
    "EcoscoreLabel": "B",
    "RecentQuanityOfStockUnits": "1,6",
    "LongName": "HAUST toast Toast 'n Chips knoflook 125g",
    "AlcoholVolume": "0",
    "FicCode": "E",
    "EcoscoreValue": "75"
  },
  {
    "productId": "11487",
    "technicalArticleNumber": "1411208",
    "commercialArticleNumber": "13791",
    "name": "grof zeezout molen",
    "brand": "BONI",
    "seoBrand": "Boni Selection",
    "thumbNail": "https://static.colruytgroup.com/images/200x200/std.lang.all/65/91/asset-1706591.jpg",
    "fullImage": "https://static.colruytgroup.com/images/500x500/std.lang.all/65/91/asset-1706591.jpg",
    "squareImage": "https://static.colruytgroup.com/images/500x500sq/std.lang.all/65/91/asset-1706591.jpg",
    "content": "90g",
    "walkRouteSequenceNumber": 6497,
    "price": {
      "basicPrice": 1.18,
      "recommendedQuantity": "1.0",
      "measurementUnitPrice": 13.12,
      "measurementUnit": "K",
      "isRedPrice": false,
      "pricePerUOM": 13.12,
      "activationDate": "30-01-2024",
      "recordSource": "Offline",
      "isPromoActive": "N",
      "priceChangeCode": "E"
    },
    "isAvailable": true,
    "isPriceAvailable": true,
    "inPromo": false,
    "gtin": [
      "05400141098433",
      "05400141137910",
      "15400141208204",
      "05400141353860",
      "05400141353877",
      "05400141208207"
    ],
    "topCategoryName": "Kruidenierswaren/Droge voeding",
    "topCategoryId": "233",
    "businessDomain": "RETAIL_BE",
    "IsPrivateLabel": true,
    "IsBiffe": false,
    "WeightconversionFactor": "0",
    "IsWeightArticle": false,
    "nutriscoreLabel": "E",
    "IsBio": false,
    "CountryOfOrigin": "DUITSLAND",
    "IsExclusivelySoldInLuxembourg": false,
    "OrderUnit": "P",
    "ShortName": "BONI ZEEZOUT MOLEN 90G",
    "InSeason": true,
    "IsNew": false,
    "EcoscoreLabel": "A",
    "RecentQuanityOfStockUnits": "1,16",
    "LongName": "BONI grof zeezout molen 90g",
    "AlcoholVolume": "0",
    "StartSeasonDate": "10/01/2017",
    "FicCode": "I",
    "EcoscoreValue": "90"
  },
  {
    "productId": "654143",
    "technicalArticleNumber": "4353556",
    "commercialArticleNumber": "1273",
    "name": "mammoet olijven look en chili",
    "brand": "BONI",
    "seoBrand": "Boni Selection",
    "thumbNail": "https://static.colruytgroup.com/images/200x200/std.lang.all/87/06/asset-2738706.jpg",
    "fullImage": "https://static.colruytgroup.com/images/500x500/std.lang.all/87/06/asset-2738706.jpg",
    "squareImage": "https://static.colruytgroup.com/images/500x500sq/std.lang.all/87/06/asset-2738706.jpg",
    "content": "150g",
    "walkRouteSequenceNumber": 7680,
    "price": {
      "basicPrice": 2.89,
      "recommendedQuantity": "1.0",
      "quantityPrice": 2.66,
      "quantityPriceQuantity": "3.0",
      "measurementUnitPrice": 19.27,
      "measurementUnitQuantityPrice": 17.74,
      "measurementUnit": "K",
      "isRedPrice": false,
      "pricePerUOM": 19.27,
      "activationDate": "17-11-2023",
      "isPromoActive": "N",
      "priceChangeCode": "E",
      "quantityPricePerUOM": 17.74,
      "quantityActivationDate": "17-11-2023",
      "quantityPriceChangeCode": "E"
    },
    "isAvailable": true,
    "isPriceAvailable": true,
    "inPromo": false,
    "gtin": [
      "05400141927757",
      "15400141927754",
      "05400141740738",
      "05400141485158",
      "15400141485155",
      "15400141740735"
    ],
    "topCategoryName": "Chips/Borrelhapjes",
    "topCategoryId": "306",
    "businessDomain": "RETAIL_BE",
    "IsPrivateLabel": true,
    "IsBiffe": false,
    "WeightconversionFactor": "0",
    "IsWeightArticle": false,
    "nutriscoreLabel": "C",
    "IsBio": false,
    "CountryOfOrigin": "BELGIË",
    "IsExclusivelySoldInLuxembourg": false,
    "OrderUnit": "P",
    "ShortName": "BONI OLIJF LO.CHIL.150G",
    "IsNew": false,
    "EcoscoreLabel": "B",
    "RecentQuanityOfStockUnits": "1",
    "LongName": "BONI mammoet olijven look en chili 150g",
    "FicCode": "I",
    "EcoscoreValue": "75"
  },
  {
    "productId": "15580",
    "technicalArticleNumber": "1637733",
    "commercialArticleNumber": "13949",
    "name": "saus groene peper zakje",
    "brand": "BONI",
    "seoBrand": "Boni Selection",
    "thumbNail": "https://static.colruytgroup.com/images/200x200/std.lang.all/87/06/asset-3428706.jpg",
    "fullImage": "https://static.colruytgroup.com/images/500x500/std.lang.all/87/06/asset-3428706.jpg",
    "squareImage": "https://static.colruytgroup.com/images/500x500sq/std.lang.all/87/06/asset-3428706.jpg",
    "content": "220ml",
    "walkRouteSequenceNumber": 8255,
    "price": {
      "basicPrice": 1.09,
      "recommendedQuantity": "2.0",
      "measurementUnitPrice": 4.96,
      "measurementUnit": "L",
      "isRedPrice": false,
      "pricePerUOM": 4.96,
      "activationDate": "03-01-2024",
      "recordSource": "Offline",
      "isPromoActive": "N",
      "priceChangeCode": "H"
    },
    "isAvailable": true,
    "isPriceAvailable": true,
    "inPromo": false,
    "gtin": [
      "15400141955931",
      "05400141955934",
      "05400141391725",
      "15400141391722",
      "05400141239492",
      "05400141353228",
      "25400141353222"
    ],
    "topCategoryName": "Kruidenierswaren/Droge voeding",
    "topCategoryId": "233",
    "businessDomain": "RETAIL_BE",
    "IsPrivateLabel": true,
    "IsBiffe": false,
    "WeightconversionFactor": "0",
    "IsWeightArticle": false,
    "nutriscoreLabel": "C",
    "IsBio": false,
    "CountryOfOrigin": "BELGIË",
    "IsExclusivelySoldInLuxembourg": false,
    "OrderUnit": "P",
    "ShortName": "BONI GROENE PEP DOY 220",
    "IsNew": false,
    "EcoscoreLabel": "B",
    "RecentQuanityOfStockUnits": "1,2",
    "LongName": "BONI saus groene peper zakje 220ml",
    "AlcoholVolume": "0",
    "FicCode": "I",
    "EcoscoreValue": "79"
  },
  {
    "productId": "306992",
    "technicalArticleNumber": "3745547",
    "commercialArticleNumber": "51161",
    "name": "TD tomato ketchup",
    "brand": "HEINZ",
    "seoBrand": "Heinz",
    "thumbNail": "https://static.colruytgroup.com/images/200x200/std.lang.all/16/23/asset-1731623.jpg",
    "fullImage": "https://static.colruytgroup.com/images/500x500/std.lang.all/16/23/asset-1731623.jpg",
    "squareImage": "https://static.colruytgroup.com/images/500x500sq/std.lang.all/16/23/asset-1731623.jpg",
    "content": "800ml",
    "walkRouteSequenceNumber": 8193,
    "price": {
      "basicPrice": 3.99,
      "recommendedQuantity": "1.0",
      "measurementUnitPrice": 4.99,
      "measurementUnit": "L",
      "isRedPrice": false,
      "pricePerUOM": 4.99,
      "activationDate": "07-12-2023",
      "recordSource": "Offline",
      "isPromoActive": "N",
      "priceChangeCode": "E"
    },
    "isAvailable": true,
    "isPriceAvailable": true,
    "inPromo": false,
    "gtin": [
      "08715700500270",
      "00000087157277",
      "08715700221045",
      "08715700122182"
    ],
    "topCategoryName": "Kruidenierswaren/Droge voeding",
    "topCategoryId": "233",
    "businessDomain": "RETAIL_BE",
    "IsPrivateLabel": false,
    "IsBiffe": false,
    "WeightconversionFactor": "0",
    "IsWeightArticle": false,
    "nutriscoreLabel": "D",
    "IsBio": false,
    "CountryOfOrigin": "EUROPA",
    "IsExclusivelySoldInLuxembourg": false,
    "OrderUnit": "P",
    "ShortName": "HEIN TD TOMATOKETCH.800",
    "InSeason": true,
    "IsNew": false,
    "EcoscoreLabel": "B",
    "RecentQuanityOfStockUnits": "1,8",
    "LongName": "HEINZ TD tomato ketchup 800ml",
    "AlcoholVolume": "0",
    "StartSeasonDate": "31/01/2022",
    "FicCode": "E",
    "EcoscoreValue": "74"
  },
  {
    "productId": "536118",
    "technicalArticleNumber": "4131574",
    "commercialArticleNumber": "2764",
    "name": "al dente spaghetti rustica",
    "description": "*100% harde tarwe\n*Al dente beet\n*Eiwit : 13,5g/100g\n*Kooktijd : 6 min",
    "brand": "SOUBRY",
    "seoBrand": "Soubry",
    "thumbNail": "https://static.colruytgroup.com/images/200x200/std.lang.all/61/05/asset-2076105.jpg",
    "fullImage": "https://static.colruytgroup.com/images/500x500/std.lang.all/61/05/asset-2076105.jpg",
    "squareImage": "https://static.colruytgroup.com/images/500x500sq/std.lang.all/61/05/asset-2076105.jpg",
    "content": "375g",
    "walkRouteSequenceNumber": 8297,
    "price": {
      "basicPrice": 1.49,
      "recommendedQuantity": "4.0",
      "measurementUnitPrice": 3.98,
      "measurementUnit": "K",
      "isRedPrice": false,
      "pricePerUOM": 3.98,
      "activationDate": "01-02-2024",
      "recordSource": "Offline",
      "isPromoActive": "N",
      "priceChangeCode": "H"
    },
    "isAvailable": true,
    "isPriceAvailable": true,
    "inPromo": false,
    "gtin": [
      "95410028170292",
      "05410028170282",
      "45400141286913",
      "65410028170291"
    ],
    "topCategoryName": "Kruidenierswaren/Droge voeding",
    "topCategoryId": "233",
    "businessDomain": "RETAIL_BE",
    "IsPrivateLabel": false,
    "IsBiffe": false,
    "WeightconversionFactor": "0",
    "IsWeightArticle": false,
    "nutriscoreLabel": "A",
    "IsBio": false,
    "CountryOfOrigin": "BELGIË",
    "IsExclusivelySoldInLuxembourg": false,
    "OrderUnit": "P",
    "ShortName": "SOUB AL.DEN.SPAG.RUS375",
    "IsNew": false,
    "EcoscoreLabel": "A",
    "RecentQuanityOfStockUnits": "4,1,12",
    "LongName": "SOUBRY al dente spaghetti rustica 375g",
    "FicCode": "E",
    "EcoscoreValue": "97"
  },
  {
    "productId": "12888",
    "technicalArticleNumber": "1338373",
    "commercialArticleNumber": "12189",
    "name": "kip brik",
    "description": "*Kippensoep",
    "brand": "LIEBIG DÉLISOUP",
    "seoBrand": "Liebig Délisoup",
    "thumbNail": "https://static.colruytgroup.com/images/200x200/nl_be/35/75/asset-3353575.jpg",
    "fullImage": "https://static.colruytgroup.com/images/500x500/nl_be/35/75/asset-3353575.jpg",
    "squareImage": "https://static.colruytgroup.com/images/500x500sq/nl_be/35/75/asset-3353575.jpg",
    "content": "1L",
    "walkRouteSequenceNumber": 16938,
    "price": {
      "basicPrice": 3.19,
      "recommendedQuantity": "2.0",
      "measurementUnitPrice": 3.19,
      "measurementUnit": "L",
      "isRedPrice": false,
      "pricePerUOM": 3.19,
      "activationDate": "13-03-2024",
      "recordSource": "Offline",
      "isPromoActive": "N",
      "priceChangeCode": "H"
    },
    "isAvailable": true,
    "isPriceAvailable": true,
    "inPromo": false,
    "gtin": [
      "05410056184169",
      "05414972726601",
      "05414972705712",
      "05414972205717"
    ],
    "topCategoryName": "Kruidenierswaren/Droge voeding",
    "topCategoryId": "233",
    "businessDomain": "RETAIL_BE",
    "IsPrivateLabel": false,
    "IsBiffe": false,
    "WeightconversionFactor": "0",
    "IsWeightArticle": false,
    "nutriscoreLabel": "C",
    "IsBio": false,
    "CountryOfOrigin": "FRANKRIJK",
    "IsExclusivelySoldInLuxembourg": false,
    "OrderUnit": "P",
    "ShortName": "LIEBIG DELISOUP KIP 1L",
    "IsNew": false,
    "EcoscoreLabel": "D",
    "RecentQuanityOfStockUnits": "1,2,8",
    "LongName": "LIEBIG DÉLISOUP kip brik 1L",
    "AlcoholVolume": "0",
    "FicCode": "E",
    "EcoscoreValue": "32"
  },
  {
    "productId": "285932",
    "technicalArticleNumber": "3695522",
    "commercialArticleNumber": "16969",
    "name": "mayonaise eieren TD",
    "brand": "DEVOS LEMMENS",
    "seoBrand": "Devos Lemmens",
    "thumbNail": "https://static.colruytgroup.com/images/200x200/std.lang.all/21/58/asset-1282158.jpg",
    "fullImage": "https://static.colruytgroup.com/images/500x500/std.lang.all/21/58/asset-1282158.jpg",
    "squareImage": "https://static.colruytgroup.com/images/500x500sq/std.lang.all/21/58/asset-1282158.jpg",
    "content": "300ml",
    "walkRouteSequenceNumber": 8108,
    "price": {
      "basicPrice": 2.69,
      "recommendedQuantity": "1.0",
      "measurementUnitPrice": 8.97,
      "measurementUnit": "L",
      "isRedPrice": false,
      "pricePerUOM": 8.97,
      "activationDate": "02-02-2024",
      "recordSource": "Offline",
      "isPromoActive": "N",
      "priceChangeCode": "H"
    },
    "isAvailable": true,
    "isPriceAvailable": true,
    "inPromo": false,
    "gtin": [
      "05414972117072",
      "05414972717074"
    ],
    "topCategoryName": "Kruidenierswaren/Droge voeding",
    "topCategoryId": "233",
    "businessDomain": "RETAIL_BE",
    "IsPrivateLabel": false,
    "IsBiffe": false,
    "WeightconversionFactor": "0",
    "IsWeightArticle": false,
    "nutriscoreLabel": "D",
    "IsBio": false,
    "CountryOfOrigin": "BELGIË",
    "IsExclusivelySoldInLuxembourg": false,
    "OrderUnit": "P",
    "ShortName": "DVL MAYON EI TD 300ML",
    "IsNew": false,
    "EcoscoreLabel": "D",
    "RecentQuanityOfStockUnits": "1",
    "LongName": "DEVOS LEMMENS mayonaise eieren TD 300ml",
    "AlcoholVolume": "0",
    "FicCode": "E",
    "EcoscoreValue": "34"
  },
  {
    "productId": "101841",
    "technicalArticleNumber": "3104163",
    "commercialArticleNumber": "43694",
    "name": "soep tomaten",
    "description": "*Klassieke\ntomatensoep",
    "brand": "ROYCO",
    "seoBrand": "Royco",
    "thumbNail": "https://static.colruytgroup.com/images/200x200/std.lang.all/37/26/asset-3353726.jpg",
    "fullImage": "https://static.colruytgroup.com/images/500x500/std.lang.all/37/26/asset-3353726.jpg",
    "squareImage": "https://static.colruytgroup.com/images/500x500sq/std.lang.all/37/26/asset-3353726.jpg",
    "content": "4st",
    "walkRouteSequenceNumber": 16966,
    "price": {
      "basicPrice": 1.89,
      "recommendedQuantity": "1.0",
      "measurementUnitPrice": 27.8,
      "measurementUnit": "K",
      "isRedPrice": false,
      "pricePerUOM": 27.8,
      "activationDate": "20-03-2024",
      "recordSource": "Offline",
      "isPromoActive": "N",
      "priceChangeCode": "H"
    },
    "isAvailable": true,
    "isPriceAvailable": true,
    "inPromo": true,
    "promotion": [
      {
        "techPromoId": "100866COLR",
        "promotionId": "100866",
        "promotionType": "3",
        "isPersonalized": "N",
        "publicationStartDate": "13-03-2024",
        "publicationEndDate": "26-03-2024"
      }
    ],
    "gtin": [
      "05414972705095",
      "05410056186149"
    ],
    "topCategoryName": "Kruidenierswaren/Droge voeding",
    "topCategoryId": "233",
    "businessDomain": "RETAIL_BE",
    "IsPrivateLabel": false,
    "IsBiffe": false,
    "WeightconversionFactor": "0",
    "IsWeightArticle": false,
    "nutriscoreLabel": "C",
    "IsBio": false,
    "CountryOfOrigin": "NEDERLAND",
    "IsExclusivelySoldInLuxembourg": false,
    "OrderUnit": "P",
    "ShortName": "RMS CLASSIC TOMAAT 4Z",
    "IsNew": false,
    "EcoscoreLabel": "B",
    "RecentQuanityOfStockUnits": "1,24",
    "LongName": "ROYCO soep tomaten 4st",
    "AlcoholVolume": "0",
    "FicCode": "E",
    "EcoscoreValue": "77"
  },
  {
    "productId": "459323",
    "technicalArticleNumber": "4023609",
    "commercialArticleNumber": "5228",
    "name": "witte saus zakje",
    "description": "*Droge saus\n*Zachte smaak\n*Makkelijk doseren\n*Warm gerechten\n*Klaar voor gebruik",
    "brand": "KNORR",
    "seoBrand": "Knorr",
    "thumbNail": "https://static.colruytgroup.com/images/200x200/std.lang.all/22/99/asset-2802299.jpg",
    "fullImage": "https://static.colruytgroup.com/images/500x500/std.lang.all/22/99/asset-2802299.jpg",
    "squareImage": "https://static.colruytgroup.com/images/500x500sq/std.lang.all/22/99/asset-2802299.jpg",
    "content": "4x22g",
    "walkRouteSequenceNumber": 8274,
    "price": {
      "basicPrice": 3.18,
      "recommendedQuantity": "2.0",
      "measurementUnitPrice": 36.14,
      "measurementUnit": "K",
      "isRedPrice": false,
      "pricePerUOM": 36.14,
      "activationDate": "28-02-2024",
      "recordSource": "Offline",
      "isPromoActive": "N",
      "priceChangeCode": "H"
    },
    "isAvailable": true,
    "isPriceAvailable": true,
    "inPromo": false,
    "gtin": [
      "45400141257883",
      "08711200397174",
      "08711200397181"
    ],
    "topCategoryName": "Kruidenierswaren/Droge voeding",
    "topCategoryId": "233",
    "businessDomain": "RETAIL_BE",
    "IsPrivateLabel": false,
    "IsBiffe": false,
    "WeightconversionFactor": "0",
    "IsWeightArticle": false,
    "nutriscoreLabel": "C",
    "IsBio": false,
    "CountryOfOrigin": "DUITSLAND",
    "IsExclusivelySoldInLuxembourg": false,
    "OrderUnit": "P",
    "ShortName": "KNOR WITTE SAUS 4X22G",
    "IsNew": false,
    "EcoscoreLabel": "B",
    "RecentQuanityOfStockUnits": "1,2",
    "LongName": "KNORR witte saus zakje 4x22g",
    "FicCode": "E",
    "EcoscoreValue": "67"
  },
  {
    "productId": "101841",
    "technicalArticleNumber": "3104163",
    "commercialArticleNumber": "43694",
    "name": "soep tomaten",
    "description": "*Klassieke\ntomatensoep",
    "brand": "ROYCO",
    "seoBrand": "Royco",
    "thumbNail": "https://static.colruytgroup.com/images/200x200/std.lang.all/37/26/asset-3353726.jpg",
    "fullImage": "https://static.colruytgroup.com/images/500x500/std.lang.all/37/26/asset-3353726.jpg",
    "squareImage": "https://static.colruytgroup.com/images/500x500sq/std.lang.all/37/26/asset-3353726.jpg",
    "content": "4st",
    "walkRouteSequenceNumber": 16966,
    "price": {
      "basicPrice": 1.89,
      "recommendedQuantity": "1.0",
      "measurementUnitPrice": 27.8,
      "measurementUnit": "K",
      "isRedPrice": false,
      "pricePerUOM": 27.8,
      "activationDate": "20-03-2024",
      "recordSource": "Offline",
      "isPromoActive": "N",
      "priceChangeCode": "H"
    },
    "isAvailable": true,
    "isPriceAvailable": true,
    "inPromo": true,
    "promotion": [
      {
        "techPromoId": "100866COLR",
        "promotionId": "100866",
        "promotionType": "3",
        "isPersonalized": "N",
        "publicationStartDate": "13-03-2024",
        "publicationEndDate": "26-03-2024"
      }
    ],
    "gtin": [
      "05414972705095",
      "05410056186149"
    ],
    "topCategoryName": "Kruidenierswaren/Droge voeding",
    "topCategoryId": "233",
    "businessDomain": "RETAIL_BE",
    "IsPrivateLabel": false,
    "IsBiffe": false,
    "WeightconversionFactor": "0",
    "IsWeightArticle": false,
    "nutriscoreLabel": "C",
    "IsBio": false,
    "CountryOfOrigin": "NEDERLAND",
    "IsExclusivelySoldInLuxembourg": false,
    "OrderUnit": "P",
    "ShortName": "RMS CLASSIC TOMAAT 4Z",
    "IsNew": false,
    "EcoscoreLabel": "B",
    "RecentQuanityOfStockUnits": "1,24",
    "LongName": "ROYCO soep tomaten 4st",
    "AlcoholVolume": "0",
    "FicCode": "E",
    "EcoscoreValue": "77"
  },
  {
    "productId": "522273",
    "technicalArticleNumber": "4106904",
    "commercialArticleNumber": "8602",
    "name": "saffraanpoeder",
    "brand": "BONI",
    "seoBrand": "Boni Selection",
    "thumbNail": "https://static.colruytgroup.com/images/200x200/std.lang.all/81/52/asset-3028152.jpg",
    "fullImage": "https://static.colruytgroup.com/images/500x500/std.lang.all/81/52/asset-3028152.jpg",
    "squareImage": "https://static.colruytgroup.com/images/500x500sq/std.lang.all/81/52/asset-3028152.jpg",
    "content": "5x0,10g",
    "walkRouteSequenceNumber": 6388,
    "price": {
      "basicPrice": 2.75,
      "recommendedQuantity": "1.0",
      "measurementUnitPrice": 0.55,
      "measurementUnit": "S",
      "isRedPrice": false,
      "pricePerUOM": 0.55,
      "activationDate": "15-03-2024",
      "recordSource": "Offline",
      "isPromoActive": "N",
      "priceChangeCode": "H"
    },
    "isAvailable": true,
    "isPriceAvailable": true,
    "inPromo": false,
    "gtin": [
      "05400141143492",
      "15400141362968",
      "15400141143499",
      "05400141362961",
      "35400141362962"
    ],
    "topCategoryName": "Kruidenierswaren/Droge voeding",
    "topCategoryId": "233",
    "businessDomain": "RETAIL_BE",
    "IsPrivateLabel": true,
    "IsBiffe": false,
    "WeightconversionFactor": "0",
    "IsWeightArticle": false,
    "IsBio": false,
    "CountryOfOrigin": "IRAN (ISLAMITISCHE REPUBLIEK)",
    "IsExclusivelySoldInLuxembourg": false,
    "OrderUnit": "P",
    "ShortName": "BONI SAFRAAN CAP5X0.10G",
    "IsNew": false,
    "EcoscoreLabel": "E",
    "RecentQuanityOfStockUnits": "1,12",
    "LongName": "BONI saffraanpoeder 5x0,10g",
    "FicCode": "I",
    "EcoscoreValue": "15"
  },
  {
    "productId": "27412",
    "technicalArticleNumber": "1972844",
    "commercialArticleNumber": "14643",
    "name": "saus cocktail TD",
    "brand": "DEVOS LEMMENS",
    "seoBrand": "Devos Lemmens",
    "thumbNail": "https://static.colruytgroup.com/images/200x200/std.lang.all/30/73/asset-3223073.jpg",
    "fullImage": "https://static.colruytgroup.com/images/500x500/std.lang.all/30/73/asset-3223073.jpg",
    "squareImage": "https://static.colruytgroup.com/images/500x500sq/std.lang.all/30/73/asset-3223073.jpg",
    "content": "450ml",
    "walkRouteSequenceNumber": 8143,
    "price": {
      "basicPrice": 4.19,
      "recommendedQuantity": "1.0",
      "measurementUnitPrice": 9.32,
      "measurementUnit": "L",
      "isRedPrice": false,
      "pricePerUOM": 9.32,
      "activationDate": "13-03-2024",
      "recordSource": "Offline",
      "isPromoActive": "N",
      "priceChangeCode": "L"
    },
    "isAvailable": true,
    "isPriceAvailable": true,
    "inPromo": true,
    "promotion": [
      {
        "techPromoId": "100877COLR",
        "promotionId": "100877",
        "promotionType": "3",
        "isPersonalized": "N",
        "publicationStartDate": "13-03-2024",
        "publicationEndDate": "26-03-2024"
      }
    ],
    "gtin": [
      "05410056797109",
      "05410056197107"
    ],
    "topCategoryName": "Kruidenierswaren/Droge voeding",
    "topCategoryId": "233",
    "businessDomain": "RETAIL_BE",
    "IsPrivateLabel": false,
    "IsBiffe": false,
    "WeightconversionFactor": "0",
    "IsWeightArticle": false,
    "nutriscoreLabel": "D",
    "IsBio": false,
    "CountryOfOrigin": "BELGIË",
    "IsExclusivelySoldInLuxembourg": false,
    "OrderUnit": "P",
    "ShortName": "DVL COCKTAIL TD 450ML",
    "IsNew": false,
    "EcoscoreLabel": "D",
    "RecentQuanityOfStockUnits": "1",
    "LongName": "DEVOS LEMMENS saus cocktail TD 450ml",
    "AlcoholVolume": "0",
    "FicCode": "E",
    "EcoscoreValue": "34"
  },
  {
    "productId": "858",
    "technicalArticleNumber": "13167",
    "commercialArticleNumber": "13167",
    "name": "kruiden cayennepeper",
    "brand": "BONI",
    "seoBrand": "Boni Selection",
    "thumbNail": "https://static.colruytgroup.com/images/200x200/std.lang.all/83/64/asset-3028364.jpg",
    "fullImage": "https://static.colruytgroup.com/images/500x500/std.lang.all/83/64/asset-3028364.jpg",
    "squareImage": "https://static.colruytgroup.com/images/500x500sq/std.lang.all/83/64/asset-3028364.jpg",
    "content": "40g",
    "walkRouteSequenceNumber": 6381,
    "price": {
      "basicPrice": 0.655,
      "recommendedQuantity": "1.0",
      "measurementUnitPrice": 16.38,
      "measurementUnit": "K",
      "isRedPrice": false,
      "pricePerUOM": 16.38,
      "activationDate": "15-03-2024",
      "recordSource": "Offline",
      "isPromoActive": "N",
      "priceChangeCode": "L"
    },
    "isAvailable": true,
    "isPriceAvailable": true,
    "inPromo": false,
    "gtin": [
      "15400141097945",
      "05400141210064",
      "05400141097948",
      "05400141131673"
    ],
    "topCategoryName": "Kruidenierswaren/Droge voeding",
    "topCategoryId": "233",
    "businessDomain": "RETAIL_BE",
    "IsPrivateLabel": true,
    "IsBiffe": false,
    "WeightconversionFactor": "0",
    "IsWeightArticle": false,
    "nutriscoreLabel": "E",
    "IsBio": false,
    "CountryOfOrigin": "INDIA",
    "IsExclusivelySoldInLuxembourg": false,
    "OrderUnit": "P",
    "ShortName": "BONI CAYENNE PEPER 40G",
    "IsNew": false,
    "EcoscoreLabel": "E",
    "RecentQuanityOfStockUnits": "1,12",
    "LongName": "BONI kruiden cayennepeper 40g",
    "AlcoholVolume": "0",
    "FicCode": "I",
    "EcoscoreValue": "14"
  },
  {
    "productId": "154273",
    "technicalArticleNumber": "3255076",
    "commercialArticleNumber": "34835",
    "name": "tomaten tapenade",
    "description": "*Tomenade op basis\nvan gedroogde tomaat",
    "brand": "BONI",
    "seoBrand": "Boni Selection",
    "thumbNail": "https://static.colruytgroup.com/images/200x200/std.lang.all/09/11/asset-2210911.jpg",
    "fullImage": "https://static.colruytgroup.com/images/500x500/std.lang.all/09/11/asset-2210911.jpg",
    "squareImage": "https://static.colruytgroup.com/images/500x500sq/std.lang.all/09/11/asset-2210911.jpg",
    "content": "150g",
    "walkRouteSequenceNumber": 6777,
    "price": {
      "basicPrice": 3.29,
      "recommendedQuantity": "1.0",
      "quantityPrice": 3.03,
      "quantityPriceQuantity": "3.0",
      "measurementUnitPrice": 21.94,
      "measurementUnitQuantityPrice": 20.2,
      "measurementUnit": "K",
      "isRedPrice": false,
      "pricePerUOM": 21.94,
      "activationDate": "17-11-2023",
      "isPromoActive": "N",
      "priceChangeCode": "E",
      "quantityPricePerUOM": 20.2,
      "quantityActivationDate": "17-11-2023",
      "quantityPriceChangeCode": "E"
    },
    "isAvailable": true,
    "isPriceAvailable": true,
    "inPromo": false,
    "gtin": [
      "15400141354451",
      "15400141216933",
      "15400141195641",
      "05400141354454",
      "05400141268829",
      "05400141216936",
      "05400141195644"
    ],
    "topCategoryName": "Chips/Borrelhapjes",
    "topCategoryId": "306",
    "businessDomain": "RETAIL_BE",
    "IsPrivateLabel": true,
    "IsBiffe": false,
    "WeightconversionFactor": "0",
    "IsWeightArticle": false,
    "nutriscoreLabel": "D",
    "IsBio": false,
    "CountryOfOrigin": "FRANKRIJK",
    "IsExclusivelySoldInLuxembourg": false,
    "OrderUnit": "P",
    "ShortName": "BONI TOMANADE 150GR",
    "IsNew": false,
    "EcoscoreLabel": "C",
    "RecentQuanityOfStockUnits": "1",
    "LongName": "BONI tomaten tapenade 150g",
    "FicCode": "I",
    "EcoscoreValue": "58"
  },
  {
    "productId": "544614",
    "technicalArticleNumber": "4170755",
    "commercialArticleNumber": "9884",
    "name": "curry ketchup TD",
    "brand": "DEVOS LEMMENS",
    "seoBrand": "Devos Lemmens",
    "thumbNail": "https://static.colruytgroup.com/images/200x200/std.lang.all/53/42/asset-1905342.jpg",
    "fullImage": "https://static.colruytgroup.com/images/500x500/std.lang.all/53/42/asset-1905342.jpg",
    "squareImage": "https://static.colruytgroup.com/images/500x500sq/std.lang.all/53/42/asset-1905342.jpg",
    "content": "440ml",
    "walkRouteSequenceNumber": 8197,
    "price": {
      "basicPrice": 2.49,
      "recommendedQuantity": "1.0",
      "measurementUnitPrice": 5.66,
      "measurementUnit": "L",
      "isRedPrice": false,
      "pricePerUOM": 5.66,
      "activationDate": "28-12-2023",
      "recordSource": "Offline",
      "isPromoActive": "N",
      "priceChangeCode": "H"
    },
    "isAvailable": true,
    "isPriceAvailable": true,
    "inPromo": true,
    "promotion": [
      {
        "techPromoId": "100877COLR",
        "promotionId": "100877",
        "promotionType": "3",
        "isPersonalized": "N",
        "publicationStartDate": "13-03-2024",
        "publicationEndDate": "26-03-2024"
      }
    ],
    "gtin": [
      "05414972727707",
      "05414972127705"
    ],
    "topCategoryName": "Kruidenierswaren/Droge voeding",
    "topCategoryId": "233",
    "businessDomain": "RETAIL_BE",
    "IsPrivateLabel": false,
    "IsBiffe": false,
    "WeightconversionFactor": "0",
    "IsWeightArticle": false,
    "nutriscoreLabel": "D",
    "IsBio": false,
    "CountryOfOrigin": "BELGIË",
    "IsExclusivelySoldInLuxembourg": false,
    "OrderUnit": "P",
    "ShortName": "DVL CURRY KETCH.TD 440",
    "IsNew": false,
    "EcoscoreLabel": "B",
    "RecentQuanityOfStockUnits": "1,12",
    "LongName": "DEVOS LEMMENS curry ketchup TD 440ml",
    "FicCode": "E",
    "EcoscoreValue": "74"
  },
  {
    "productId": "546311",
    "technicalArticleNumber": "4173623",
    "commercialArticleNumber": "10283",
    "name": "gele curry",
    "brand": "BONI",
    "seoBrand": "Boni Selection",
    "thumbNail": "https://static.colruytgroup.com/images/200x200/std.lang.all/12/86/asset-2821286.jpg",
    "fullImage": "https://static.colruytgroup.com/images/500x500/std.lang.all/12/86/asset-2821286.jpg",
    "squareImage": "https://static.colruytgroup.com/images/500x500sq/std.lang.all/12/86/asset-2821286.jpg",
    "content": "100g",
    "walkRouteSequenceNumber": 8648,
    "price": {
      "basicPrice": 1.45,
      "recommendedQuantity": "1.0",
      "measurementUnitPrice": 14.5,
      "measurementUnit": "K",
      "isRedPrice": false,
      "pricePerUOM": 14.5,
      "activationDate": "17-11-2023",
      "isPromoActive": "N",
      "priceChangeCode": "E"
    },
    "isAvailable": true,
    "isPriceAvailable": true,
    "inPromo": false,
    "gtin": [
      "15400141323617",
      "05400141323610",
      "15400141792178",
      "05400141792171"
    ],
    "topCategoryName": "Kruidenierswaren/Droge voeding",
    "topCategoryId": "233",
    "businessDomain": "RETAIL_BE",
    "IsPrivateLabel": true,
    "IsBiffe": false,
    "WeightconversionFactor": "0",
    "IsWeightArticle": false,
    "nutriscoreLabel": "E",
    "IsBio": false,
    "CountryOfOrigin": "NEDERLAND",
    "IsExclusivelySoldInLuxembourg": false,
    "OrderUnit": "P",
    "ShortName": "BONI GELE CURRY 100G",
    "IsNew": false,
    "EcoscoreLabel": "D",
    "RecentQuanityOfStockUnits": "1,12",
    "LongName": "BONI gele curry 100g",
    "FicCode": "I",
    "EcoscoreValue": "26"
  },
  {
    "productId": "832607",
    "technicalArticleNumber": "4673576",
    "commercialArticleNumber": "30258",
    "name": "mosterd van Dijon glas",
    "description": "*Mosterdpot\n*Vinaigrette\n*Sladressing\n*Kruiden\n*Lekker en pittig",
    "brand": "AMORA",
    "seoBrand": "Amora",
    "thumbNail": "https://ecgproductmw.colruytgroup.com/ecgproductmw/noPicForArticle_2.jpg",
    "fullImage": "https://ecgproductmw.colruytgroup.com/ecgproductmw/noPicForArticle_5.jpg",
    "squareImage": "https://ecgproductmw.colruytgroup.com/ecgproductmw/noPicForArticle_5.jpg",
    "content": "185g",
    "walkRouteSequenceNumber": 8230,
    "price": {
      "basicPrice": 2.19,
      "recommendedQuantity": "1.0",
      "quantityPrice": 1.2,
      "quantityPriceQuantity": "3.0",
      "measurementUnitPrice": 11.84,
      "measurementUnitQuantityPrice": 6.49,
      "measurementUnit": "K",
      "isRedPrice": false,
      "pricePerUOM": 11.84,
      "activationDate": "13-03-2024",
      "recordSource": "Offline",
      "isPromoActive": "N",
      "priceChangeCode": "E",
      "quantityPricePerUOM": 6.49,
      "quantityActivationDate": "13-03-2024",
      "quantityPriceChangeCode": "E"
    },
    "isAvailable": true,
    "isPriceAvailable": true,
    "inPromo": false,
    "gtin": [
      "08720182500892"
    ],
    "topCategoryName": "Kruidenierswaren/Droge voeding",
    "topCategoryId": "233",
    "businessDomain": "RETAIL_BE",
    "IsPrivateLabel": false,
    "IsBiffe": false,
    "WeightconversionFactor": "0",
    "IsWeightArticle": false,
    "nutriscoreLabel": "E",
    "IsBio": false,
    "CountryOfOrigin": "FRANKRIJK",
    "IsExclusivelySoldInLuxembourg": false,
    "OrderUnit": "P",
    "ShortName": "AMOR MOST.DIJON GLA185G",
    "IsNew": false,
    "EcoscoreLabel": "C",
    "RecentQuanityOfStockUnits": "1,12",
    "LongName": "AMORA mosterd van Dijon glas 185g",
    "AlcoholVolume": "0",
    "FicCode": "E",
    "EcoscoreValue": "54"
  },
  {
    "productId": "335149",
    "technicalArticleNumber": "3808612",
    "commercialArticleNumber": "15033",
    "name": "frituurolie",
    "description": "*Frituren",
    "brand": "BECEL",
    "seoBrand": "Becel",
    "thumbNail": "https://static.colruytgroup.com/images/200x200/std.lang.all/85/63/asset-2718563.jpg",
    "fullImage": "https://static.colruytgroup.com/images/500x500/std.lang.all/85/63/asset-2718563.jpg",
    "squareImage": "https://static.colruytgroup.com/images/500x500sq/std.lang.all/85/63/asset-2718563.jpg",
    "content": "2L",
    "walkRouteSequenceNumber": 9131,
    "price": {
      "basicPrice": 9.89,
      "recommendedQuantity": "1.0",
      "measurementUnitPrice": 4.95,
      "measurementUnit": "L",
      "isRedPrice": false,
      "pricePerUOM": 4.95,
      "activationDate": "28-02-2024",
      "recordSource": "Offline",
      "isPromoActive": "N",
      "priceChangeCode": "E"
    },
    "isAvailable": true,
    "isPriceAvailable": true,
    "inPromo": false,
    "gtin": [
      "08719200025202",
      "08719200025141",
      "08714100910368",
      "08714100910351"
    ],
    "topCategoryName": "Kruidenierswaren/Droge voeding",
    "topCategoryId": "233",
    "businessDomain": "RETAIL_BE",
    "IsPrivateLabel": false,
    "IsBiffe": false,
    "WeightconversionFactor": "0",
    "IsWeightArticle": false,
    "nutriscoreLabel": "D",
    "IsBio": false,
    "CountryOfOrigin": "PORTUGAL",
    "IsExclusivelySoldInLuxembourg": false,
    "OrderUnit": "P",
    "ShortName": "BECE FRITUUROLIE 2L",
    "IsNew": false,
    "EcoscoreLabel": "C",
    "RecentQuanityOfStockUnits": "6,1",
    "LongName": "BECEL frituurolie 2L",
    "AlcoholVolume": "0",
    "FicCode": "E",
    "EcoscoreValue": "42"
  },
  {
    "productId": "12249",
    "technicalArticleNumber": "1298129",
    "commercialArticleNumber": "13517",
    "name": "pesto rode pesto",
    "brand": "BERTOLLI",
    "seoBrand": "Bertolli",
    "thumbNail": "https://static.colruytgroup.com/images/200x200/std.lang.all/92/36/asset-2809236.jpg",
    "fullImage": "https://static.colruytgroup.com/images/500x500/std.lang.all/92/36/asset-2809236.jpg",
    "squareImage": "https://static.colruytgroup.com/images/500x500sq/std.lang.all/92/36/asset-2809236.jpg",
    "content": "185g",
    "walkRouteSequenceNumber": 8381,
    "price": {
      "basicPrice": 4.69,
      "recommendedQuantity": "1.0",
      "measurementUnitPrice": 25.36,
      "measurementUnit": "K",
      "isRedPrice": false,
      "pricePerUOM": 25.36,
      "activationDate": "14-03-2024",
      "recordSource": "Offline",
      "isPromoActive": "N",
      "priceChangeCode": "E"
    },
    "isAvailable": true,
    "isPriceAvailable": true,
    "inPromo": false,
    "gtin": [
      "08712100976117",
      "05410003105025",
      "08712247232077",
      "08712247232084"
    ],
    "topCategoryName": "Kruidenierswaren/Droge voeding",
    "topCategoryId": "233",
    "businessDomain": "RETAIL_BE",
    "IsPrivateLabel": false,
    "IsBiffe": false,
    "WeightconversionFactor": "0",
    "IsWeightArticle": false,
    "nutriscoreLabel": "E",
    "IsBio": false,
    "CountryOfOrigin": "ITALIË",
    "IsExclusivelySoldInLuxembourg": false,
    "OrderUnit": "P",
    "ShortName": "BERTOL PESTO ROSSO 185G",
    "IsNew": false,
    "EcoscoreLabel": "D",
    "RecentQuanityOfStockUnits": "1,6",
    "LongName": "BERTOLLI pesto rode pesto 185g",
    "AlcoholVolume": "0",
    "FicCode": "E",
    "EcoscoreValue": "38"
  },
  {
    "productId": "789760",
    "technicalArticleNumber": "4595523",
    "commercialArticleNumber": "29424",
    "name": "halfgedroogde kerstomaten",
    "description": "*Bereiding op basis\nvan tomaten",
    "brand": "BONI",
    "seoBrand": "Boni Selection",
    "thumbNail": "https://static.colruytgroup.com/images/200x200/std.lang.all/25/81/asset-2822581.jpg",
    "fullImage": "https://static.colruytgroup.com/images/500x500/std.lang.all/25/81/asset-2822581.jpg",
    "squareImage": "https://static.colruytgroup.com/images/500x500sq/std.lang.all/25/81/asset-2822581.jpg",
    "content": "200g",
    "walkRouteSequenceNumber": 7665,
    "price": {
      "basicPrice": 3.79,
      "recommendedQuantity": "1.0",
      "quantityPrice": 3.49,
      "quantityPriceQuantity": "3.0",
      "measurementUnitPrice": 18.95,
      "measurementUnitQuantityPrice": 17.45,
      "measurementUnit": "K",
      "isRedPrice": false,
      "pricePerUOM": 18.95,
      "activationDate": "17-11-2023",
      "isPromoActive": "N",
      "priceChangeCode": "E",
      "quantityPricePerUOM": 17.45,
      "quantityActivationDate": "17-11-2023",
      "quantityPriceChangeCode": "E"
    },
    "isAvailable": true,
    "isPriceAvailable": true,
    "inPromo": false,
    "gtin": [
      "15400141910923",
      "05400141910926"
    ],
    "topCategoryName": "Chips/Borrelhapjes",
    "topCategoryId": "306",
    "businessDomain": "RETAIL_BE",
    "IsPrivateLabel": true,
    "IsBiffe": false,
    "WeightconversionFactor": "0",
    "IsWeightArticle": false,
    "nutriscoreLabel": "C",
    "IsBio": false,
    "CountryOfOrigin": "FRANKRIJK",
    "IsExclusivelySoldInLuxembourg": false,
    "OrderUnit": "P",
    "ShortName": "BONI HALFG.KERSTOM.200G",
    "IsNew": false,
    "EcoscoreLabel": "E",
    "RecentQuanityOfStockUnits": "1,12",
    "LongName": "BONI halfgedroogde kerstomaten 200g",
    "FicCode": "I",
    "EcoscoreValue": "0"
  },
  {
    "productId": "7251",
    "technicalArticleNumber": "1160384",
    "commercialArticleNumber": "14541",
    "name": "pasta pappardelle",
    "description": "*Italië\n*kooktijd:5-6\nminuten\n*Eiwit: 12,6g/100g",
    "brand": "BONI",
    "seoBrand": "Boni Selection",
    "thumbNail": "https://static.colruytgroup.com/images/200x200/std.lang.all/34/52/asset-1953452.jpg",
    "fullImage": "https://static.colruytgroup.com/images/500x500/std.lang.all/34/52/asset-1953452.jpg",
    "squareImage": "https://static.colruytgroup.com/images/500x500sq/std.lang.all/34/52/asset-1953452.jpg",
    "content": "500g",
    "walkRouteSequenceNumber": 8173,
    "price": {
      "basicPrice": 2.79,
      "recommendedQuantity": "1.0",
      "measurementUnitPrice": 5.58,
      "measurementUnit": "K",
      "isRedPrice": false,
      "pricePerUOM": 5.58,
      "activationDate": "17-11-2023",
      "isPromoActive": "N",
      "priceChangeCode": "E"
    },
    "isAvailable": true,
    "isPriceAvailable": true,
    "inPromo": false,
    "gtin": [
      "15400141720386",
      "05400141720389",
      "05400141102079",
      "05400141346497",
      "05400141127102",
      "05400141164190",
      "05400141240115",
      "15400141346494"
    ],
    "topCategoryName": "Kruidenierswaren/Droge voeding",
    "topCategoryId": "233",
    "businessDomain": "RETAIL_BE",
    "IsPrivateLabel": true,
    "IsBiffe": false,
    "WeightconversionFactor": "0",
    "IsWeightArticle": false,
    "nutriscoreLabel": "A",
    "IsBio": false,
    "CountryOfOrigin": "ITALIË",
    "IsExclusivelySoldInLuxembourg": false,
    "OrderUnit": "P",
    "ShortName": "BONI PAPPARDEL 500G",
    "InSeason": true,
    "IsNew": false,
    "EcoscoreLabel": "B",
    "RecentQuanityOfStockUnits": "1,8",
    "LongName": "BONI pasta pappardelle 500g",
    "AlcoholVolume": "0",
    "StartSeasonDate": "01/04/2020",
    "FicCode": "I",
    "EcoscoreValue": "65"
  },
  {
    "productId": "11643",
    "technicalArticleNumber": "1375142",
    "commercialArticleNumber": "12604",
    "name": "soep st germain",
    "description": "*St. Germainsoep met\nCroutons",
    "brand": "ROYCO CRUNCHY",
    "seoBrand": "Royco Crunchy",
    "thumbNail": "https://static.colruytgroup.com/images/200x200/std.lang.all/37/24/asset-3353724.jpg",
    "fullImage": "https://static.colruytgroup.com/images/500x500/std.lang.all/37/24/asset-3353724.jpg",
    "squareImage": "https://static.colruytgroup.com/images/500x500sq/std.lang.all/37/24/asset-3353724.jpg",
    "content": "3st",
    "walkRouteSequenceNumber": 16964,
    "price": {
      "basicPrice": 1.49,
      "recommendedQuantity": "2.0",
      "measurementUnitPrice": 20.42,
      "measurementUnit": "K",
      "isRedPrice": false,
      "pricePerUOM": 20.42,
      "activationDate": "20-03-2024",
      "isPromoActive": "Y",
      "priceChangeCode": "H"
    },
    "isAvailable": true,
    "isPriceAvailable": true,
    "inPromo": true,
    "promotion": [
      {
        "techPromoId": "100866COLR",
        "promotionId": "100866",
        "promotionType": "3",
        "isPersonalized": "N",
        "publicationStartDate": "13-03-2024",
        "publicationEndDate": "26-03-2024"
      }
    ],
    "gtin": [
      "05410056186705",
      "05400141126044",
      "05414972705163",
      "05410056186767"
    ],
    "topCategoryName": "Kruidenierswaren/Droge voeding",
    "topCategoryId": "233",
    "businessDomain": "RETAIL_BE",
    "IsPrivateLabel": false,
    "IsBiffe": false,
    "WeightconversionFactor": "0",
    "IsWeightArticle": false,
    "nutriscoreLabel": "C",
    "IsBio": false,
    "CountryOfOrigin": "NEDERLAND",
    "IsExclusivelySoldInLuxembourg": false,
    "OrderUnit": "P",
    "ShortName": "RMS.CRUNCHY GERMAIN 3Z",
    "IsNew": false,
    "EcoscoreLabel": "D",
    "RecentQuanityOfStockUnits": "1,2,24",
    "LongName": "ROYCO CRUNCHY soep st germain 3st",
    "AlcoholVolume": "0",
    "FicCode": "E",
    "EcoscoreValue": "32"
  },
  {
    "productId": "490216",
    "technicalArticleNumber": "4044650",
    "commercialArticleNumber": "3910",
    "name": "grissini picco.tom.ba",
    "brand": "DELI DI PAOLO",
    "seoBrand": "DELI DI PAOLO",
    "thumbNail": "https://static.colruytgroup.com/images/200x200/std.lang.all/79/76/asset-3347976.jpg",
    "fullImage": "https://static.colruytgroup.com/images/500x500/std.lang.all/79/76/asset-3347976.jpg",
    "squareImage": "https://static.colruytgroup.com/images/500x500sq/std.lang.all/79/76/asset-3347976.jpg",
    "content": "200g",
    "walkRouteSequenceNumber": 4487,
    "price": {
      "basicPrice": 2.99,
      "recommendedQuantity": "1.0",
      "measurementUnitPrice": 14.95,
      "measurementUnit": "K",
      "isRedPrice": false,
      "pricePerUOM": 14.95,
      "activationDate": "15-01-2024",
      "isPromoActive": "N",
      "priceChangeCode": "E"
    },
    "isAvailable": true,
    "isPriceAvailable": true,
    "inPromo": false,
    "gtin": [
      "08718247442553",
      "08718247442546"
    ],
    "topCategoryName": "Brood/Ontbijt",
    "topCategoryId": "124",
    "businessDomain": "RETAIL_BE",
    "IsPrivateLabel": false,
    "IsBiffe": false,
    "WeightconversionFactor": "0",
    "IsWeightArticle": false,
    "nutriscoreLabel": "D",
    "IsBio": false,
    "CountryOfOrigin": "ITALIË",
    "IsExclusivelySoldInLuxembourg": false,
    "OrderUnit": "P",
    "ShortName": "DELI GRIS.PI.T&B200",
    "InSeason": true,
    "IsNew": false,
    "EcoscoreLabel": "B",
    "RecentQuanityOfStockUnits": "1",
    "LongName": "DELI DI PAOLO grissini picco.tom.ba 200g",
    "StartSeasonDate": "08/03/2021",
    "FicCode": "E",
    "EcoscoreValue": "74"
  },
  {
    "productId": "697073",
    "technicalArticleNumber": "4427202",
    "commercialArticleNumber": "26099",
    "name": "Tzatziki",
    "description": "*Dip op basis van\nyoghurt en komkommer",
    "brand": "BONI",
    "seoBrand": "Boni Selection",
    "thumbNail": "https://static.colruytgroup.com/images/200x200/std.lang.all/69/00/asset-2706900.jpg",
    "fullImage": "https://static.colruytgroup.com/images/500x500/std.lang.all/69/00/asset-2706900.jpg",
    "squareImage": "https://static.colruytgroup.com/images/500x500sq/std.lang.all/69/00/asset-2706900.jpg",
    "content": "175g",
    "walkRouteSequenceNumber": 6714,
    "price": {
      "basicPrice": 1.59,
      "recommendedQuantity": "1.0",
      "measurementUnitPrice": 9.09,
      "measurementUnit": "K",
      "isRedPrice": false,
      "pricePerUOM": 9.09,
      "activationDate": "07-03-2024",
      "recordSource": "Offline",
      "isPromoActive": "N",
      "priceChangeCode": "E"
    },
    "isAvailable": true,
    "isPriceAvailable": true,
    "inPromo": false,
    "gtin": [
      "05400141915785",
      "35400141915786"
    ],
    "topCategoryName": "Chips/Borrelhapjes",
    "topCategoryId": "306",
    "businessDomain": "RETAIL_BE",
    "IsPrivateLabel": true,
    "IsBiffe": false,
    "WeightconversionFactor": "0",
    "IsWeightArticle": false,
    "nutriscoreLabel": "B",
    "IsBio": false,
    "CountryOfOrigin": "BELGIË",
    "IsExclusivelySoldInLuxembourg": false,
    "OrderUnit": "P",
    "ShortName": "BONI TZATZIKI 175G",
    "IsNew": false,
    "EcoscoreLabel": "B",
    "RecentQuanityOfStockUnits": "1",
    "LongName": "BONI Tzatziki 175g",
    "FicCode": "I",
    "EcoscoreValue": "70"
  },
  {
    "productId": "98",
    "technicalArticleNumber": "14511",
    "commercialArticleNumber": "14511",
    "name": "spaghetti",
    "description": "*kooktijd:11 minuten",
    "brand": "BONI BIO",
    "seoBrand": "Boni Selection Bio",
    "thumbNail": "https://static.colruytgroup.com/images/200x200/std.lang.all/06/08/asset-3330608.jpg",
    "fullImage": "https://static.colruytgroup.com/images/500x500/std.lang.all/06/08/asset-3330608.jpg",
    "squareImage": "https://static.colruytgroup.com/images/500x500sq/std.lang.all/06/08/asset-3330608.jpg",
    "content": "500g",
    "walkRouteSequenceNumber": 8170,
    "price": {
      "basicPrice": 1.09,
      "recommendedQuantity": "1.0",
      "quantityPrice": 0.892,
      "quantityPriceQuantity": "4.0",
      "measurementUnitPrice": 2.18,
      "measurementUnitQuantityPrice": 1.79,
      "measurementUnit": "K",
      "isRedPrice": false,
      "pricePerUOM": 2.18,
      "activationDate": "20-03-2024",
      "recordSource": "Offline",
      "isPromoActive": "N",
      "priceChangeCode": "E",
      "quantityPricePerUOM": 1.79,
      "quantityActivationDate": "20-03-2024",
      "quantityPriceChangeCode": "H"
    },
    "isAvailable": true,
    "isPriceAvailable": true,
    "inPromo": false,
    "gtin": [
      "15400141760962",
      "00000025145113",
      "05400141069952",
      "15400141243274",
      "05400141255249",
      "05400141445114",
      "05400141243277",
      "05400141401400",
      "05400141760965",
      "15400141401407"
    ],
    "topCategoryName": "Kruidenierswaren/Droge voeding",
    "topCategoryId": "233",
    "businessDomain": "RETAIL_BE",
    "IsPrivateLabel": true,
    "IsBiffe": false,
    "WeightconversionFactor": "0",
    "IsWeightArticle": false,
    "nutriscoreLabel": "B",
    "IsBio": true,
    "CountryOfOrigin": "BELGIË",
    "IsExclusivelySoldInLuxembourg": false,
    "OrderUnit": "P",
    "ShortName": "BONI BIO SPAGHETTI 500G",
    "IsNew": false,
    "EcoscoreLabel": "A",
    "RecentQuanityOfStockUnits": "1,1",
    "LongName": "BONI BIO spaghetti 500g",
    "AlcoholVolume": "0",
    "FicCode": "I",
    "EcoscoreValue": "100"
  },
  {
    "productId": "571010",
    "technicalArticleNumber": "4216186",
    "commercialArticleNumber": "4519",
    "name": "mezze maniche rigate",
    "brand": "GAROFALO",
    "seoBrand": "Garofalo",
    "thumbNail": "https://static.colruytgroup.com/images/200x200/std.lang.all/55/68/asset-2355568.jpg",
    "fullImage": "https://static.colruytgroup.com/images/500x500/std.lang.all/55/68/asset-2355568.jpg",
    "squareImage": "https://static.colruytgroup.com/images/500x500sq/std.lang.all/55/68/asset-2355568.jpg",
    "content": "500g",
    "walkRouteSequenceNumber": 8213,
    "price": {
      "basicPrice": 2.45,
      "recommendedQuantity": "1.0",
      "measurementUnitPrice": 4.9,
      "measurementUnit": "K",
      "isRedPrice": false,
      "pricePerUOM": 4.9,
      "activationDate": "14-11-2023",
      "isPromoActive": "N",
      "priceChangeCode": "E"
    },
    "isAvailable": true,
    "isPriceAvailable": true,
    "inPromo": false,
    "gtin": [
      "08000139934063",
      "08000139934025",
      "08000139934056",
      "08000139208119"
    ],
    "topCategoryName": "Kruidenierswaren/Droge voeding",
    "topCategoryId": "233",
    "businessDomain": "RETAIL_BE",
    "IsPrivateLabel": false,
    "IsBiffe": false,
    "WeightconversionFactor": "0",
    "IsWeightArticle": false,
    "IsBio": false,
    "CountryOfOrigin": "ITALIË",
    "IsExclusivelySoldInLuxembourg": false,
    "OrderUnit": "P",
    "ShortName": "GARO MEZZE MANI.RIG500",
    "IsNew": false,
    "RecentQuanityOfStockUnits": "1,10",
    "LongName": "GAROFALO mezze maniche rigate 500g",
    "FicCode": "E"
  },
  {
    "productId": "695569",
    "technicalArticleNumber": "4424931",
    "commercialArticleNumber": "25952",
    "name": "spaghetti nr.5",
    "brand": "BARILLA",
    "seoBrand": "Barilla",
    "thumbNail": "https://static.colruytgroup.com/images/200x200/std.lang.all/65/90/asset-3336590.jpg",
    "fullImage": "https://static.colruytgroup.com/images/500x500/std.lang.all/65/90/asset-3336590.jpg",
    "squareImage": "https://static.colruytgroup.com/images/500x500sq/std.lang.all/65/90/asset-3336590.jpg",
    "content": "1kg",
    "walkRouteSequenceNumber": 8220,
    "price": {
      "basicPrice": 2.35,
      "recommendedQuantity": "1.0",
      "measurementUnitPrice": 2.35,
      "measurementUnit": "K",
      "isRedPrice": false,
      "pricePerUOM": 2.35,
      "activationDate": "16-03-2024",
      "recordSource": "Offline",
      "isPromoActive": "N",
      "priceChangeCode": "L"
    },
    "isAvailable": true,
    "isPriceAvailable": true,
    "inPromo": false,
    "gtin": [
      "08076809073721",
      "08076800105056"
    ],
    "topCategoryName": "Kruidenierswaren/Droge voeding",
    "topCategoryId": "233",
    "businessDomain": "RETAIL_BE",
    "IsPrivateLabel": false,
    "IsBiffe": false,
    "WeightconversionFactor": "0",
    "IsWeightArticle": false,
    "nutriscoreLabel": "A",
    "IsBio": false,
    "CountryOfOrigin": "ITALIË",
    "IsExclusivelySoldInLuxembourg": false,
    "OrderUnit": "P",
    "ShortName": "BARI SPAGHETTI5 1KG",
    "InSeason": true,
    "IsNew": false,
    "EcoscoreLabel": "B",
    "RecentQuanityOfStockUnits": "1,12",
    "LongName": "BARILLA spaghetti nr.5 1kg",
    "StartSeasonDate": "22/03/2022",
    "FicCode": "E",
    "EcoscoreValue": "60"
  },
  {
    "productId": "796",
    "technicalArticleNumber": "13456",
    "commercialArticleNumber": "13456",
    "name": "zilveruitjes op azijn",
    "description": "Extra fijne zilveruitjes. Lekker bij\nhet aperitief, in vleesgerechten en\nstoofschotels, salades, met filet\naméricain enz.",
    "brand": "BONI",
    "seoBrand": "Boni Selection",
    "thumbNail": "https://static.colruytgroup.com/images/200x200/std.lang.all/83/68/asset-3028368.jpg",
    "fullImage": "https://static.colruytgroup.com/images/500x500/std.lang.all/83/68/asset-3028368.jpg",
    "squareImage": "https://static.colruytgroup.com/images/500x500sq/std.lang.all/83/68/asset-3028368.jpg",
    "content": "320g",
    "walkRouteSequenceNumber": 16356,
    "price": {
      "basicPrice": 0.99,
      "recommendedQuantity": "1.0",
      "measurementUnitPrice": 5.22,
      "measurementUnit": "K",
      "isRedPrice": false,
      "pricePerUOM": 5.22,
      "activationDate": "26-12-2023",
      "recordSource": "Offline",
      "isPromoActive": "N",
      "priceChangeCode": "E"
    },
    "isAvailable": true,
    "isPriceAvailable": true,
    "inPromo": false,
    "gtin": [
      "05400141299663",
      "05400141345681",
      "05400141427196",
      "15400141333562",
      "15400141781769",
      "05400141333565",
      "05400141168877"
    ],
    "topCategoryName": "Kruidenierswaren/Droge voeding",
    "topCategoryId": "233",
    "businessDomain": "RETAIL_BE",
    "IsPrivateLabel": true,
    "IsBiffe": false,
    "WeightconversionFactor": "0",
    "IsWeightArticle": false,
    "nutriscoreLabel": "A",
    "IsBio": false,
    "CountryOfOrigin": "BELGIË",
    "IsExclusivelySoldInLuxembourg": false,
    "OrderUnit": "P",
    "ShortName": "BONI EXT FYN AJUIN 320G",
    "InSeason": true,
    "IsNew": false,
    "EcoscoreLabel": "A",
    "RecentQuanityOfStockUnits": "1",
    "LongName": "BONI zilveruitjes op azijn 320g",
    "AlcoholVolume": "0",
    "StartSeasonDate": "29/10/2007",
    "FicCode": "I",
    "EcoscoreValue": "100"
  },
  {
    "productId": "138652",
    "technicalArticleNumber": "3202574",
    "commercialArticleNumber": "34376",
    "name": "groene tapenade",
    "description": "*Tapenade op basis\nvan groene olijven,\nkappers",
    "brand": "BONI",
    "seoBrand": "Boni Selection",
    "thumbNail": "https://static.colruytgroup.com/images/200x200/std.lang.all/16/08/asset-2741608.jpg",
    "fullImage": "https://static.colruytgroup.com/images/500x500/std.lang.all/16/08/asset-2741608.jpg",
    "squareImage": "https://static.colruytgroup.com/images/500x500sq/std.lang.all/16/08/asset-2741608.jpg",
    "content": "150g",
    "walkRouteSequenceNumber": 6781,
    "price": {
      "basicPrice": 1.99,
      "recommendedQuantity": "1.0",
      "quantityPrice": 1.83,
      "quantityPriceQuantity": "3.0",
      "measurementUnitPrice": 13.27,
      "measurementUnitQuantityPrice": 12.2,
      "measurementUnit": "K",
      "isRedPrice": false,
      "pricePerUOM": 13.27,
      "activationDate": "23-03-2024",
      "recordSource": "Offline",
      "isPromoActive": "N",
      "priceChangeCode": "H",
      "quantityPricePerUOM": 12.2,
      "quantityActivationDate": "23-03-2024",
      "quantityPriceChangeCode": "H"
    },
    "isAvailable": true,
    "isPriceAvailable": true,
    "inPromo": false,
    "gtin": [
      "05400141209853",
      "05400141205299",
      "15400141971924",
      "05400141927542"
    ],
    "topCategoryName": "Chips/Borrelhapjes",
    "topCategoryId": "306",
    "businessDomain": "RETAIL_BE",
    "IsPrivateLabel": true,
    "IsBiffe": false,
    "WeightconversionFactor": "0",
    "IsWeightArticle": false,
    "nutriscoreLabel": "D",
    "IsBio": false,
    "CountryOfOrigin": "BELGIË",
    "IsExclusivelySoldInLuxembourg": false,
    "OrderUnit": "P",
    "ShortName": "B GROENE TAPENADE 150G",
    "IsNew": false,
    "EcoscoreLabel": "C",
    "RecentQuanityOfStockUnits": "1",
    "LongName": "BONI groene tapenade 150g",
    "FicCode": "I",
    "EcoscoreValue": "58"
  },
  {
    "productId": "785741",
    "technicalArticleNumber": "4586541",
    "commercialArticleNumber": "16673",
    "name": "bolognaise saus 25%vlees ext.",
    "description": "*25 % vlees",
    "brand": "MANNA",
    "seoBrand": "Manna",
    "thumbNail": "https://static.colruytgroup.com/images/200x200/std.lang.all/38/71/asset-3253871.jpg",
    "fullImage": "https://static.colruytgroup.com/images/500x500/std.lang.all/38/71/asset-3253871.jpg",
    "squareImage": "https://static.colruytgroup.com/images/500x500sq/std.lang.all/38/71/asset-3253871.jpg",
    "content": "355g",
    "walkRouteSequenceNumber": 8399,
    "price": {
      "basicPrice": 2.89,
      "recommendedQuantity": "1.0",
      "measurementUnitPrice": 8.15,
      "measurementUnit": "K",
      "isRedPrice": false,
      "pricePerUOM": 8.15,
      "activationDate": "17-02-2024",
      "recordSource": "Offline",
      "isPromoActive": "N",
      "priceChangeCode": "E"
    },
    "isAvailable": true,
    "isPriceAvailable": true,
    "inPromo": false,
    "gtin": [
      "05412723233293",
      "05412723233279"
    ],
    "topCategoryName": "Kruidenierswaren/Droge voeding",
    "topCategoryId": "233",
    "businessDomain": "RETAIL_BE",
    "IsPrivateLabel": false,
    "IsBiffe": false,
    "WeightconversionFactor": "0",
    "IsWeightArticle": false,
    "IsBio": false,
    "CountryOfOrigin": "BELGIË",
    "IsExclusivelySoldInLuxembourg": false,
    "OrderUnit": "P",
    "ShortName": "MANN BOLOGNAISE EXT355G",
    "IsNew": false,
    "EcoscoreLabel": "D",
    "RecentQuanityOfStockUnits": "1",
    "LongName": "MANNA bolognaise saus 25%vlees ext. 355g",
    "AlcoholVolume": "0",
    "FicCode": "E",
    "EcoscoreValue": "22"
  },
  {
    "productId": "607934",
    "technicalArticleNumber": "4279086",
    "commercialArticleNumber": "5151",
    "name": "cracotte gourmande 250 g V",
    "brand": "LU",
    "seoBrand": "LU",
    "thumbNail": "https://static.colruytgroup.com/images/200x200/std.lang.all/28/83/asset-2122883.jpg",
    "fullImage": "https://static.colruytgroup.com/images/500x500/std.lang.all/28/83/asset-2122883.jpg",
    "squareImage": "https://static.colruytgroup.com/images/500x500sq/std.lang.all/28/83/asset-2122883.jpg",
    "content": "250g",
    "walkRouteSequenceNumber": 17051,
    "price": {
      "basicPrice": 2.99,
      "recommendedQuantity": "1.0",
      "measurementUnitPrice": 11.96,
      "measurementUnit": "K",
      "isRedPrice": false,
      "pricePerUOM": 11.96,
      "activationDate": "01-03-2024",
      "recordSource": "Offline",
      "isPromoActive": "N",
      "priceChangeCode": "E"
    },
    "isAvailable": true,
    "isPriceAvailable": true,
    "inPromo": false,
    "gtin": [
      "07622201130510",
      "07622201130527",
      "65400141171848"
    ],
    "topCategoryName": "Brood/Ontbijt",
    "topCategoryId": "124",
    "businessDomain": "RETAIL_BE",
    "IsPrivateLabel": false,
    "IsBiffe": false,
    "WeightconversionFactor": "0",
    "IsWeightArticle": false,
    "nutriscoreLabel": "D",
    "IsBio": false,
    "CountryOfOrigin": "FRANKRIJK",
    "IsExclusivelySoldInLuxembourg": false,
    "OrderUnit": "P",
    "ShortName": "LU CRACOTTE GOURMAN250G",
    "IsNew": false,
    "RecentQuanityOfStockUnits": "1,2",
    "LongName": "LU cracotte gourmande 250 g V 250g",
    "FicCode": "E"
  },
  {
    "productId": "334190",
    "technicalArticleNumber": "3796396",
    "commercialArticleNumber": "12286",
    "name": "couscous medium",
    "description": "*Oorsprong: Marokko\n*Kooktijd: 5min.",
    "brand": "DARI",
    "thumbNail": "https://static.colruytgroup.com/images/200x200/std.lang.all/22/97/asset-1392297.jpg",
    "fullImage": "https://static.colruytgroup.com/images/500x500/std.lang.all/22/97/asset-1392297.jpg",
    "squareImage": "https://static.colruytgroup.com/images/500x500sq/std.lang.all/22/97/asset-1392297.jpg",
    "content": "1kg",
    "walkRouteSequenceNumber": 8435,
    "price": {
      "basicPrice": 2.39,
      "recommendedQuantity": "1.0",
      "measurementUnitPrice": 2.39,
      "measurementUnit": "K",
      "isRedPrice": false,
      "pricePerUOM": 2.39,
      "activationDate": "02-03-2024",
      "recordSource": "Offline",
      "isPromoActive": "N",
      "priceChangeCode": "L"
    },
    "isAvailable": true,
    "isPriceAvailable": true,
    "inPromo": false,
    "gtin": [
      "16111094000010",
      "06111094000013"
    ],
    "topCategoryName": "Kruidenierswaren/Droge voeding",
    "topCategoryId": "233",
    "businessDomain": "RETAIL_BE",
    "IsPrivateLabel": false,
    "IsBiffe": false,
    "WeightconversionFactor": "0",
    "IsWeightArticle": false,
    "nutriscoreLabel": "A",
    "IsBio": false,
    "CountryOfOrigin": "BELGIË",
    "IsExclusivelySoldInLuxembourg": false,
    "OrderUnit": "P",
    "ShortName": "DARI COUSCOUS MEDIUM1KG",
    "IsNew": false,
    "EcoscoreLabel": "B",
    "RecentQuanityOfStockUnits": "1,12",
    "LongName": "DARI couscous medium 1kg",
    "AlcoholVolume": "0",
    "FicCode": "E",
    "EcoscoreValue": "66"
  },
  {
    "productId": "293546",
    "technicalArticleNumber": "3689793",
    "commercialArticleNumber": "34014",
    "name": "kerspaprika gevuld lactosevrij",
    "description": "*Gevuld met kaas\n*Lactosevrij",
    "brand": "BONI",
    "seoBrand": "Boni Selection",
    "thumbNail": "https://static.colruytgroup.com/images/200x200/std.lang.all/87/58/asset-2768758.jpg",
    "fullImage": "https://static.colruytgroup.com/images/500x500/std.lang.all/87/58/asset-2768758.jpg",
    "squareImage": "https://static.colruytgroup.com/images/500x500sq/std.lang.all/87/58/asset-2768758.jpg",
    "content": "150g",
    "walkRouteSequenceNumber": 7674,
    "price": {
      "basicPrice": 2.89,
      "recommendedQuantity": "1.0",
      "quantityPrice": 2.77,
      "quantityPriceQuantity": "3.0",
      "measurementUnitPrice": 19.27,
      "measurementUnitQuantityPrice": 18.47,
      "measurementUnit": "K",
      "isRedPrice": false,
      "pricePerUOM": 19.27,
      "activationDate": "17-11-2023",
      "isPromoActive": "N",
      "priceChangeCode": "E",
      "quantityPricePerUOM": 18.47,
      "quantityActivationDate": "17-11-2023",
      "quantityPriceChangeCode": "E"
    },
    "isAvailable": true,
    "isPriceAvailable": true,
    "inPromo": false,
    "gtin": [
      "15400141507123",
      "05400141507126",
      "15400141256007",
      "05400141256000",
      "05400141386462"
    ],
    "topCategoryName": "Chips/Borrelhapjes",
    "topCategoryId": "306",
    "businessDomain": "RETAIL_BE",
    "IsPrivateLabel": true,
    "IsBiffe": false,
    "WeightconversionFactor": "0",
    "IsWeightArticle": false,
    "nutriscoreLabel": "D",
    "IsBio": false,
    "CountryOfOrigin": "ZUID-AFRIKA",
    "IsExclusivelySoldInLuxembourg": false,
    "OrderUnit": "P",
    "ShortName": "BONI KERSPAPR.GEV.150G",
    "IsNew": false,
    "RecentQuanityOfStockUnits": "1",
    "LongName": "BONI kerspaprika gevuld lactosevrij 150g",
    "AlcoholVolume": "0",
    "FicCode": "I"
  },
  {
    "productId": "88",
    "technicalArticleNumber": "14367",
    "commercialArticleNumber": "14367",
    "name": "rijst snelkookrijst",
    "description": "*Kookbuiltjes\n*kooktijd:8 minuten",
    "brand": "BOSTO",
    "seoBrand": "Bosto",
    "thumbNail": "https://static.colruytgroup.com/images/200x200/std.lang.all/90/05/asset-1479005.jpg",
    "fullImage": "https://static.colruytgroup.com/images/500x500/std.lang.all/90/05/asset-1479005.jpg",
    "squareImage": "https://static.colruytgroup.com/images/500x500sq/std.lang.all/90/05/asset-1479005.jpg",
    "content": "4x125g",
    "walkRouteSequenceNumber": 8368,
    "price": {
      "basicPrice": 1.89,
      "recommendedQuantity": "1.0",
      "measurementUnitPrice": 3.78,
      "measurementUnit": "K",
      "isRedPrice": false,
      "pricePerUOM": 3.78,
      "activationDate": "19-03-2024",
      "recordSource": "Offline",
      "isPromoActive": "N",
      "priceChangeCode": "E"
    },
    "isAvailable": true,
    "isPriceAvailable": true,
    "inPromo": false,
    "gtin": [
      "15410106018649",
      "05410106013012"
    ],
    "topCategoryName": "Kruidenierswaren/Droge voeding",
    "topCategoryId": "233",
    "businessDomain": "RETAIL_BE",
    "IsPrivateLabel": false,
    "IsBiffe": false,
    "WeightconversionFactor": "0",
    "IsWeightArticle": false,
    "nutriscoreLabel": "A",
    "IsBio": false,
    "CountryOfOrigin": "BELGIË",
    "IsExclusivelySoldInLuxembourg": false,
    "OrderUnit": "P",
    "ShortName": "BOSTO 4X125G SNELKOOKR",
    "InSeason": true,
    "IsNew": false,
    "EcoscoreLabel": "E",
    "RecentQuanityOfStockUnits": "1,16",
    "LongName": "BOSTO rijst snelkookrijst 4x125g",
    "AlcoholVolume": "0",
    "StartSeasonDate": "28/12/2001",
    "FicCode": "E",
    "EcoscoreValue": "17"
  },
  {
    "productId": "11161",
    "technicalArticleNumber": "1405645",
    "commercialArticleNumber": "12525",
    "name": "bouillon Original vlees",
    "description": "*Bouillonblokjes\n*Tuinkruiden\n*Vissmaak\n*Laag in zout\n*Klaar voor gebruik",
    "brand": "KNORR",
    "seoBrand": "Knorr",
    "thumbNail": "https://static.colruytgroup.com/images/200x200/std.lang.all/09/24/asset-3450924.jpg",
    "fullImage": "https://static.colruytgroup.com/images/500x500/std.lang.all/09/24/asset-3450924.jpg",
    "squareImage": "https://static.colruytgroup.com/images/500x500sq/std.lang.all/09/24/asset-3450924.jpg",
    "content": "12st",
    "walkRouteSequenceNumber": 6537,
    "price": {
      "basicPrice": 1.95,
      "recommendedQuantity": "2.0",
      "measurementUnitPrice": 16.25,
      "measurementUnit": "K",
      "isRedPrice": false,
      "pricePerUOM": 16.25,
      "activationDate": "16-02-2024",
      "recordSource": "Offline",
      "isPromoActive": "N",
      "priceChangeCode": "L"
    },
    "isAvailable": true,
    "isPriceAvailable": true,
    "inPromo": false,
    "gtin": [
      "08720182722010",
      "08720182721990",
      "05400141125252",
      "05411100133423",
      "85400141628391",
      "00000087111125"
    ],
    "topCategoryName": "Kruidenierswaren/Droge voeding",
    "topCategoryId": "233",
    "businessDomain": "RETAIL_BE",
    "IsPrivateLabel": false,
    "IsBiffe": false,
    "WeightconversionFactor": "0",
    "IsWeightArticle": false,
    "nutriscoreLabel": "C",
    "IsBio": false,
    "CountryOfOrigin": "PORTUGAL",
    "IsExclusivelySoldInLuxembourg": false,
    "OrderUnit": "P",
    "ShortName": "KN ORIGINAL VLEES 12T",
    "InSeason": true,
    "IsNew": false,
    "EcoscoreLabel": "B",
    "RecentQuanityOfStockUnits": "1,2,12,1",
    "LongName": "KNORR bouillon Original vlees 12st",
    "AlcoholVolume": "0",
    "StartSeasonDate": "25/08/2014",
    "FicCode": "E",
    "EcoscoreValue": "79"
  },
  {
    "productId": "41664",
    "technicalArticleNumber": "2424850",
    "commercialArticleNumber": "22892",
    "name": "Mélange stoofvlees zakje",
    "description": "*Carbonadesaus\n*Kruidenmix\n*Belgische keuken\n*In een zakje\n*Klaar voor gebruik",
    "brand": "KNORR",
    "seoBrand": "Knorr",
    "thumbNail": "https://static.colruytgroup.com/images/200x200/std.lang.all/05/28/asset-3280528.jpg",
    "fullImage": "https://static.colruytgroup.com/images/500x500/std.lang.all/05/28/asset-3280528.jpg",
    "squareImage": "https://static.colruytgroup.com/images/500x500sq/std.lang.all/05/28/asset-3280528.jpg",
    "content": "62g",
    "walkRouteSequenceNumber": 8277,
    "price": {
      "basicPrice": 1.65,
      "recommendedQuantity": "5.0",
      "measurementUnitPrice": 26.62,
      "measurementUnit": "K",
      "isRedPrice": false,
      "pricePerUOM": 26.62,
      "activationDate": "02-02-2024",
      "recordSource": "Offline",
      "isPromoActive": "N",
      "priceChangeCode": "E"
    },
    "isAvailable": true,
    "isPriceAvailable": true,
    "inPromo": false,
    "gtin": [
      "05400141928921",
      "08711200327768",
      "08712566058143",
      "15400141922896"
    ],
    "topCategoryName": "Kruidenierswaren/Droge voeding",
    "topCategoryId": "233",
    "businessDomain": "RETAIL_BE",
    "IsPrivateLabel": false,
    "IsBiffe": false,
    "WeightconversionFactor": "0",
    "IsWeightArticle": false,
    "nutriscoreLabel": "B",
    "IsBio": false,
    "CountryOfOrigin": "DUITSLAND",
    "IsExclusivelySoldInLuxembourg": false,
    "OrderUnit": "P",
    "ShortName": "KNORR MEL STOOFVLEES62",
    "IsNew": false,
    "RecentQuanityOfStockUnits": "1,5,15",
    "LongName": "KNORR Mélange stoofvlees zakje 62g",
    "AlcoholVolume": "0",
    "FicCode": "E"
  },
  {
    "productId": "106717",
    "technicalArticleNumber": "3132352",
    "commercialArticleNumber": "42869",
    "name": "currypasta groen",
    "description": "*Groene kerrie",
    "brand": "BONI",
    "seoBrand": "Boni Selection",
    "thumbNail": "https://static.colruytgroup.com/images/200x200/std.lang.all/58/71/asset-2985871.jpg",
    "fullImage": "https://static.colruytgroup.com/images/500x500/std.lang.all/58/71/asset-2985871.jpg",
    "squareImage": "https://static.colruytgroup.com/images/500x500sq/std.lang.all/58/71/asset-2985871.jpg",
    "content": "100g",
    "walkRouteSequenceNumber": 8650,
    "price": {
      "basicPrice": 1.29,
      "recommendedQuantity": "1.0",
      "measurementUnitPrice": 12.9,
      "measurementUnit": "K",
      "isRedPrice": false,
      "pricePerUOM": 12.9,
      "activationDate": "10-11-2023",
      "isPromoActive": "N",
      "priceChangeCode": "E"
    },
    "isAvailable": true,
    "isPriceAvailable": true,
    "inPromo": false,
    "gtin": [
      "15400141290032",
      "05400141123937",
      "05400141290035",
      "05400141074772",
      "05400141792881",
      "15400141792888"
    ],
    "topCategoryName": "Kruidenierswaren/Droge voeding",
    "topCategoryId": "233",
    "businessDomain": "RETAIL_BE",
    "IsPrivateLabel": true,
    "IsBiffe": false,
    "WeightconversionFactor": "0",
    "IsWeightArticle": false,
    "nutriscoreLabel": "E",
    "IsBio": false,
    "CountryOfOrigin": "BELGIË",
    "IsExclusivelySoldInLuxembourg": false,
    "OrderUnit": "P",
    "ShortName": "BONI GROENE CURRY 100G",
    "IsNew": false,
    "EcoscoreLabel": "D",
    "RecentQuanityOfStockUnits": "1,12",
    "LongName": "BONI currypasta groen 100g",
    "AlcoholVolume": "0",
    "FicCode": "I",
    "EcoscoreValue": "29"
  },
  {
    "productId": "184581",
    "technicalArticleNumber": "3456196",
    "commercialArticleNumber": "50255",
    "name": "bruine suiker kandijsmaak",
    "brand": "BONI",
    "seoBrand": "Boni Selection",
    "thumbNail": "https://static.colruytgroup.com/images/200x200/std.lang.all/05/47/asset-2240547.jpg",
    "fullImage": "https://static.colruytgroup.com/images/500x500/std.lang.all/05/47/asset-2240547.jpg",
    "squareImage": "https://static.colruytgroup.com/images/500x500sq/std.lang.all/05/47/asset-2240547.jpg",
    "content": "1kg",
    "walkRouteSequenceNumber": 9298,
    "price": {
      "basicPrice": 2.99,
      "recommendedQuantity": "1.0",
      "measurementUnitPrice": 2.99,
      "measurementUnit": "K",
      "isRedPrice": false,
      "pricePerUOM": 2.99,
      "activationDate": "28-11-2023",
      "recordSource": "Offline",
      "isPromoActive": "N",
      "priceChangeCode": "H"
    },
    "isAvailable": true,
    "isPriceAvailable": true,
    "inPromo": false,
    "gtin": [
      "15400141385875",
      "05400141385878",
      "15400141836643",
      "05400141380989"
    ],
    "topCategoryName": "Kruidenierswaren/Droge voeding",
    "topCategoryId": "233",
    "businessDomain": "RETAIL_BE",
    "IsPrivateLabel": true,
    "IsBiffe": false,
    "WeightconversionFactor": "0",
    "IsWeightArticle": false,
    "nutriscoreLabel": "E",
    "IsBio": false,
    "CountryOfOrigin": "BELGIË",
    "IsExclusivelySoldInLuxembourg": false,
    "OrderUnit": "P",
    "ShortName": "BONI BR.SUIKER KAND.1KG",
    "IsNew": false,
    "EcoscoreLabel": "A",
    "RecentQuanityOfStockUnits": "1,10",
    "LongName": "BONI bruine suiker kandijsmaak 1kg",
    "AlcoholVolume": "0",
    "FicCode": "I",
    "EcoscoreValue": "80"
  },
  {
    "productId": "270971",
    "technicalArticleNumber": "3637797",
    "commercialArticleNumber": "20311",
    "name": "Mexican fajita mix",
    "brand": "POCO LOCO",
    "seoBrand": "Poco Loco",
    "thumbNail": "https://static.colruytgroup.com/images/200x200/std.lang.all/52/00/asset-2755200.jpg",
    "fullImage": "https://static.colruytgroup.com/images/500x500/std.lang.all/52/00/asset-2755200.jpg",
    "squareImage": "https://static.colruytgroup.com/images/500x500sq/std.lang.all/52/00/asset-2755200.jpg",
    "content": "40g",
    "walkRouteSequenceNumber": 8664,
    "price": {
      "basicPrice": 1.29,
      "recommendedQuantity": "1.0",
      "measurementUnitPrice": 32.25,
      "measurementUnit": "K",
      "isRedPrice": false,
      "pricePerUOM": 32.25,
      "activationDate": "14-11-2023",
      "isPromoActive": "N",
      "priceChangeCode": "E"
    },
    "isAvailable": true,
    "isPriceAvailable": true,
    "inPromo": false,
    "gtin": [
      "15412514932944",
      "05412514932947"
    ],
    "topCategoryName": "Kruidenierswaren/Droge voeding",
    "topCategoryId": "233",
    "businessDomain": "RETAIL_BE",
    "IsPrivateLabel": false,
    "IsBiffe": false,
    "WeightconversionFactor": "0",
    "IsWeightArticle": false,
    "nutriscoreLabel": "E",
    "IsBio": false,
    "CountryOfOrigin": "ESTLAND",
    "IsExclusivelySoldInLuxembourg": false,
    "OrderUnit": "P",
    "ShortName": "PO.LO.FAJITA SPI.MIX 40",
    "IsNew": false,
    "EcoscoreLabel": "E",
    "RecentQuanityOfStockUnits": "1",
    "LongName": "POCO LOCO Mexican fajita mix 40g",
    "AlcoholVolume": "0",
    "FicCode": "E",
    "EcoscoreValue": "2"
  },
  {
    "productId": "886",
    "technicalArticleNumber": "13303",
    "commercialArticleNumber": "13303",
    "name": "saus bearnaise",
    "brand": "DEVOS LEMMENS",
    "seoBrand": "Devos Lemmens",
    "thumbNail": "https://static.colruytgroup.com/images/200x200/std.lang.all/27/10/asset-892710.jpg",
    "fullImage": "https://static.colruytgroup.com/images/500x500/std.lang.all/27/10/asset-892710.jpg",
    "squareImage": "https://static.colruytgroup.com/images/500x500sq/std.lang.all/27/10/asset-892710.jpg",
    "content": "300ml",
    "walkRouteSequenceNumber": 8150,
    "price": {
      "basicPrice": 1.99,
      "recommendedQuantity": "1.0",
      "measurementUnitPrice": 6.64,
      "measurementUnit": "L",
      "isRedPrice": false,
      "pricePerUOM": 6.64,
      "activationDate": "02-01-2024",
      "recordSource": "Offline",
      "isPromoActive": "N",
      "priceChangeCode": "E"
    },
    "isAvailable": true,
    "isPriceAvailable": true,
    "inPromo": false,
    "gtin": [
      "05410056181083",
      "05410056781085"
    ],
    "topCategoryName": "Kruidenierswaren/Droge voeding",
    "topCategoryId": "233",
    "businessDomain": "RETAIL_BE",
    "IsPrivateLabel": false,
    "IsBiffe": false,
    "WeightconversionFactor": "0",
    "IsWeightArticle": false,
    "nutriscoreLabel": "D",
    "IsBio": false,
    "CountryOfOrigin": "BELGIË",
    "IsExclusivelySoldInLuxembourg": false,
    "OrderUnit": "P",
    "ShortName": "DVL BEARNAISE 300ML",
    "IsNew": false,
    "EcoscoreLabel": "C",
    "RecentQuanityOfStockUnits": "1",
    "LongName": "DEVOS LEMMENS saus bearnaise 300ml",
    "AlcoholVolume": "0",
    "FicCode": "E",
    "EcoscoreValue": "42"
  },
  {
    "productId": "571160",
    "technicalArticleNumber": "4216337",
    "commercialArticleNumber": "7536",
    "name": "Trio hummus papr-peterselie-basil.",
    "description": "*Paprika, peterselie\nbasilicum",
    "thumbNail": "https://static.colruytgroup.com/images/200x200/std.lang.all/47/97/asset-2084797.jpg",
    "fullImage": "https://static.colruytgroup.com/images/500x500/std.lang.all/47/97/asset-2084797.jpg",
    "squareImage": "https://static.colruytgroup.com/images/500x500sq/std.lang.all/47/97/asset-2084797.jpg",
    "content": "210g",
    "walkRouteSequenceNumber": 7759,
    "price": {
      "basicPrice": 1.99,
      "recommendedQuantity": "1.0",
      "quantityPrice": 1.91,
      "quantityPriceQuantity": "3.0",
      "measurementUnitPrice": 9.48,
      "measurementUnitQuantityPrice": 9.1,
      "measurementUnit": "K",
      "isRedPrice": false,
      "pricePerUOM": 9.48,
      "activationDate": "11-10-2023",
      "recordSource": "Offline",
      "isPromoActive": "N",
      "priceChangeCode": "H",
      "quantityPricePerUOM": 9.1,
      "quantityActivationDate": "11-10-2023",
      "quantityPriceChangeCode": "E"
    },
    "isAvailable": true,
    "isPriceAvailable": true,
    "inPromo": false,
    "gtin": [
      "05425020166553",
      "15425020166550"
    ],
    "topCategoryName": "Chips/Borrelhapjes",
    "topCategoryId": "306",
    "businessDomain": "RETAIL_BE",
    "IsPrivateLabel": false,
    "IsBiffe": false,
    "WeightconversionFactor": "0",
    "IsWeightArticle": false,
    "IsBio": false,
    "CountryOfOrigin": "BELGIË",
    "IsExclusivelySoldInLuxembourg": false,
    "OrderUnit": "P",
    "ShortName": "TRIO HUM.PA.PE..BAS210G",
    "IsNew": false,
    "RecentQuanityOfStockUnits": "1",
    "LongName": "Trio hummus papr-peterselie-basil. 210g",
    "FicCode": "E"
  },
  {
    "productId": "849",
    "technicalArticleNumber": "13154",
    "commercialArticleNumber": "13154",
    "name": "kruiden pilipili",
    "brand": "BONI",
    "seoBrand": "Boni Selection",
    "thumbNail": "https://static.colruytgroup.com/images/200x200/std.lang.all/80/23/asset-3028023.jpg",
    "fullImage": "https://static.colruytgroup.com/images/500x500/std.lang.all/80/23/asset-3028023.jpg",
    "squareImage": "https://static.colruytgroup.com/images/500x500sq/std.lang.all/80/23/asset-3028023.jpg",
    "content": "40g",
    "walkRouteSequenceNumber": 6430,
    "price": {
      "basicPrice": 0.99,
      "recommendedQuantity": "1.0",
      "measurementUnitPrice": 24.75,
      "measurementUnit": "K",
      "isRedPrice": false,
      "pricePerUOM": 24.75,
      "activationDate": "12-12-2023",
      "recordSource": "Offline",
      "isPromoActive": "N",
      "priceChangeCode": "H"
    },
    "isAvailable": true,
    "isPriceAvailable": true,
    "inPromo": false,
    "gtin": [
      "15400141097921",
      "05400141097924",
      "05400141131543",
      "05400141210170"
    ],
    "topCategoryName": "Kruidenierswaren/Droge voeding",
    "topCategoryId": "233",
    "businessDomain": "RETAIL_BE",
    "IsPrivateLabel": true,
    "IsBiffe": false,
    "WeightconversionFactor": "0",
    "IsWeightArticle": false,
    "nutriscoreLabel": "E",
    "IsBio": false,
    "CountryOfOrigin": "CHINA (VOLKSREBUPLIEK)",
    "IsExclusivelySoldInLuxembourg": false,
    "OrderUnit": "P",
    "ShortName": "BONI PILI PILI 40G",
    "IsNew": false,
    "EcoscoreLabel": "E",
    "RecentQuanityOfStockUnits": "1,12",
    "LongName": "BONI kruiden pilipili 40g",
    "AlcoholVolume": "0",
    "FicCode": "I",
    "EcoscoreValue": "14"
  },
  {
    "productId": "3397",
    "technicalArticleNumber": "1096506",
    "commercialArticleNumber": "12202",
    "name": "sesamolie",
    "description": "*Sesamolie",
    "brand": "BONI",
    "seoBrand": "Boni Selection",
    "thumbNail": "https://static.colruytgroup.com/images/200x200/std.lang.all/04/32/asset-2060432.jpg",
    "fullImage": "https://static.colruytgroup.com/images/500x500/std.lang.all/04/32/asset-2060432.jpg",
    "squareImage": "https://static.colruytgroup.com/images/500x500sq/std.lang.all/04/32/asset-2060432.jpg",
    "content": "25cl",
    "walkRouteSequenceNumber": 8673,
    "price": {
      "basicPrice": 3.99,
      "recommendedQuantity": "1.0",
      "measurementUnitPrice": 15.96,
      "measurementUnit": "L",
      "isRedPrice": false,
      "pricePerUOM": 15.96,
      "activationDate": "17-02-2024",
      "recordSource": "Offline",
      "isPromoActive": "N",
      "priceChangeCode": "E"
    },
    "isAvailable": true,
    "isPriceAvailable": true,
    "inPromo": false,
    "gtin": [
      "15400141836292",
      "05400141382938",
      "05400141032024",
      "05400141168211",
      "05400141277449"
    ],
    "topCategoryName": "Kruidenierswaren/Droge voeding",
    "topCategoryId": "233",
    "businessDomain": "RETAIL_BE",
    "IsPrivateLabel": true,
    "IsBiffe": false,
    "WeightconversionFactor": "0",
    "IsWeightArticle": false,
    "nutriscoreLabel": "C",
    "IsBio": false,
    "CountryOfOrigin": "BELGIË",
    "IsExclusivelySoldInLuxembourg": false,
    "OrderUnit": "P",
    "ShortName": "BONI SESAM.OLI250ML",
    "IsNew": false,
    "EcoscoreLabel": "C",
    "RecentQuanityOfStockUnits": "1,12",
    "LongName": "BONI sesamolie 25cl",
    "AlcoholVolume": "0",
    "FicCode": "I",
    "EcoscoreValue": "54"
  },
  {
    "productId": "544643",
    "technicalArticleNumber": "4170784",
    "commercialArticleNumber": "9886",
    "name": "tomato ketchup TD",
    "brand": "DEVOS LEMMENS",
    "seoBrand": "Devos Lemmens",
    "thumbNail": "https://static.colruytgroup.com/images/200x200/std.lang.all/11/45/asset-2191145.jpg",
    "fullImage": "https://static.colruytgroup.com/images/500x500/std.lang.all/11/45/asset-2191145.jpg",
    "squareImage": "https://static.colruytgroup.com/images/500x500sq/std.lang.all/11/45/asset-2191145.jpg",
    "content": "440ml",
    "walkRouteSequenceNumber": 8198,
    "price": {
      "basicPrice": 2.49,
      "recommendedQuantity": "1.0",
      "measurementUnitPrice": 5.66,
      "measurementUnit": "L",
      "isRedPrice": false,
      "pricePerUOM": 5.66,
      "activationDate": "13-03-2024",
      "recordSource": "Offline",
      "isPromoActive": "Y",
      "priceChangeCode": "H"
    },
    "isAvailable": true,
    "isPriceAvailable": true,
    "inPromo": true,
    "promotion": [
      {
        "techPromoId": "100877COLR",
        "promotionId": "100877",
        "promotionType": "3",
        "isPersonalized": "N",
        "publicationStartDate": "13-03-2024",
        "publicationEndDate": "26-03-2024"
      }
    ],
    "gtin": [
      "05414972127552",
      "05414972727554"
    ],
    "topCategoryName": "Kruidenierswaren/Droge voeding",
    "topCategoryId": "233",
    "businessDomain": "RETAIL_BE",
    "IsPrivateLabel": false,
    "IsBiffe": false,
    "WeightconversionFactor": "0",
    "IsWeightArticle": false,
    "nutriscoreLabel": "D",
    "IsBio": false,
    "CountryOfOrigin": "BELGIË",
    "IsExclusivelySoldInLuxembourg": false,
    "OrderUnit": "P",
    "ShortName": "DVL TOM.KETCHUP TD 440",
    "IsNew": false,
    "EcoscoreLabel": "B",
    "RecentQuanityOfStockUnits": "1,12",
    "LongName": "DEVOS LEMMENS tomato ketchup TD 440ml",
    "FicCode": "E",
    "EcoscoreValue": "74"
  },
  {
    "productId": "21",
    "technicalArticleNumber": "14879",
    "commercialArticleNumber": "14879",
    "name": "mix voor pannenkoeken",
    "description": "*Melk toevoegen",
    "brand": "DR.OETKER",
    "seoBrand": "Dr.Oetker",
    "thumbNail": "https://static.colruytgroup.com/images/200x200/std.lang.all/92/80/asset-3209280.jpg",
    "fullImage": "https://static.colruytgroup.com/images/500x500/std.lang.all/92/80/asset-3209280.jpg",
    "squareImage": "https://static.colruytgroup.com/images/500x500sq/std.lang.all/92/80/asset-3209280.jpg",
    "content": "3x200g",
    "walkRouteSequenceNumber": 9422,
    "price": {
      "basicPrice": 2.99,
      "recommendedQuantity": "1.0",
      "measurementUnitPrice": 4.99,
      "measurementUnit": "K",
      "isRedPrice": false,
      "pricePerUOM": 4.99,
      "activationDate": "20-03-2024",
      "recordSource": "Offline",
      "isPromoActive": "N",
      "priceChangeCode": "E"
    },
    "isAvailable": true,
    "isPriceAvailable": true,
    "inPromo": true,
    "promotion": [
      {
        "techPromoId": "100927COLR",
        "promotionId": "100927",
        "promotionType": "3",
        "isPersonalized": "N",
        "publicationStartDate": "13-03-2024",
        "publicationEndDate": "26-03-2024"
      }
    ],
    "gtin": [
      "05410231201322",
      "05410231014144"
    ],
    "topCategoryName": "Kruidenierswaren/Droge voeding",
    "topCategoryId": "233",
    "businessDomain": "RETAIL_BE",
    "IsPrivateLabel": false,
    "IsBiffe": false,
    "WeightconversionFactor": "0",
    "IsWeightArticle": false,
    "nutriscoreLabel": "B",
    "IsBio": false,
    "CountryOfOrigin": "FRANKRIJK",
    "IsExclusivelySoldInLuxembourg": false,
    "OrderUnit": "P",
    "ShortName": "OETK 3X200G PANKOEKMIX.",
    "IsNew": false,
    "RecentQuanityOfStockUnits": "1,6",
    "LongName": "DR.OETKER mix voor pannenkoeken 3x200g",
    "AlcoholVolume": "0",
    "FicCode": "E"
  },
  {
    "productId": "82649",
    "technicalArticleNumber": "2945878",
    "commercialArticleNumber": "17769",
    "name": "puree natuur",
    "brand": "MOUSLINE",
    "seoBrand": "Mousline",
    "thumbNail": "https://static.colruytgroup.com/images/200x200/std.lang.all/16/06/asset-3331606.jpg",
    "fullImage": "https://static.colruytgroup.com/images/500x500/std.lang.all/16/06/asset-3331606.jpg",
    "squareImage": "https://static.colruytgroup.com/images/500x500sq/std.lang.all/16/06/asset-3331606.jpg",
    "content": "4x130g",
    "walkRouteSequenceNumber": 8440,
    "price": {
      "basicPrice": 3.75,
      "recommendedQuantity": "1.0",
      "measurementUnitPrice": 7.22,
      "measurementUnit": "K",
      "isRedPrice": false,
      "pricePerUOM": 7.22,
      "activationDate": "19-03-2024",
      "recordSource": "Offline",
      "isPromoActive": "N",
      "priceChangeCode": "H"
    },
    "isAvailable": true,
    "isPriceAvailable": true,
    "inPromo": false,
    "gtin": [
      "03760381261106",
      "07613034204578",
      "07613034889850",
      "07613036973892",
      "07613036973908",
      "03760381261090"
    ],
    "topCategoryName": "Kruidenierswaren/Droge voeding",
    "topCategoryId": "233",
    "businessDomain": "RETAIL_BE",
    "IsPrivateLabel": false,
    "IsBiffe": false,
    "WeightconversionFactor": "0",
    "IsWeightArticle": false,
    "nutriscoreLabel": "A",
    "IsBio": false,
    "CountryOfOrigin": "FRANKRIJK",
    "IsExclusivelySoldInLuxembourg": false,
    "OrderUnit": "P",
    "ShortName": "MOUS PUREE NATUUR 4X130",
    "IsNew": false,
    "RecentQuanityOfStockUnits": "1,1,14",
    "LongName": "MOUSLINE puree natuur 4x130g",
    "AlcoholVolume": "0",
    "FicCode": "E"
  },
  {
    "productId": "210832",
    "technicalArticleNumber": "3510839",
    "commercialArticleNumber": "50586",
    "name": "kruidentuiltje zakje",
    "brand": "BONI",
    "seoBrand": "Boni Selection",
    "thumbNail": "https://static.colruytgroup.com/images/200x200/std.lang.all/54/77/asset-1575477.jpg",
    "fullImage": "https://static.colruytgroup.com/images/500x500/std.lang.all/54/77/asset-1575477.jpg",
    "squareImage": "https://static.colruytgroup.com/images/500x500sq/std.lang.all/54/77/asset-1575477.jpg",
    "content": "5x3g",
    "walkRouteSequenceNumber": 6489,
    "price": {
      "basicPrice": 2.81,
      "recommendedQuantity": "1.0",
      "measurementUnitPrice": 187.34,
      "measurementUnit": "K",
      "isRedPrice": false,
      "pricePerUOM": 187.34,
      "activationDate": "21-03-2024",
      "recordSource": "Offline",
      "isPromoActive": "N",
      "priceChangeCode": "L"
    },
    "isAvailable": true,
    "isPriceAvailable": true,
    "inPromo": false,
    "gtin": [
      "15400141933793",
      "05400141190526",
      "25400141190520"
    ],
    "topCategoryName": "Kruidenierswaren/Droge voeding",
    "topCategoryId": "233",
    "businessDomain": "RETAIL_BE",
    "IsPrivateLabel": true,
    "IsBiffe": false,
    "WeightconversionFactor": "0",
    "IsWeightArticle": false,
    "IsBio": false,
    "CountryOfOrigin": "TURKIJE",
    "IsExclusivelySoldInLuxembourg": false,
    "OrderUnit": "P",
    "ShortName": "BONI KRUIDENTUIL 5X3G",
    "IsNew": false,
    "EcoscoreLabel": "B",
    "RecentQuanityOfStockUnits": "1",
    "LongName": "BONI kruidentuiltje zakje 5x3g",
    "AlcoholVolume": "0",
    "FicCode": "I",
    "EcoscoreValue": "65"
  },
  {
    "productId": "838247",
    "technicalArticleNumber": "4681079",
    "commercialArticleNumber": "30456",
    "name": "Dipsaus groene pesto",
    "brand": "BONI",
    "seoBrand": "Boni Selection",
    "thumbNail": "https://static.colruytgroup.com/images/200x200/std.lang.all/65/86/asset-3346586.jpg",
    "fullImage": "https://static.colruytgroup.com/images/500x500/std.lang.all/65/86/asset-3346586.jpg",
    "squareImage": "https://static.colruytgroup.com/images/500x500sq/std.lang.all/65/86/asset-3346586.jpg",
    "content": "175g",
    "walkRouteSequenceNumber": 6787,
    "price": {
      "basicPrice": 2.79,
      "recommendedQuantity": "1.0",
      "quantityPrice": 2.57,
      "quantityPriceQuantity": "3.0",
      "measurementUnitPrice": 15.95,
      "measurementUnitQuantityPrice": 14.69,
      "measurementUnit": "K",
      "isRedPrice": false,
      "pricePerUOM": 15.95,
      "activationDate": "13-06-2023",
      "isPromoActive": "N",
      "priceChangeCode": "E",
      "quantityPricePerUOM": 14.69,
      "quantityActivationDate": "13-06-2023",
      "quantityPriceChangeCode": "E"
    },
    "isAvailable": true,
    "isPriceAvailable": true,
    "inPromo": false,
    "gtin": [
      "05400141513097"
    ],
    "topCategoryName": "Chips/Borrelhapjes",
    "topCategoryId": "306",
    "businessDomain": "RETAIL_BE",
    "IsPrivateLabel": true,
    "IsBiffe": false,
    "WeightconversionFactor": "0",
    "IsWeightArticle": false,
    "nutriscoreLabel": "E",
    "IsBio": false,
    "CountryOfOrigin": "BELGIË",
    "IsExclusivelySoldInLuxembourg": false,
    "OrderUnit": "P",
    "ShortName": "BONI KAASDIP GR.PEST175",
    "IsNew": false,
    "EcoscoreLabel": "D",
    "RecentQuanityOfStockUnits": "1",
    "LongName": "BONI Dipsaus groene pesto 175g",
    "FicCode": "I",
    "EcoscoreValue": "38"
  },
  {
    "productId": "43724",
    "technicalArticleNumber": "2454278",
    "commercialArticleNumber": "37190",
    "name": "sojasaus",
    "description": "*Sojasaus bereid met\nnatuurlijke\ningrediënten",
    "brand": "KIKKOMAN",
    "seoBrand": "Kikkoman",
    "thumbNail": "https://static.colruytgroup.com/images/200x200/std.lang.all/21/16/asset-1242116.jpg",
    "fullImage": "https://static.colruytgroup.com/images/500x500/std.lang.all/21/16/asset-1242116.jpg",
    "squareImage": "https://static.colruytgroup.com/images/500x500sq/std.lang.all/21/16/asset-1242116.jpg",
    "content": "250ml",
    "walkRouteSequenceNumber": 8671,
    "price": {
      "basicPrice": 4.65,
      "recommendedQuantity": "1.0",
      "measurementUnitPrice": 18.6,
      "measurementUnit": "L",
      "isRedPrice": false,
      "pricePerUOM": 18.6,
      "activationDate": "18-03-2024",
      "recordSource": "Offline",
      "isPromoActive": "N",
      "priceChangeCode": "H"
    },
    "isAvailable": true,
    "isPriceAvailable": true,
    "inPromo": false,
    "gtin": [
      "08715035110342",
      "08715035110304"
    ],
    "topCategoryName": "Kruidenierswaren/Droge voeding",
    "topCategoryId": "233",
    "businessDomain": "RETAIL_BE",
    "IsPrivateLabel": false,
    "IsBiffe": false,
    "WeightconversionFactor": "0",
    "IsWeightArticle": false,
    "nutriscoreLabel": "E",
    "IsBio": false,
    "CountryOfOrigin": "BELGIË",
    "IsExclusivelySoldInLuxembourg": false,
    "OrderUnit": "P",
    "ShortName": "KIKKOMAN SOJA 250ML",
    "IsNew": false,
    "EcoscoreLabel": "A",
    "RecentQuanityOfStockUnits": "1",
    "LongName": "KIKKOMAN sojasaus 250ml",
    "AlcoholVolume": "0",
    "FicCode": "E",
    "EcoscoreValue": "90"
  },
  {
    "productId": "493034",
    "technicalArticleNumber": "4091008",
    "commercialArticleNumber": "8095",
    "name": "soep tomaat balletjes",
    "description": "*Tomatensoep\nmet balletjes",
    "brand": "BONI",
    "seoBrand": "Boni Selection",
    "thumbNail": "https://static.colruytgroup.com/images/200x200/std.lang.all/04/15/asset-2030415.jpg",
    "fullImage": "https://static.colruytgroup.com/images/500x500/std.lang.all/04/15/asset-2030415.jpg",
    "squareImage": "https://static.colruytgroup.com/images/500x500sq/std.lang.all/04/15/asset-2030415.jpg",
    "content": "1L",
    "walkRouteSequenceNumber": 16863,
    "price": {
      "basicPrice": 2.19,
      "recommendedQuantity": "1.0",
      "measurementUnitPrice": 2.19,
      "measurementUnit": "L",
      "isRedPrice": false,
      "pricePerUOM": 2.19,
      "activationDate": "16-01-2024",
      "recordSource": "Offline",
      "isPromoActive": "N",
      "priceChangeCode": "E"
    },
    "isAvailable": true,
    "isPriceAvailable": true,
    "inPromo": false,
    "gtin": [
      "05400141284577",
      "15400141284574"
    ],
    "topCategoryName": "Kruidenierswaren/Droge voeding",
    "topCategoryId": "233",
    "businessDomain": "RETAIL_BE",
    "IsPrivateLabel": true,
    "IsBiffe": false,
    "WeightconversionFactor": "0",
    "IsWeightArticle": false,
    "nutriscoreLabel": "C",
    "IsBio": false,
    "CountryOfOrigin": "FRANKRIJK",
    "IsExclusivelySoldInLuxembourg": false,
    "OrderUnit": "P",
    "ShortName": "BONI TOMAAT BALLETJES1L",
    "IsNew": false,
    "EcoscoreLabel": "C",
    "RecentQuanityOfStockUnits": "1,8",
    "LongName": "BONI soep tomaat balletjes 1L",
    "FicCode": "I",
    "EcoscoreValue": "43"
  },
  {
    "productId": "91740",
    "technicalArticleNumber": "2853422",
    "commercialArticleNumber": "34296",
    "name": "fijn zeezout Salts of the Sea",
    "brand": "JOZO",
    "seoBrand": "Jozo",
    "thumbNail": "https://static.colruytgroup.com/images/200x200/std.lang.all/79/35/asset-1417935.jpg",
    "fullImage": "https://static.colruytgroup.com/images/500x500/std.lang.all/79/35/asset-1417935.jpg",
    "squareImage": "https://static.colruytgroup.com/images/500x500sq/std.lang.all/79/35/asset-1417935.jpg",
    "content": "300g",
    "walkRouteSequenceNumber": 6498,
    "price": {
      "basicPrice": 2.49,
      "recommendedQuantity": "1.0",
      "measurementUnitPrice": 8.3,
      "measurementUnit": "K",
      "isRedPrice": false,
      "pricePerUOM": 8.3,
      "activationDate": "29-11-2023",
      "isPromoActive": "N",
      "priceChangeCode": "H"
    },
    "isAvailable": true,
    "isPriceAvailable": true,
    "inPromo": false,
    "gtin": [
      "08715800100974",
      "08715800100967"
    ],
    "topCategoryName": "Kruidenierswaren/Droge voeding",
    "topCategoryId": "233",
    "businessDomain": "RETAIL_BE",
    "IsPrivateLabel": false,
    "IsBiffe": false,
    "WeightconversionFactor": "0",
    "IsWeightArticle": false,
    "nutriscoreLabel": "E",
    "IsBio": false,
    "CountryOfOrigin": "BELGIË",
    "IsExclusivelySoldInLuxembourg": false,
    "OrderUnit": "P",
    "ShortName": "JOZO FIJN GRIJS ZEEZ300",
    "IsNew": false,
    "EcoscoreLabel": "A",
    "RecentQuanityOfStockUnits": "1,6",
    "LongName": "JOZO fijn zeezout Salts of the Sea 300g",
    "AlcoholVolume": "0",
    "FicCode": "E",
    "EcoscoreValue": "96"
  },
  {
    "productId": "696518",
    "technicalArticleNumber": "4426456",
    "commercialArticleNumber": "26031",
    "name": "bourbon vanille extract",
    "brand": "DR.OETKER",
    "seoBrand": "Dr.Oetker",
    "thumbNail": "https://static.colruytgroup.com/images/200x200/std.lang.all/58/50/asset-2455850.jpg",
    "fullImage": "https://static.colruytgroup.com/images/500x500/std.lang.all/58/50/asset-2455850.jpg",
    "squareImage": "https://static.colruytgroup.com/images/500x500sq/std.lang.all/58/50/asset-2455850.jpg",
    "content": "30ml",
    "walkRouteSequenceNumber": 9436,
    "price": {
      "basicPrice": 3.93,
      "recommendedQuantity": "1.0",
      "quantityPrice": 3.58,
      "quantityPriceQuantity": "3.0",
      "measurementUnitPrice": 131,
      "measurementUnitQuantityPrice": 119.34,
      "measurementUnit": "L",
      "isRedPrice": false,
      "pricePerUOM": 131,
      "activationDate": "20-03-2024",
      "recordSource": "Offline",
      "isPromoActive": "N",
      "priceChangeCode": "L",
      "quantityPricePerUOM": 119.34,
      "quantityActivationDate": "20-03-2024",
      "quantityPriceChangeCode": "H"
    },
    "isAvailable": true,
    "isPriceAvailable": true,
    "inPromo": false,
    "gtin": [
      "05410231082945",
      "05410231082921"
    ],
    "topCategoryName": "Kruidenierswaren/Droge voeding",
    "topCategoryId": "233",
    "businessDomain": "RETAIL_BE",
    "IsPrivateLabel": false,
    "IsBiffe": false,
    "WeightconversionFactor": "0",
    "IsWeightArticle": false,
    "nutriscoreLabel": "D",
    "IsBio": false,
    "CountryOfOrigin": "POLEN",
    "IsExclusivelySoldInLuxembourg": false,
    "OrderUnit": "P",
    "ShortName": "OETK BOUR.VANILLE 30ML",
    "IsNew": false,
    "RecentQuanityOfStockUnits": "1,10",
    "LongName": "DR.OETKER bourbon vanille extract 30ml",
    "FicCode": "E"
  },
  {
    "productId": "856194",
    "technicalArticleNumber": "4705594",
    "commercialArticleNumber": "31384",
    "name": "volkoren knackebrod",
    "brand": "BONI",
    "seoBrand": "Boni Selection",
    "thumbNail": "https://static.colruytgroup.com/images/200x200/std.lang.all/97/70/asset-3249770.jpg",
    "fullImage": "https://static.colruytgroup.com/images/500x500/std.lang.all/97/70/asset-3249770.jpg",
    "squareImage": "https://static.colruytgroup.com/images/500x500sq/std.lang.all/97/70/asset-3249770.jpg",
    "content": "375g",
    "walkRouteSequenceNumber": 17065,
    "price": {
      "basicPrice": 1.79,
      "recommendedQuantity": "1.0",
      "measurementUnitPrice": 4.78,
      "measurementUnit": "K",
      "isRedPrice": false,
      "pricePerUOM": 4.78,
      "activationDate": "08-11-2023",
      "recordSource": "Offline",
      "isPromoActive": "N",
      "priceChangeCode": "L"
    },
    "isAvailable": true,
    "isPriceAvailable": true,
    "inPromo": false,
    "gtin": [
      "05400141456950"
    ],
    "topCategoryName": "Brood/Ontbijt",
    "topCategoryId": "124",
    "businessDomain": "RETAIL_BE",
    "IsPrivateLabel": true,
    "IsBiffe": false,
    "WeightconversionFactor": "0",
    "IsWeightArticle": false,
    "nutriscoreLabel": "A",
    "IsBio": false,
    "CountryOfOrigin": "NEDERLAND",
    "IsExclusivelySoldInLuxembourg": false,
    "OrderUnit": "P",
    "ShortName": "BONI VOLK.KNACKEBROD375",
    "IsNew": false,
    "EcoscoreLabel": "B",
    "RecentQuanityOfStockUnits": "1,10",
    "LongName": "BONI volkoren knackebrod 375g",
    "FicCode": "N",
    "EcoscoreValue": "72"
  },
  {
    "productId": "69",
    "technicalArticleNumber": "14157",
    "commercialArticleNumber": "14157",
    "name": "vanillearoma",
    "brand": "DR.OETKER",
    "seoBrand": "Dr.Oetker",
    "thumbNail": "https://static.colruytgroup.com/images/200x200/std.lang.all/68/26/asset-1046826.jpg",
    "fullImage": "https://static.colruytgroup.com/images/500x500/std.lang.all/68/26/asset-1046826.jpg",
    "squareImage": "https://static.colruytgroup.com/images/500x500sq/std.lang.all/68/26/asset-1046826.jpg",
    "content": "4x2ml",
    "walkRouteSequenceNumber": 9438,
    "price": {
      "basicPrice": 2.29,
      "recommendedQuantity": "1.0",
      "measurementUnitPrice": 286.25,
      "measurementUnit": "L",
      "isRedPrice": false,
      "pricePerUOM": 286.25,
      "activationDate": "10-02-2024",
      "isPromoActive": "N",
      "priceChangeCode": "H"
    },
    "isAvailable": true,
    "isPriceAvailable": true,
    "inPromo": false,
    "gtin": [
      "04000521144838",
      "04000521144814"
    ],
    "topCategoryName": "Kruidenierswaren/Droge voeding",
    "topCategoryId": "233",
    "businessDomain": "RETAIL_BE",
    "IsPrivateLabel": false,
    "IsBiffe": false,
    "WeightconversionFactor": "0",
    "IsWeightArticle": false,
    "nutriscoreLabel": "C",
    "IsBio": false,
    "CountryOfOrigin": "DUITSLAND",
    "IsExclusivelySoldInLuxembourg": false,
    "OrderUnit": "P",
    "ShortName": "OETK VANILLE 4X2ML",
    "IsNew": false,
    "RecentQuanityOfStockUnits": "1,16",
    "LongName": "DR.OETKER vanillearoma 4x2ml",
    "AlcoholVolume": "0",
    "FicCode": "E"
  },
  {
    "productId": "11606",
    "technicalArticleNumber": "1413087",
    "commercialArticleNumber": "13066",
    "name": "olie koolzaad",
    "description": "*Koude bereidingen,\nbasis voor sauzen\n*100% koolzaadolie",
    "brand": "VANDEMOORTELE",
    "seoBrand": "Vandemoortele",
    "thumbNail": "https://static.colruytgroup.com/images/200x200/std.lang.all/46/71/asset-2434671.jpg",
    "fullImage": "https://static.colruytgroup.com/images/500x500/std.lang.all/46/71/asset-2434671.jpg",
    "squareImage": "https://static.colruytgroup.com/images/500x500sq/std.lang.all/46/71/asset-2434671.jpg",
    "content": "1L",
    "walkRouteSequenceNumber": 8956,
    "price": {
      "basicPrice": 4.79,
      "recommendedQuantity": "1.0",
      "measurementUnitPrice": 4.79,
      "measurementUnit": "L",
      "isRedPrice": false,
      "pricePerUOM": 4.79,
      "activationDate": "02-01-2024",
      "recordSource": "Offline",
      "isPromoActive": "N",
      "priceChangeCode": "H"
    },
    "isAvailable": true,
    "isPriceAvailable": true,
    "inPromo": false,
    "gtin": [
      "05410093110886",
      "05410093112675",
      "05410093110893"
    ],
    "topCategoryName": "Kruidenierswaren/Droge voeding",
    "topCategoryId": "233",
    "businessDomain": "RETAIL_BE",
    "IsPrivateLabel": false,
    "IsBiffe": false,
    "WeightconversionFactor": "0",
    "IsWeightArticle": false,
    "nutriscoreLabel": "B",
    "IsBio": false,
    "CountryOfOrigin": "BELGIË",
    "IsExclusivelySoldInLuxembourg": false,
    "OrderUnit": "P",
    "ShortName": "VDM KOOLZAADOLIE 1L",
    "IsNew": false,
    "EcoscoreLabel": "C",
    "RecentQuanityOfStockUnits": "1",
    "LongName": "VANDEMOORTELE olie koolzaad 1L",
    "AlcoholVolume": "0",
    "FicCode": "E",
    "EcoscoreValue": "42"
  },
  {
    "productId": "134121",
    "technicalArticleNumber": "3204040",
    "commercialArticleNumber": "22602",
    "name": "spaghetti eieren",
    "description": "*Italië\n*kooktijd: 10-11\nminuten\n*4 eieren/kg\n*Eiwit:14g/100g",
    "brand": "BONI",
    "seoBrand": "Boni Selection",
    "thumbNail": "https://static.colruytgroup.com/images/200x200/std.lang.all/96/60/asset-2459660.jpg",
    "fullImage": "https://static.colruytgroup.com/images/500x500/std.lang.all/96/60/asset-2459660.jpg",
    "squareImage": "https://static.colruytgroup.com/images/500x500sq/std.lang.all/96/60/asset-2459660.jpg",
    "content": "500g",
    "walkRouteSequenceNumber": 8169,
    "price": {
      "basicPrice": 1.59,
      "recommendedQuantity": "1.0",
      "measurementUnitPrice": 3.18,
      "measurementUnit": "K",
      "isRedPrice": false,
      "pricePerUOM": 3.18,
      "activationDate": "05-12-2023",
      "recordSource": "Offline",
      "isPromoActive": "N",
      "priceChangeCode": "E"
    },
    "isAvailable": true,
    "isPriceAvailable": true,
    "inPromo": false,
    "gtin": [
      "05400141913880",
      "15400141913887",
      "15400141893950",
      "15400141240013",
      "05400141240016",
      "05400141218824",
      "05400141127461"
    ],
    "topCategoryName": "Kruidenierswaren/Droge voeding",
    "topCategoryId": "233",
    "businessDomain": "RETAIL_BE",
    "IsPrivateLabel": true,
    "IsBiffe": false,
    "WeightconversionFactor": "0",
    "IsWeightArticle": false,
    "nutriscoreLabel": "A",
    "IsBio": false,
    "CountryOfOrigin": "ITALIË",
    "IsExclusivelySoldInLuxembourg": false,
    "OrderUnit": "P",
    "ShortName": "BONI SPAGHE 4EIEREN500G",
    "IsNew": false,
    "EcoscoreLabel": "B",
    "RecentQuanityOfStockUnits": "1,12",
    "LongName": "BONI spaghetti eieren 500g",
    "AlcoholVolume": "0",
    "FicCode": "I",
    "EcoscoreValue": "77"
  },
  {
    "productId": "154121",
    "technicalArticleNumber": "3254957",
    "commercialArticleNumber": "22106",
    "name": "bulgur",
    "description": "*Los\n*kooktijd:8 minuten\n*Alternatief voor\naardappelen, rijst\nen pasta",
    "brand": "BONI BIO",
    "seoBrand": "Boni Selection Bio",
    "thumbNail": "https://static.colruytgroup.com/images/200x200/std.lang.all/32/74/asset-3223274.jpg",
    "fullImage": "https://static.colruytgroup.com/images/500x500/std.lang.all/32/74/asset-3223274.jpg",
    "squareImage": "https://static.colruytgroup.com/images/500x500sq/std.lang.all/32/74/asset-3223274.jpg",
    "content": "500g",
    "walkRouteSequenceNumber": 8420,
    "price": {
      "basicPrice": 1.85,
      "recommendedQuantity": "1.0",
      "measurementUnitPrice": 3.7,
      "measurementUnit": "K",
      "isRedPrice": false,
      "pricePerUOM": 3.7,
      "activationDate": "13-03-2024",
      "recordSource": "Offline",
      "isPromoActive": "N",
      "priceChangeCode": "E"
    },
    "isAvailable": true,
    "isPriceAvailable": true,
    "inPromo": false,
    "gtin": [
      "15400141868286",
      "05400141254648",
      "05400141386493",
      "15400141386490"
    ],
    "topCategoryName": "Kruidenierswaren/Droge voeding",
    "topCategoryId": "233",
    "businessDomain": "RETAIL_BE",
    "IsPrivateLabel": true,
    "IsBiffe": false,
    "WeightconversionFactor": "0",
    "IsWeightArticle": false,
    "nutriscoreLabel": "A",
    "IsBio": true,
    "CountryOfOrigin": "CYPRUS",
    "IsExclusivelySoldInLuxembourg": false,
    "OrderUnit": "P",
    "ShortName": "BS BIO BULGUR 500G .",
    "IsNew": false,
    "EcoscoreLabel": "A",
    "RecentQuanityOfStockUnits": "1,8",
    "LongName": "BONI BIO bulgur 500g",
    "AlcoholVolume": "0",
    "FicCode": "I",
    "EcoscoreValue": "100"
  },
  {
    "productId": "10559",
    "technicalArticleNumber": "1395970",
    "commercialArticleNumber": "13717",
    "name": "saus samourai",
    "brand": "DEVOS LEMMENS",
    "seoBrand": "Devos Lemmens",
    "thumbNail": "https://static.colruytgroup.com/images/200x200/std.lang.all/18/91/asset-1781891.jpg",
    "fullImage": "https://static.colruytgroup.com/images/500x500/std.lang.all/18/91/asset-1781891.jpg",
    "squareImage": "https://static.colruytgroup.com/images/500x500sq/std.lang.all/18/91/asset-1781891.jpg",
    "content": "300ml",
    "walkRouteSequenceNumber": 8154,
    "price": {
      "basicPrice": 1.99,
      "recommendedQuantity": "1.0",
      "measurementUnitPrice": 6.64,
      "measurementUnit": "L",
      "isRedPrice": false,
      "pricePerUOM": 6.64,
      "activationDate": "02-01-2024",
      "recordSource": "Offline",
      "isPromoActive": "N",
      "priceChangeCode": "E"
    },
    "isAvailable": true,
    "isPriceAvailable": true,
    "inPromo": false,
    "gtin": [
      "05410056784888",
      "05410056184886"
    ],
    "topCategoryName": "Kruidenierswaren/Droge voeding",
    "topCategoryId": "233",
    "businessDomain": "RETAIL_BE",
    "IsPrivateLabel": false,
    "IsBiffe": false,
    "WeightconversionFactor": "0",
    "IsWeightArticle": false,
    "nutriscoreLabel": "D",
    "IsBio": false,
    "CountryOfOrigin": "BELGIË",
    "IsExclusivelySoldInLuxembourg": false,
    "OrderUnit": "P",
    "ShortName": "DVL SAMOURAI SAUS 300ML",
    "IsNew": false,
    "EcoscoreLabel": "D",
    "RecentQuanityOfStockUnits": "1,12",
    "LongName": "DEVOS LEMMENS saus samourai 300ml",
    "AlcoholVolume": "0",
    "FicCode": "E",
    "EcoscoreValue": "34"
  },
  {
    "productId": "544601",
    "technicalArticleNumber": "4170742",
    "commercialArticleNumber": "9881",
    "name": "Finesse bouillon vetarme vis",
    "description": "*Bouillonblokjes\n*Vis gerechten\n*Makkelijk doseren\n*Vetarm\n*Aromatisch kruid",
    "brand": "KNORR",
    "seoBrand": "Knorr",
    "thumbNail": "https://static.colruytgroup.com/images/200x200/std.lang.all/54/23/asset-2795423.jpg",
    "fullImage": "https://static.colruytgroup.com/images/500x500/std.lang.all/54/23/asset-2795423.jpg",
    "squareImage": "https://static.colruytgroup.com/images/500x500sq/std.lang.all/54/23/asset-2795423.jpg",
    "content": "12st",
    "walkRouteSequenceNumber": 6567,
    "price": {
      "basicPrice": 2.93,
      "recommendedQuantity": "1.0",
      "measurementUnitPrice": 24.42,
      "measurementUnit": "K",
      "isRedPrice": false,
      "pricePerUOM": 24.42,
      "activationDate": "20-02-2024",
      "recordSource": "Offline",
      "isPromoActive": "N",
      "priceChangeCode": "E"
    },
    "isAvailable": true,
    "isPriceAvailable": true,
    "inPromo": false,
    "gtin": [
      "15400141660248",
      "08717163829035",
      "08717163828984"
    ],
    "topCategoryName": "Kruidenierswaren/Droge voeding",
    "topCategoryId": "233",
    "businessDomain": "RETAIL_BE",
    "IsPrivateLabel": false,
    "IsBiffe": false,
    "WeightconversionFactor": "0",
    "IsWeightArticle": false,
    "nutriscoreLabel": "C",
    "IsBio": false,
    "CountryOfOrigin": "HONGARIJE",
    "IsExclusivelySoldInLuxembourg": false,
    "OrderUnit": "P",
    "ShortName": "KN FINES BOUI.VIS 12TAB",
    "IsNew": false,
    "EcoscoreLabel": "E",
    "RecentQuanityOfStockUnits": "1,2",
    "LongName": "KNORR Finesse bouillon vetarme vis 12st",
    "FicCode": "E",
    "EcoscoreValue": "0"
  },
  {
    "productId": "27394",
    "technicalArticleNumber": "1960067",
    "commercialArticleNumber": "16505",
    "name": "gelatine",
    "brand": "EWALD",
    "seoBrand": "Ewald",
    "thumbNail": "https://static.colruytgroup.com/images/200x200/std.lang.all/41/18/asset-334118.jpg",
    "fullImage": "https://static.colruytgroup.com/images/500x500/std.lang.all/41/18/asset-334118.jpg",
    "squareImage": "https://static.colruytgroup.com/images/500x500sq/std.lang.all/41/18/asset-334118.jpg",
    "content": "12st",
    "walkRouteSequenceNumber": 9452,
    "price": {
      "basicPrice": 0.99,
      "recommendedQuantity": "1.0",
      "measurementUnitPrice": 49.5,
      "measurementUnit": "K",
      "isRedPrice": false,
      "pricePerUOM": 49.5,
      "activationDate": "22-12-2023",
      "recordSource": "Offline",
      "isPromoActive": "N",
      "priceChangeCode": "H"
    },
    "isAvailable": true,
    "isPriceAvailable": true,
    "inPromo": false,
    "gtin": [
      "04000147002567",
      "04000147002512"
    ],
    "topCategoryName": "Kruidenierswaren/Droge voeding",
    "topCategoryId": "233",
    "businessDomain": "RETAIL_BE",
    "IsPrivateLabel": false,
    "IsBiffe": false,
    "WeightconversionFactor": "0",
    "IsWeightArticle": false,
    "nutriscoreLabel": "A",
    "IsBio": false,
    "CountryOfOrigin": "BELGIË",
    "IsExclusivelySoldInLuxembourg": false,
    "OrderUnit": "P",
    "ShortName": "EWALD GELATINE 12B 20G",
    "IsNew": false,
    "EcoscoreLabel": "A",
    "RecentQuanityOfStockUnits": "1",
    "LongName": "EWALD gelatine 12st",
    "AlcoholVolume": "0",
    "FicCode": "E",
    "EcoscoreValue": "81"
  },
  {
    "productId": "362493",
    "technicalArticleNumber": "3863883",
    "commercialArticleNumber": "10555",
    "name": "bio olijfolie ext.vierge",
    "brand": "CORICELLI",
    "seoBrand": "Pietro Coricelli",
    "thumbNail": "https://static.colruytgroup.com/images/200x200/std.lang.all/92/03/asset-1549203.jpg",
    "fullImage": "https://static.colruytgroup.com/images/500x500/std.lang.all/92/03/asset-1549203.jpg",
    "squareImage": "https://static.colruytgroup.com/images/500x500sq/std.lang.all/92/03/asset-1549203.jpg",
    "content": "750ml",
    "walkRouteSequenceNumber": 8959,
    "price": {
      "basicPrice": 12.39,
      "recommendedQuantity": "1.0",
      "measurementUnitPrice": 16.52,
      "measurementUnit": "L",
      "isRedPrice": false,
      "pricePerUOM": 16.52,
      "activationDate": "21-03-2024",
      "isPromoActive": "N",
      "priceChangeCode": "H"
    },
    "isAvailable": true,
    "isPriceAvailable": true,
    "inPromo": false,
    "gtin": [
      "08004275000736",
      "08004275090737"
    ],
    "topCategoryName": "Kruidenierswaren/Droge voeding",
    "topCategoryId": "233",
    "businessDomain": "RETAIL_BE",
    "IsPrivateLabel": false,
    "IsBiffe": false,
    "WeightconversionFactor": "0",
    "IsWeightArticle": false,
    "nutriscoreLabel": "B",
    "IsBio": true,
    "CountryOfOrigin": "SPANJE",
    "IsExclusivelySoldInLuxembourg": false,
    "OrderUnit": "P",
    "ShortName": "CORI BIO OLIJFOL.EXT750",
    "IsNew": false,
    "EcoscoreLabel": "D",
    "RecentQuanityOfStockUnits": "1",
    "LongName": "CORICELLI bio olijfolie ext.vierge 750ml",
    "AlcoholVolume": "0",
    "FicCode": "E",
    "EcoscoreValue": "27"
  },
  {
    "productId": "100",
    "technicalArticleNumber": "14533",
    "commercialArticleNumber": "14533",
    "name": "spirelli volkoren",
    "description": "*100% volkoren tarwe\n*Bron van vezels\n*Eiwit : 13,5g/100g\n*Kooktijd : 8-9 min",
    "brand": "SOUBRY",
    "seoBrand": "Soubry",
    "thumbNail": "https://static.colruytgroup.com/images/200x200/std.lang.all/27/53/asset-352753.jpg",
    "fullImage": "https://static.colruytgroup.com/images/500x500/std.lang.all/27/53/asset-352753.jpg",
    "squareImage": "https://static.colruytgroup.com/images/500x500sq/std.lang.all/27/53/asset-352753.jpg",
    "content": "500g",
    "walkRouteSequenceNumber": 8309,
    "price": {
      "basicPrice": 1.19,
      "recommendedQuantity": "1.0",
      "measurementUnitPrice": 2.38,
      "measurementUnit": "K",
      "isRedPrice": false,
      "pricePerUOM": 2.38,
      "activationDate": "02-02-2024",
      "recordSource": "Offline",
      "isPromoActive": "N",
      "priceChangeCode": "E"
    },
    "isAvailable": true,
    "isPriceAvailable": true,
    "inPromo": false,
    "gtin": [
      "05410028050461",
      "65410028050463"
    ],
    "topCategoryName": "Kruidenierswaren/Droge voeding",
    "topCategoryId": "233",
    "businessDomain": "RETAIL_BE",
    "IsPrivateLabel": false,
    "IsBiffe": false,
    "WeightconversionFactor": "0",
    "IsWeightArticle": false,
    "nutriscoreLabel": "A",
    "IsBio": false,
    "CountryOfOrigin": "BELGIË",
    "IsExclusivelySoldInLuxembourg": false,
    "OrderUnit": "P",
    "ShortName": "SOUBRY VOLK SPIREL 500G",
    "IsNew": false,
    "EcoscoreLabel": "A",
    "RecentQuanityOfStockUnits": "1,12",
    "LongName": "SOUBRY spirelli volkoren 500g",
    "AlcoholVolume": "0",
    "FicCode": "E",
    "EcoscoreValue": "99"
  },
  {
    "productId": "211742",
    "technicalArticleNumber": "3528177",
    "commercialArticleNumber": "50655",
    "name": "kruiden lookpoeder",
    "brand": "BONI",
    "seoBrand": "Boni Selection",
    "thumbNail": "https://static.colruytgroup.com/images/200x200/std.lang.all/35/91/asset-1013591.jpg",
    "fullImage": "https://static.colruytgroup.com/images/500x500/std.lang.all/35/91/asset-1013591.jpg",
    "squareImage": "https://static.colruytgroup.com/images/500x500sq/std.lang.all/35/91/asset-1013591.jpg",
    "content": "250g",
    "walkRouteSequenceNumber": 6442,
    "price": {
      "basicPrice": 4.99,
      "recommendedQuantity": "1.0",
      "measurementUnitPrice": 19.96,
      "measurementUnit": "K",
      "isRedPrice": false,
      "pricePerUOM": 19.96,
      "activationDate": "17-11-2023",
      "isPromoActive": "N",
      "priceChangeCode": "H"
    },
    "isAvailable": true,
    "isPriceAvailable": true,
    "inPromo": false,
    "gtin": [
      "15400141126225",
      "05400141409673",
      "05400141126228"
    ],
    "topCategoryName": "Kruidenierswaren/Droge voeding",
    "topCategoryId": "233",
    "businessDomain": "RETAIL_BE",
    "IsPrivateLabel": true,
    "IsBiffe": false,
    "WeightconversionFactor": "0",
    "IsWeightArticle": false,
    "nutriscoreLabel": "A",
    "IsBio": false,
    "CountryOfOrigin": "CHINA (VOLKSREBUPLIEK)",
    "IsExclusivelySoldInLuxembourg": false,
    "OrderUnit": "P",
    "ShortName": "BONI LOOKPOEDER 250G",
    "IsNew": false,
    "EcoscoreLabel": "B",
    "RecentQuanityOfStockUnits": "1",
    "LongName": "BONI kruiden lookpoeder 250g",
    "AlcoholVolume": "0",
    "FicCode": "I",
    "EcoscoreValue": "79"
  },
  {
    "productId": "15590",
    "technicalArticleNumber": "1637836",
    "commercialArticleNumber": "13951",
    "name": "saus champignon zakje",
    "brand": "BONI",
    "seoBrand": "Boni Selection",
    "thumbNail": "https://static.colruytgroup.com/images/200x200/std.lang.all/83/81/asset-3028381.jpg",
    "fullImage": "https://static.colruytgroup.com/images/500x500/std.lang.all/83/81/asset-3028381.jpg",
    "squareImage": "https://static.colruytgroup.com/images/500x500sq/std.lang.all/83/81/asset-3028381.jpg",
    "content": "220ml",
    "walkRouteSequenceNumber": 8256,
    "price": {
      "basicPrice": 1.09,
      "recommendedQuantity": "1.0",
      "measurementUnitPrice": 4.96,
      "measurementUnit": "L",
      "isRedPrice": false,
      "pricePerUOM": 4.96,
      "activationDate": "05-02-2024",
      "recordSource": "Offline",
      "isPromoActive": "N",
      "priceChangeCode": "E"
    },
    "isAvailable": true,
    "isPriceAvailable": true,
    "inPromo": false,
    "gtin": [
      "15400141947202",
      "15400141391715",
      "05400141391718",
      "05400141947205",
      "05400141232400",
      "05400141333510",
      "05400141353266",
      "05400141139518",
      "15400141353263"
    ],
    "topCategoryName": "Kruidenierswaren/Droge voeding",
    "topCategoryId": "233",
    "businessDomain": "RETAIL_BE",
    "IsPrivateLabel": true,
    "IsBiffe": false,
    "WeightconversionFactor": "0",
    "IsWeightArticle": false,
    "nutriscoreLabel": "C",
    "IsBio": false,
    "CountryOfOrigin": "BELGIË",
    "IsExclusivelySoldInLuxembourg": false,
    "OrderUnit": "P",
    "ShortName": "BONI CHAMPIGNON DOY 220",
    "IsNew": false,
    "EcoscoreLabel": "C",
    "RecentQuanityOfStockUnits": "1,2,1",
    "LongName": "BONI saus champignon zakje 220ml",
    "AlcoholVolume": "0",
    "FicCode": "I",
    "EcoscoreValue": "46"
  },
  {
    "productId": "134858",
    "technicalArticleNumber": "3204510",
    "commercialArticleNumber": "16306",
    "name": "Tartare sw. Onion TD",
    "brand": "DEVOS LEMMENS",
    "seoBrand": "Devos Lemmens",
    "thumbNail": "https://static.colruytgroup.com/images/200x200/std.lang.all/64/82/asset-896482.jpg",
    "fullImage": "https://static.colruytgroup.com/images/500x500/std.lang.all/64/82/asset-896482.jpg",
    "squareImage": "https://static.colruytgroup.com/images/500x500sq/std.lang.all/64/82/asset-896482.jpg",
    "content": "300ml",
    "walkRouteSequenceNumber": 8130,
    "price": {
      "basicPrice": 2.99,
      "recommendedQuantity": "1.0",
      "measurementUnitPrice": 9.97,
      "measurementUnit": "L",
      "isRedPrice": false,
      "pricePerUOM": 9.97,
      "activationDate": "28-12-2023",
      "recordSource": "Offline",
      "isPromoActive": "N",
      "priceChangeCode": "H"
    },
    "isAvailable": true,
    "isPriceAvailable": true,
    "inPromo": false,
    "gtin": [
      "05414972710525",
      "05414972110523"
    ],
    "topCategoryName": "Kruidenierswaren/Droge voeding",
    "topCategoryId": "233",
    "businessDomain": "RETAIL_BE",
    "IsPrivateLabel": false,
    "IsBiffe": false,
    "WeightconversionFactor": "0",
    "IsWeightArticle": false,
    "nutriscoreLabel": "D",
    "IsBio": false,
    "CountryOfOrigin": "BELGIË",
    "IsExclusivelySoldInLuxembourg": false,
    "OrderUnit": "P",
    "ShortName": "DVL TART SW ON SQ 300ML",
    "IsNew": false,
    "EcoscoreLabel": "B",
    "RecentQuanityOfStockUnits": "1,12",
    "LongName": "DEVOS LEMMENS Tartare sw. Onion TD 300ml",
    "AlcoholVolume": "0",
    "FicCode": "E",
    "EcoscoreValue": "70"
  },
  {
    "productId": "86",
    "technicalArticleNumber": "14362",
    "commercialArticleNumber": "14362",
    "name": "langkorrelrijst",
    "description": "*Kookbuiltjes\n*kooktijd:10 minuten",
    "brand": "BEN'S ORIGINAL",
    "seoBrand": "Ben's original",
    "thumbNail": "https://static.colruytgroup.com/images/200x200/std.lang.all/77/42/asset-2537742.jpg",
    "fullImage": "https://static.colruytgroup.com/images/500x500/std.lang.all/77/42/asset-2537742.jpg",
    "squareImage": "https://static.colruytgroup.com/images/500x500sq/std.lang.all/77/42/asset-2537742.jpg",
    "content": "4x125g",
    "walkRouteSequenceNumber": 8362,
    "price": {
      "basicPrice": 2.75,
      "recommendedQuantity": "2.0",
      "measurementUnitPrice": 5.5,
      "measurementUnit": "K",
      "isRedPrice": false,
      "pricePerUOM": 5.5,
      "activationDate": "17-02-2024",
      "recordSource": "Offline",
      "isPromoActive": "N",
      "priceChangeCode": "E"
    },
    "isAvailable": true,
    "isPriceAvailable": true,
    "inPromo": false,
    "gtin": [
      "05410673005458",
      "05410673052001",
      "05410673027573",
      "05400141172577",
      "05410673005441"
    ],
    "topCategoryName": "Kruidenierswaren/Droge voeding",
    "topCategoryId": "233",
    "businessDomain": "RETAIL_BE",
    "IsPrivateLabel": false,
    "IsBiffe": false,
    "WeightconversionFactor": "0",
    "IsWeightArticle": false,
    "IsBio": false,
    "CountryOfOrigin": "BELGIË",
    "IsExclusivelySoldInLuxembourg": false,
    "OrderUnit": "P",
    "ShortName": "BEOR 10M.LANGKOR.4X125",
    "InSeason": true,
    "IsNew": false,
    "RecentQuanityOfStockUnits": "1,2,12",
    "LongName": "BEN'S ORIGINAL langkorrelrijst 4x125g",
    "AlcoholVolume": "0",
    "StartSeasonDate": "28/03/2002",
    "FicCode": "E"
  },
  {
    "productId": "948",
    "technicalArticleNumber": "28893",
    "commercialArticleNumber": "28893",
    "name": "olijven Kalamon Grieks",
    "description": "*Zwart\n*Met pit\n*Griekenland",
    "brand": "BONI",
    "seoBrand": "Boni Selection",
    "thumbNail": "https://static.colruytgroup.com/images/200x200/std.lang.all/15/09/asset-2741509.jpg",
    "fullImage": "https://static.colruytgroup.com/images/500x500/std.lang.all/15/09/asset-2741509.jpg",
    "squareImage": "https://static.colruytgroup.com/images/500x500sq/std.lang.all/15/09/asset-2741509.jpg",
    "content": "200g",
    "walkRouteSequenceNumber": 7689,
    "price": {
      "basicPrice": 2.99,
      "recommendedQuantity": "1.0",
      "measurementUnitPrice": 14.95,
      "measurementUnit": "K",
      "isRedPrice": false,
      "pricePerUOM": 14.95,
      "activationDate": "01-03-2024",
      "recordSource": "Offline",
      "isPromoActive": "N",
      "priceChangeCode": "E"
    },
    "isAvailable": true,
    "isPriceAvailable": true,
    "inPromo": false,
    "gtin": [
      "05400141488081",
      "15400141440284",
      "05400141088144",
      "05400141302684",
      "05400141376661",
      "15400141302681",
      "05400141440287"
    ],
    "topCategoryName": "Chips/Borrelhapjes",
    "topCategoryId": "306",
    "businessDomain": "RETAIL_BE",
    "IsPrivateLabel": true,
    "IsBiffe": false,
    "WeightconversionFactor": "0",
    "IsWeightArticle": false,
    "nutriscoreLabel": "E",
    "IsBio": false,
    "CountryOfOrigin": "BELGIË",
    "IsExclusivelySoldInLuxembourg": false,
    "OrderUnit": "P",
    "ShortName": "BONI GRI.OL.KALAMON200G",
    "IsNew": false,
    "EcoscoreLabel": "A",
    "RecentQuanityOfStockUnits": "1",
    "LongName": "BONI olijven Kalamon Grieks 200g",
    "AlcoholVolume": "0",
    "FicCode": "I",
    "EcoscoreValue": "97"
  },
  {
    "productId": "364921",
    "technicalArticleNumber": "3792176",
    "commercialArticleNumber": "11247",
    "name": "harde tarwegriesmeel fijn",
    "brand": "ANGELO",
    "seoBrand": "Angelo",
    "thumbNail": "https://static.colruytgroup.com/images/200x200/std.lang.all/82/60/asset-1378260.jpg",
    "fullImage": "https://static.colruytgroup.com/images/500x500/std.lang.all/82/60/asset-1378260.jpg",
    "squareImage": "https://static.colruytgroup.com/images/500x500sq/std.lang.all/82/60/asset-1378260.jpg",
    "content": "1kg",
    "walkRouteSequenceNumber": 9613,
    "price": {
      "basicPrice": 2.69,
      "recommendedQuantity": "1.0",
      "measurementUnitPrice": 2.69,
      "measurementUnit": "K",
      "isRedPrice": false,
      "pricePerUOM": 2.69,
      "activationDate": "20-03-2024",
      "isPromoActive": "N",
      "priceChangeCode": "H"
    },
    "isAvailable": true,
    "isPriceAvailable": true,
    "inPromo": false,
    "gtin": [
      "05413855000043",
      "03038358206536"
    ],
    "topCategoryName": "Kruidenierswaren/Droge voeding",
    "topCategoryId": "233",
    "businessDomain": "RETAIL_BE",
    "IsPrivateLabel": false,
    "IsBiffe": false,
    "WeightconversionFactor": "0",
    "IsWeightArticle": false,
    "IsBio": false,
    "CountryOfOrigin": "FRANKRIJK",
    "IsExclusivelySoldInLuxembourg": false,
    "OrderUnit": "P",
    "ShortName": "ANGE HAR.TARWEGR.MEEL1K",
    "IsNew": false,
    "EcoscoreLabel": "B",
    "RecentQuanityOfStockUnits": "1",
    "LongName": "ANGELO harde tarwegriesmeel fijn 1kg",
    "AlcoholVolume": "0",
    "FicCode": "E",
    "EcoscoreValue": "66"
  },
  {
    "productId": "129254",
    "technicalArticleNumber": "3253863",
    "commercialArticleNumber": "4443",
    "name": "soep groentevelouté brik",
    "description": "*Groentenvelouté",
    "brand": "BONI",
    "seoBrand": "Boni Selection",
    "thumbNail": "https://static.colruytgroup.com/images/200x200/std.lang.all/08/63/asset-2080863.jpg",
    "fullImage": "https://static.colruytgroup.com/images/500x500/std.lang.all/08/63/asset-2080863.jpg",
    "squareImage": "https://static.colruytgroup.com/images/500x500sq/std.lang.all/08/63/asset-2080863.jpg",
    "content": "1L",
    "walkRouteSequenceNumber": 16883,
    "price": {
      "basicPrice": 1.99,
      "recommendedQuantity": "1.0",
      "measurementUnitPrice": 1.99,
      "measurementUnit": "L",
      "isRedPrice": false,
      "pricePerUOM": 1.99,
      "activationDate": "13-03-2024",
      "recordSource": "Offline",
      "isPromoActive": "N",
      "priceChangeCode": "E"
    },
    "isAvailable": true,
    "isPriceAvailable": true,
    "inPromo": false,
    "gtin": [
      "15400141264750",
      "15400141871538",
      "05400141029284",
      "05400141207514",
      "05400141264753"
    ],
    "topCategoryName": "Kruidenierswaren/Droge voeding",
    "topCategoryId": "233",
    "businessDomain": "RETAIL_BE",
    "IsPrivateLabel": true,
    "IsBiffe": false,
    "WeightconversionFactor": "0",
    "IsWeightArticle": false,
    "nutriscoreLabel": "C",
    "IsBio": false,
    "CountryOfOrigin": "FRANKRIJK",
    "IsExclusivelySoldInLuxembourg": false,
    "OrderUnit": "P",
    "ShortName": "BONI 8 GROENTEWEELDE 1L",
    "IsNew": false,
    "EcoscoreLabel": "A",
    "RecentQuanityOfStockUnits": "8,1,2",
    "LongName": "BONI soep groentevelouté brik 1L",
    "AlcoholVolume": "0",
    "FicCode": "I",
    "EcoscoreValue": "89"
  },
  {
    "productId": "547295",
    "technicalArticleNumber": "4175818",
    "commercialArticleNumber": "11675",
    "name": "Trio hummus",
    "description": "O.b.v. gegrilde rode\npaprika en zon-\ngedroogde tomaten",
    "brand": "BONI",
    "seoBrand": "Boni Selection",
    "thumbNail": "https://static.colruytgroup.com/images/200x200/std.lang.all/76/12/asset-2507612.jpg",
    "fullImage": "https://static.colruytgroup.com/images/500x500/std.lang.all/76/12/asset-2507612.jpg",
    "squareImage": "https://static.colruytgroup.com/images/500x500sq/std.lang.all/76/12/asset-2507612.jpg",
    "content": "210g",
    "walkRouteSequenceNumber": 7760,
    "price": {
      "basicPrice": 2.99,
      "recommendedQuantity": "1.0",
      "quantityPrice": 2.75,
      "quantityPriceQuantity": "3.0",
      "measurementUnitPrice": 14.24,
      "measurementUnitQuantityPrice": 13.1,
      "measurementUnit": "K",
      "isRedPrice": false,
      "pricePerUOM": 14.24,
      "activationDate": "23-02-2024",
      "isPromoActive": "N",
      "priceChangeCode": "E",
      "quantityPricePerUOM": 13.1,
      "quantityActivationDate": "23-02-2024",
      "quantityPriceChangeCode": "E"
    },
    "isAvailable": true,
    "isPriceAvailable": true,
    "inPromo": false,
    "gtin": [
      "05400141326109",
      "05400141572124",
      "15400141572121"
    ],
    "topCategoryName": "Chips/Borrelhapjes",
    "topCategoryId": "306",
    "businessDomain": "RETAIL_BE",
    "IsPrivateLabel": true,
    "IsBiffe": false,
    "WeightconversionFactor": "0",
    "IsWeightArticle": false,
    "nutriscoreLabel": "C",
    "IsBio": false,
    "CountryOfOrigin": "BELGIË",
    "IsExclusivelySoldInLuxembourg": false,
    "OrderUnit": "P",
    "ShortName": "BONI TRIO HUMMUS 210G",
    "IsNew": false,
    "EcoscoreLabel": "B",
    "RecentQuanityOfStockUnits": "1",
    "LongName": "BONI Trio hummus 210g",
    "FicCode": "I",
    "EcoscoreValue": "72"
  },
  {
    "productId": "106715",
    "technicalArticleNumber": "3132342",
    "commercialArticleNumber": "42865",
    "name": "chilisaus",
    "description": "*Licht pikante\nchilisaus",
    "brand": "BONI",
    "seoBrand": "Boni Selection",
    "thumbNail": "https://static.colruytgroup.com/images/200x200/std.lang.all/36/47/asset-2733647.jpg",
    "fullImage": "https://static.colruytgroup.com/images/500x500/std.lang.all/36/47/asset-2733647.jpg",
    "squareImage": "https://static.colruytgroup.com/images/500x500sq/std.lang.all/36/47/asset-2733647.jpg",
    "content": "500ml",
    "walkRouteSequenceNumber": 8485,
    "price": {
      "basicPrice": 1.42,
      "recommendedQuantity": "1.0",
      "measurementUnitPrice": 2.84,
      "measurementUnit": "L",
      "isRedPrice": false,
      "pricePerUOM": 2.84,
      "activationDate": "17-02-2024",
      "recordSource": "Offline",
      "isPromoActive": "N",
      "priceChangeCode": "E"
    },
    "isAvailable": true,
    "isPriceAvailable": true,
    "inPromo": false,
    "gtin": [
      "15400141289975",
      "05400141046397",
      "05400141074758",
      "05400141289978",
      "15400141046394"
    ],
    "topCategoryName": "Kruidenierswaren/Droge voeding",
    "topCategoryId": "233",
    "businessDomain": "RETAIL_BE",
    "IsPrivateLabel": true,
    "IsBiffe": false,
    "WeightconversionFactor": "0",
    "IsWeightArticle": false,
    "nutriscoreLabel": "E",
    "IsBio": false,
    "CountryOfOrigin": "NEDERLAND",
    "IsExclusivelySoldInLuxembourg": false,
    "OrderUnit": "P",
    "ShortName": "BONI CHILISAUS 500ML",
    "IsNew": false,
    "EcoscoreLabel": "A",
    "RecentQuanityOfStockUnits": "1,12",
    "LongName": "BONI chilisaus 500ml",
    "AlcoholVolume": "0",
    "FicCode": "I",
    "EcoscoreValue": "81"
  },
  {
    "productId": "40025",
    "technicalArticleNumber": "2480572",
    "commercialArticleNumber": "38971",
    "name": "Soup Idee kip",
    "description": "*Droge soep\n*Makkelijk bereiden\n*Instant gerecht\n*Snelle maaltijd\n*Warm gerecht",
    "brand": "KNORR",
    "seoBrand": "Knorr",
    "thumbNail": "https://static.colruytgroup.com/images/200x200/std.lang.all/52/57/asset-3305257.jpg",
    "fullImage": "https://static.colruytgroup.com/images/500x500/std.lang.all/52/57/asset-3305257.jpg",
    "squareImage": "https://static.colruytgroup.com/images/500x500sq/std.lang.all/52/57/asset-3305257.jpg",
    "content": "92g",
    "walkRouteSequenceNumber": 16846,
    "price": {
      "basicPrice": 1.3,
      "recommendedQuantity": "4.0",
      "measurementUnitPrice": 14.14,
      "measurementUnit": "K",
      "isRedPrice": false,
      "pricePerUOM": 14.14,
      "activationDate": "14-03-2024",
      "recordSource": "Folder",
      "isPromoActive": "N",
      "priceChangeCode": "H"
    },
    "isAvailable": true,
    "isPriceAvailable": true,
    "inPromo": true,
    "promotion": [
      {
        "techPromoId": "100943COLR",
        "promotionId": "100943",
        "promotionType": "3",
        "isPersonalized": "N",
        "publicationStartDate": "13-03-2024",
        "publicationEndDate": "26-03-2024"
      }
    ],
    "gtin": [
      "08712566624263",
      "15400141999584",
      "08712566169290",
      "05400141003956"
    ],
    "topCategoryName": "Kruidenierswaren/Droge voeding",
    "topCategoryId": "233",
    "businessDomain": "RETAIL_BE",
    "IsPrivateLabel": false,
    "IsBiffe": false,
    "WeightconversionFactor": "0",
    "IsWeightArticle": false,
    "nutriscoreLabel": "C",
    "IsBio": false,
    "CountryOfOrigin": "DUITSLAND",
    "IsExclusivelySoldInLuxembourg": false,
    "OrderUnit": "P",
    "ShortName": "KN ID DOUBLE CHIC 92GR",
    "IsNew": false,
    "EcoscoreLabel": "B",
    "RecentQuanityOfStockUnits": "1,4",
    "LongName": "KNORR Soup Idee kip 92g",
    "AlcoholVolume": "0",
    "FicCode": "E",
    "EcoscoreValue": "71"
  },
  {
    "productId": "2196",
    "technicalArticleNumber": "28898",
    "commercialArticleNumber": "28898",
    "name": "groene olijven pikant",
    "description": "*Groen\n*Ontpit\n*Griekenland\n*Met pikante saus",
    "brand": "BONI",
    "seoBrand": "Boni Selection",
    "thumbNail": "https://static.colruytgroup.com/images/200x200/std.lang.all/16/11/asset-2741611.jpg",
    "fullImage": "https://static.colruytgroup.com/images/500x500/std.lang.all/16/11/asset-2741611.jpg",
    "squareImage": "https://static.colruytgroup.com/images/500x500sq/std.lang.all/16/11/asset-2741611.jpg",
    "content": "150g",
    "walkRouteSequenceNumber": 7683,
    "price": {
      "basicPrice": 2.89,
      "recommendedQuantity": "1.0",
      "measurementUnitPrice": 19.27,
      "measurementUnit": "K",
      "isRedPrice": false,
      "pricePerUOM": 19.27,
      "activationDate": "14-11-2023",
      "recordSource": "Offline",
      "isPromoActive": "N",
      "priceChangeCode": "E"
    },
    "isAvailable": true,
    "isPriceAvailable": true,
    "inPromo": false,
    "gtin": [
      "15400141987482",
      "05400141488098",
      "05400141089059",
      "05400141090666",
      "15400141089056",
      "05400141406252",
      "05400141938043"
    ],
    "topCategoryName": "Chips/Borrelhapjes",
    "topCategoryId": "306",
    "businessDomain": "RETAIL_BE",
    "IsPrivateLabel": true,
    "IsBiffe": false,
    "WeightconversionFactor": "0",
    "IsWeightArticle": false,
    "nutriscoreLabel": "C",
    "IsBio": false,
    "CountryOfOrigin": "BELGIË",
    "IsExclusivelySoldInLuxembourg": false,
    "OrderUnit": "P",
    "ShortName": "BONI GR.OLIJF PIK.150G",
    "IsNew": false,
    "EcoscoreLabel": "A",
    "RecentQuanityOfStockUnits": "1",
    "LongName": "BONI groene olijven pikant 150g",
    "AlcoholVolume": "0",
    "FicCode": "I",
    "EcoscoreValue": "96"
  },
  {
    "productId": "148119",
    "technicalArticleNumber": "3303639",
    "commercialArticleNumber": "18117",
    "name": "cracker multigranen",
    "description": "*Toast, rechthoekig,\nmultigranen\n*Vershoudzakjes",
    "brand": "LU CRACOTTE",
    "seoBrand": "LU Cracotte",
    "thumbNail": "https://static.colruytgroup.com/images/200x200/std.lang.all/52/54/asset-645254.jpg",
    "fullImage": "https://static.colruytgroup.com/images/500x500/std.lang.all/52/54/asset-645254.jpg",
    "squareImage": "https://static.colruytgroup.com/images/500x500sq/std.lang.all/52/54/asset-645254.jpg",
    "content": "250g",
    "walkRouteSequenceNumber": 17050,
    "price": {
      "basicPrice": 2.99,
      "recommendedQuantity": "1.0",
      "measurementUnitPrice": 11.96,
      "measurementUnit": "K",
      "isRedPrice": false,
      "pricePerUOM": 11.96,
      "activationDate": "13-02-2024",
      "recordSource": "Offline",
      "isPromoActive": "N",
      "priceChangeCode": "E"
    },
    "isAvailable": true,
    "isPriceAvailable": true,
    "inPromo": false,
    "gtin": [
      "07622210422224",
      "07622210139153",
      "07622201130503",
      "07622201130497"
    ],
    "topCategoryName": "Brood/Ontbijt",
    "topCategoryId": "124",
    "businessDomain": "RETAIL_BE",
    "IsPrivateLabel": false,
    "IsBiffe": false,
    "WeightconversionFactor": "0",
    "IsWeightArticle": false,
    "nutriscoreLabel": "C",
    "IsBio": false,
    "CountryOfOrigin": "FRANKRIJK",
    "IsExclusivelySoldInLuxembourg": false,
    "OrderUnit": "P",
    "ShortName": "LU CRACOTTE MULTIGR 250",
    "InSeason": true,
    "IsNew": false,
    "RecentQuanityOfStockUnits": "1",
    "LongName": "LU CRACOTTE cracker multigranen 250g",
    "AlcoholVolume": "0",
    "StartSeasonDate": "10/06/2020",
    "FicCode": "E"
  },
  {
    "productId": "15024",
    "technicalArticleNumber": "1425190",
    "commercialArticleNumber": "13807",
    "name": "pastasaus basilico",
    "brand": "MIRACOLI",
    "seoBrand": "Miracoli",
    "thumbNail": "https://static.colruytgroup.com/images/200x200/std.lang.all/47/75/asset-2504775.jpg",
    "fullImage": "https://static.colruytgroup.com/images/500x500/std.lang.all/47/75/asset-2504775.jpg",
    "squareImage": "https://static.colruytgroup.com/images/500x500sq/std.lang.all/47/75/asset-2504775.jpg",
    "content": "750g",
    "walkRouteSequenceNumber": 8331,
    "price": {
      "basicPrice": 4.49,
      "recommendedQuantity": "1.0",
      "measurementUnitPrice": 5.99,
      "measurementUnit": "K",
      "isRedPrice": false,
      "pricePerUOM": 5.99,
      "activationDate": "21-03-2024",
      "isPromoActive": "Y",
      "priceChangeCode": "H"
    },
    "isAvailable": true,
    "isPriceAvailable": true,
    "inPromo": true,
    "promotion": [
      {
        "techPromoId": "100956COLR",
        "promotionId": "100956",
        "promotionType": "4",
        "isPersonalized": "N",
        "publicationStartDate": "13-03-2024",
        "publicationEndDate": "26-03-2024"
      }
    ],
    "gtin": [
      "04002359674044",
      "05400141017199",
      "04002359000096"
    ],
    "topCategoryName": "Kruidenierswaren/Droge voeding",
    "topCategoryId": "233",
    "businessDomain": "RETAIL_BE",
    "IsPrivateLabel": false,
    "IsBiffe": false,
    "WeightconversionFactor": "0",
    "IsWeightArticle": false,
    "nutriscoreLabel": "C",
    "IsBio": false,
    "CountryOfOrigin": "DUITSLAND",
    "IsExclusivelySoldInLuxembourg": false,
    "OrderUnit": "P",
    "ShortName": "MIRAC TOMA BASILIC 750G",
    "IsNew": false,
    "RecentQuanityOfStockUnits": "2,1",
    "LongName": "MIRACOLI pastasaus basilico 750g",
    "AlcoholVolume": "0",
    "FicCode": "E"
  },
  {
    "productId": "197395",
    "technicalArticleNumber": "3420505",
    "commercialArticleNumber": "10189",
    "name": "saus andalouse TD",
    "brand": "DEVOS LEMMENS",
    "seoBrand": "Devos Lemmens",
    "thumbNail": "https://static.colruytgroup.com/images/200x200/std.lang.all/99/63/asset-1219963.jpg",
    "fullImage": "https://static.colruytgroup.com/images/500x500/std.lang.all/99/63/asset-1219963.jpg",
    "squareImage": "https://static.colruytgroup.com/images/500x500sq/std.lang.all/99/63/asset-1219963.jpg",
    "content": "300ml",
    "walkRouteSequenceNumber": 8128,
    "price": {
      "basicPrice": 4.15,
      "recommendedQuantity": "1.0",
      "measurementUnitPrice": 13.84,
      "measurementUnit": "L",
      "isRedPrice": false,
      "pricePerUOM": 13.84,
      "activationDate": "19-03-2024",
      "recordSource": "Offline",
      "isPromoActive": "N",
      "priceChangeCode": "H"
    },
    "isAvailable": true,
    "isPriceAvailable": true,
    "inPromo": false,
    "gtin": [
      "05414972715056",
      "05414972115054"
    ],
    "topCategoryName": "Kruidenierswaren/Droge voeding",
    "topCategoryId": "233",
    "businessDomain": "RETAIL_BE",
    "IsPrivateLabel": false,
    "IsBiffe": false,
    "WeightconversionFactor": "0",
    "IsWeightArticle": false,
    "nutriscoreLabel": "D",
    "IsBio": false,
    "CountryOfOrigin": "BELGIË",
    "IsExclusivelySoldInLuxembourg": false,
    "OrderUnit": "P",
    "ShortName": "DVL SQ ANDALOUSE 300ML",
    "IsNew": false,
    "EcoscoreLabel": "C",
    "RecentQuanityOfStockUnits": "1",
    "LongName": "DEVOS LEMMENS saus andalouse TD 300ml",
    "AlcoholVolume": "0",
    "FicCode": "E",
    "EcoscoreValue": "42"
  },
  {
    "productId": "3731",
    "technicalArticleNumber": "1103167",
    "commercialArticleNumber": "14931",
    "name": "bindmiddel bruin",
    "description": "*Sausbinder\n*Makkelijk bereiden\nRomige ragout\n*Zonder klonters\n*Culinaire hulp",
    "brand": "MAIZENA ROUX",
    "seoBrand": "Maizena Roux",
    "thumbNail": "https://static.colruytgroup.com/images/200x200/std.lang.all/62/52/asset-2796252.jpg",
    "fullImage": "https://static.colruytgroup.com/images/500x500/std.lang.all/62/52/asset-2796252.jpg",
    "squareImage": "https://static.colruytgroup.com/images/500x500sq/std.lang.all/62/52/asset-2796252.jpg",
    "content": "250g",
    "walkRouteSequenceNumber": 9701,
    "price": {
      "basicPrice": 3.15,
      "recommendedQuantity": "2.0",
      "measurementUnitPrice": 12.6,
      "measurementUnit": "K",
      "isRedPrice": false,
      "pricePerUOM": 12.6,
      "activationDate": "14-11-2023",
      "recordSource": "Offline",
      "isPromoActive": "N",
      "priceChangeCode": "E"
    },
    "isAvailable": true,
    "isPriceAvailable": true,
    "inPromo": false,
    "gtin": [
      "08711100180159",
      "05400141149319",
      "08711100080152"
    ],
    "topCategoryName": "Kruidenierswaren/Droge voeding",
    "topCategoryId": "233",
    "businessDomain": "RETAIL_BE",
    "IsPrivateLabel": false,
    "IsBiffe": false,
    "WeightconversionFactor": "0",
    "IsWeightArticle": false,
    "nutriscoreLabel": "D",
    "IsBio": false,
    "CountryOfOrigin": "DUITSLAND",
    "IsExclusivelySoldInLuxembourg": false,
    "OrderUnit": "P",
    "ShortName": "MAIZENA ROUX DONKER250G",
    "IsNew": false,
    "EcoscoreLabel": "B",
    "RecentQuanityOfStockUnits": "2,1,16",
    "LongName": "MAIZENA ROUX bindmiddel bruin 250g",
    "AlcoholVolume": "0",
    "FicCode": "E",
    "EcoscoreValue": "73"
  },
  {
    "productId": "683",
    "technicalArticleNumber": "12321",
    "commercialArticleNumber": "12321",
    "name": "bouillon fond kalf",
    "description": "*Kalfsfond",
    "brand": "LACROIX",
    "seoBrand": "Lacroix",
    "thumbNail": "https://static.colruytgroup.com/images/200x200/std.lang.all/36/68/asset-3353668.jpg",
    "fullImage": "https://static.colruytgroup.com/images/500x500/std.lang.all/36/68/asset-3353668.jpg",
    "squareImage": "https://static.colruytgroup.com/images/500x500sq/std.lang.all/36/68/asset-3353668.jpg",
    "content": "400ml",
    "walkRouteSequenceNumber": 6562,
    "price": {
      "basicPrice": 4.49,
      "recommendedQuantity": "2.0",
      "measurementUnitPrice": 11.23,
      "measurementUnit": "L",
      "isRedPrice": false,
      "pricePerUOM": 11.23,
      "activationDate": "23-03-2024",
      "recordSource": "Offline",
      "isPromoActive": "N",
      "priceChangeCode": "H"
    },
    "isAvailable": true,
    "isPriceAvailable": true,
    "inPromo": false,
    "gtin": [
      "00000025123210",
      "04009062800111",
      "05410056279735",
      "05410056779730",
      "05414972726533"
    ],
    "topCategoryName": "Kruidenierswaren/Droge voeding",
    "topCategoryId": "233",
    "businessDomain": "RETAIL_BE",
    "IsPrivateLabel": false,
    "IsBiffe": false,
    "WeightconversionFactor": "0",
    "IsWeightArticle": false,
    "nutriscoreLabel": "C",
    "IsBio": false,
    "CountryOfOrigin": "BELGIË",
    "IsExclusivelySoldInLuxembourg": false,
    "OrderUnit": "P",
    "ShortName": "LACROIX FOND KALF 400ML",
    "IsNew": false,
    "EcoscoreLabel": "B",
    "RecentQuanityOfStockUnits": "1,6,2",
    "LongName": "LACROIX bouillon fond kalf 400ml",
    "AlcoholVolume": "0",
    "FicCode": "E",
    "EcoscoreValue": "79"
  },
  {
    "productId": "58438",
    "technicalArticleNumber": "2261901",
    "commercialArticleNumber": "4406",
    "name": "kruiden kurkuma",
    "description": "*Geeft smaak aan\nrijst-, visschotels,\noosterse bereidingen",
    "brand": "BONI",
    "seoBrand": "Boni Selection",
    "thumbNail": "https://static.colruytgroup.com/images/200x200/std.lang.all/83/86/asset-3028386.jpg",
    "fullImage": "https://static.colruytgroup.com/images/500x500/std.lang.all/83/86/asset-3028386.jpg",
    "squareImage": "https://static.colruytgroup.com/images/500x500sq/std.lang.all/83/86/asset-3028386.jpg",
    "content": "50g",
    "walkRouteSequenceNumber": 6390,
    "price": {
      "basicPrice": 2.43,
      "recommendedQuantity": "1.0",
      "measurementUnitPrice": 48.6,
      "measurementUnit": "K",
      "isRedPrice": false,
      "pricePerUOM": 48.6,
      "activationDate": "14-11-2023",
      "recordSource": "Offline",
      "isPromoActive": "N",
      "priceChangeCode": "E"
    },
    "isAvailable": true,
    "isPriceAvailable": true,
    "inPromo": false,
    "gtin": [
      "15400141097372",
      "05400141097375",
      "05400141210194"
    ],
    "topCategoryName": "Kruidenierswaren/Droge voeding",
    "topCategoryId": "233",
    "businessDomain": "RETAIL_BE",
    "IsPrivateLabel": true,
    "IsBiffe": false,
    "WeightconversionFactor": "0",
    "IsWeightArticle": false,
    "nutriscoreLabel": "A",
    "IsBio": false,
    "CountryOfOrigin": "INDIA",
    "IsExclusivelySoldInLuxembourg": false,
    "OrderUnit": "P",
    "ShortName": "BONI KURKUMA 50G",
    "IsNew": false,
    "EcoscoreLabel": "E",
    "RecentQuanityOfStockUnits": "1,12",
    "LongName": "BONI kruiden kurkuma 50g",
    "AlcoholVolume": "0",
    "FicCode": "I",
    "EcoscoreValue": "14"
  },
  {
    "productId": "93",
    "technicalArticleNumber": "14382",
    "commercialArticleNumber": "14382",
    "name": "rijst Brown zilvervlies",
    "description": "*Kookbuiltjes\n*kooktijd:20-25\nminuten",
    "brand": "BOSTO",
    "seoBrand": "Bosto",
    "thumbNail": "https://static.colruytgroup.com/images/200x200/std.lang.all/46/39/asset-2694639.jpg",
    "fullImage": "https://static.colruytgroup.com/images/500x500/std.lang.all/46/39/asset-2694639.jpg",
    "squareImage": "https://static.colruytgroup.com/images/500x500sq/std.lang.all/46/39/asset-2694639.jpg",
    "content": "8x125g",
    "walkRouteSequenceNumber": 8378,
    "price": {
      "basicPrice": 4.78,
      "recommendedQuantity": "1.0",
      "measurementUnitPrice": 4.78,
      "measurementUnit": "K",
      "isRedPrice": false,
      "pricePerUOM": 4.78,
      "activationDate": "13-03-2024",
      "recordSource": "Offline",
      "isPromoActive": "N",
      "priceChangeCode": "L"
    },
    "isAvailable": true,
    "isPriceAvailable": true,
    "inPromo": false,
    "gtin": [
      "15410106018410",
      "05410106010127"
    ],
    "topCategoryName": "Kruidenierswaren/Droge voeding",
    "topCategoryId": "233",
    "businessDomain": "RETAIL_BE",
    "IsPrivateLabel": false,
    "IsBiffe": false,
    "WeightconversionFactor": "0",
    "IsWeightArticle": false,
    "nutriscoreLabel": "A",
    "IsBio": false,
    "CountryOfOrigin": "BELGIË",
    "IsExclusivelySoldInLuxembourg": false,
    "OrderUnit": "P",
    "ShortName": "BOSTO BROWN KB 8X125 GR",
    "InSeason": true,
    "IsNew": false,
    "EcoscoreLabel": "E",
    "RecentQuanityOfStockUnits": "1",
    "LongName": "BOSTO rijst Brown zilvervlies 8x125g",
    "AlcoholVolume": "0",
    "StartSeasonDate": "28/12/2001",
    "FicCode": "E",
    "EcoscoreValue": "18"
  },
  {
    "productId": "58711",
    "technicalArticleNumber": "2341119",
    "commercialArticleNumber": "24099",
    "name": "mayo light TD",
    "description": "*10% vetgehalte",
    "brand": "DEVOS LEMMENS",
    "seoBrand": "Devos Lemmens",
    "thumbNail": "https://static.colruytgroup.com/images/200x200/std.lang.all/86/42/asset-1228642.jpg",
    "fullImage": "https://static.colruytgroup.com/images/500x500/std.lang.all/86/42/asset-1228642.jpg",
    "squareImage": "https://static.colruytgroup.com/images/500x500sq/std.lang.all/86/42/asset-1228642.jpg",
    "content": "450ml",
    "walkRouteSequenceNumber": 8076,
    "price": {
      "basicPrice": 3,
      "recommendedQuantity": "1.0",
      "measurementUnitPrice": 6.67,
      "measurementUnit": "L",
      "isRedPrice": false,
      "pricePerUOM": 6.67,
      "activationDate": "19-03-2024",
      "recordSource": "Folder",
      "isPromoActive": "N",
      "priceChangeCode": "L"
    },
    "isAvailable": true,
    "isPriceAvailable": true,
    "inPromo": true,
    "promotion": [
      {
        "techPromoId": "100877COLR",
        "promotionId": "100877",
        "promotionType": "3",
        "isPersonalized": "N",
        "publicationStartDate": "13-03-2024",
        "publicationEndDate": "26-03-2024"
      }
    ],
    "gtin": [
      "05410056799073",
      "05410056199071"
    ],
    "topCategoryName": "Kruidenierswaren/Droge voeding",
    "topCategoryId": "233",
    "businessDomain": "RETAIL_BE",
    "IsPrivateLabel": false,
    "IsBiffe": false,
    "WeightconversionFactor": "0",
    "IsWeightArticle": false,
    "nutriscoreLabel": "D",
    "IsBio": false,
    "CountryOfOrigin": "BELGIË",
    "IsExclusivelySoldInLuxembourg": false,
    "OrderUnit": "P",
    "ShortName": "DVL MAYO LIGHT TD 450ML",
    "IsNew": false,
    "EcoscoreLabel": "D",
    "RecentQuanityOfStockUnits": "1",
    "LongName": "DEVOS LEMMENS mayo light TD 450ml",
    "AlcoholVolume": "0",
    "FicCode": "E",
    "EcoscoreValue": "34"
  },
  {
    "productId": "18696",
    "technicalArticleNumber": "1717190",
    "commercialArticleNumber": "12154",
    "name": "soep tomaten crème",
    "description": "*Soep in blik\n*Snelle maaltijd\n*Snelle maaltijd\n*Groentensoep\n*Warm gerecht",
    "brand": "KNORR",
    "seoBrand": "Knorr",
    "thumbNail": "https://static.colruytgroup.com/images/200x200/nl_be/54/18/asset-2795418.jpg",
    "fullImage": "https://static.colruytgroup.com/images/500x500/nl_be/54/18/asset-2795418.jpg",
    "squareImage": "https://static.colruytgroup.com/images/500x500sq/nl_be/54/18/asset-2795418.jpg",
    "content": "515ml",
    "walkRouteSequenceNumber": 16895,
    "price": {
      "basicPrice": 2.49,
      "recommendedQuantity": "3.0",
      "measurementUnitPrice": 4.84,
      "measurementUnit": "L",
      "isRedPrice": false,
      "pricePerUOM": 4.84,
      "activationDate": "28-02-2024",
      "recordSource": "Offline",
      "isPromoActive": "N",
      "priceChangeCode": "H"
    },
    "isAvailable": true,
    "isPriceAvailable": true,
    "inPromo": false,
    "gtin": [
      "08710522616970",
      "08710522616987",
      "05400141121544",
      "05400141123548",
      "08722700700388",
      "08722700083412"
    ],
    "topCategoryName": "Kruidenierswaren/Droge voeding",
    "topCategoryId": "233",
    "businessDomain": "RETAIL_BE",
    "IsPrivateLabel": false,
    "IsBiffe": false,
    "WeightconversionFactor": "0",
    "IsWeightArticle": false,
    "nutriscoreLabel": "C",
    "IsBio": false,
    "CountryOfOrigin": "NEDERLAND",
    "IsExclusivelySoldInLuxembourg": false,
    "OrderUnit": "P",
    "ShortName": "KNORR TOMATE CREME515ML",
    "InSeason": true,
    "IsNew": false,
    "EcoscoreLabel": "B",
    "RecentQuanityOfStockUnits": "1,12",
    "LongName": "KNORR soep tomaten crème 515ml",
    "AlcoholVolume": "0",
    "StartSeasonDate": "22/11/2018",
    "FicCode": "E",
    "EcoscoreValue": "78"
  },
  {
    "productId": "173274",
    "technicalArticleNumber": "3373682",
    "commercialArticleNumber": "23932",
    "name": "snack cups rond",
    "description": "*Toast, rond,\nmet opstaande rand",
    "brand": "HAUST",
    "seoBrand": "Haust",
    "thumbNail": "https://static.colruytgroup.com/images/200x200/std.lang.all/13/87/asset-3421387.jpg",
    "fullImage": "https://static.colruytgroup.com/images/500x500/std.lang.all/13/87/asset-3421387.jpg",
    "squareImage": "https://static.colruytgroup.com/images/500x500sq/std.lang.all/13/87/asset-3421387.jpg",
    "content": "130g",
    "walkRouteSequenceNumber": 4499,
    "price": {
      "basicPrice": 1.54,
      "recommendedQuantity": "2.0",
      "measurementUnitPrice": 11.85,
      "measurementUnit": "K",
      "isRedPrice": false,
      "pricePerUOM": 11.85,
      "activationDate": "20-03-2024",
      "recordSource": "Offline",
      "isPromoActive": "N",
      "priceChangeCode": "H"
    },
    "isAvailable": true,
    "isPriceAvailable": true,
    "inPromo": false,
    "gtin": [
      "08710445018165",
      "08710445024159",
      "08710445018158",
      "08710445019018",
      "08710445019025",
      "08710445024289"
    ],
    "topCategoryName": "Brood/Ontbijt",
    "topCategoryId": "124",
    "businessDomain": "RETAIL_BE",
    "IsPrivateLabel": false,
    "IsBiffe": false,
    "WeightconversionFactor": "0",
    "IsWeightArticle": false,
    "nutriscoreLabel": "E",
    "IsBio": false,
    "CountryOfOrigin": "BELGIË",
    "IsExclusivelySoldInLuxembourg": false,
    "OrderUnit": "P",
    "ShortName": "HAUST ROND SNACKCUP130G",
    "IsNew": false,
    "EcoscoreLabel": "B",
    "RecentQuanityOfStockUnits": "2,1",
    "LongName": "HAUST snack cups rond 130g",
    "AlcoholVolume": "0",
    "FicCode": "E",
    "EcoscoreValue": "75"
  },
  {
    "productId": "327590",
    "technicalArticleNumber": "3813245",
    "commercialArticleNumber": "17737",
    "name": "sla olie",
    "brand": "BONI",
    "seoBrand": "Boni Selection",
    "thumbNail": "https://static.colruytgroup.com/images/200x200/std.lang.all/85/93/asset-2128593.jpg",
    "fullImage": "https://static.colruytgroup.com/images/500x500/std.lang.all/85/93/asset-2128593.jpg",
    "squareImage": "https://static.colruytgroup.com/images/500x500sq/std.lang.all/85/93/asset-2128593.jpg",
    "content": "1L",
    "walkRouteSequenceNumber": 8955,
    "price": {
      "basicPrice": 2.99,
      "recommendedQuantity": "1.0",
      "measurementUnitPrice": 2.99,
      "measurementUnit": "L",
      "isRedPrice": false,
      "pricePerUOM": 2.99,
      "activationDate": "05-12-2023",
      "recordSource": "Offline",
      "isPromoActive": "N",
      "priceChangeCode": "E"
    },
    "isAvailable": true,
    "isPriceAvailable": true,
    "inPromo": false,
    "gtin": [
      "05400141022520",
      "05400141214963",
      "15400141022527",
      "05400141345407"
    ],
    "topCategoryName": "Kruidenierswaren/Droge voeding",
    "topCategoryId": "233",
    "businessDomain": "RETAIL_BE",
    "IsPrivateLabel": true,
    "IsBiffe": false,
    "WeightconversionFactor": "0",
    "IsWeightArticle": false,
    "nutriscoreLabel": "B",
    "IsBio": false,
    "CountryOfOrigin": "BELGIË",
    "IsExclusivelySoldInLuxembourg": false,
    "OrderUnit": "P",
    "ShortName": "BONI SLA OLIE 1L",
    "IsNew": false,
    "EcoscoreLabel": "C",
    "RecentQuanityOfStockUnits": "1,15",
    "LongName": "BONI sla olie 1L",
    "AlcoholVolume": "0",
    "FicCode": "I",
    "EcoscoreValue": "53"
  },
  {
    "productId": "89533",
    "technicalArticleNumber": "3023405",
    "commercialArticleNumber": "3517",
    "name": "saus curry zakje",
    "brand": "BONI",
    "seoBrand": "Boni Selection",
    "thumbNail": "https://static.colruytgroup.com/images/200x200/std.lang.all/83/88/asset-3028388.jpg",
    "fullImage": "https://static.colruytgroup.com/images/500x500/std.lang.all/83/88/asset-3028388.jpg",
    "squareImage": "https://static.colruytgroup.com/images/500x500sq/std.lang.all/83/88/asset-3028388.jpg",
    "content": "220ml",
    "walkRouteSequenceNumber": 8257,
    "price": {
      "basicPrice": 1.09,
      "recommendedQuantity": "2.0",
      "measurementUnitPrice": 4.96,
      "measurementUnit": "L",
      "isRedPrice": false,
      "pricePerUOM": 4.96,
      "activationDate": "03-01-2024",
      "recordSource": "Offline",
      "isPromoActive": "N",
      "priceChangeCode": "H"
    },
    "isAvailable": true,
    "isPriceAvailable": true,
    "inPromo": false,
    "gtin": [
      "05400141221244",
      "05400141353211",
      "15400141353218",
      "05400141391664",
      "15400141947196",
      "05400141947199"
    ],
    "topCategoryName": "Kruidenierswaren/Droge voeding",
    "topCategoryId": "233",
    "businessDomain": "RETAIL_BE",
    "IsPrivateLabel": true,
    "IsBiffe": false,
    "WeightconversionFactor": "0",
    "IsWeightArticle": false,
    "nutriscoreLabel": "D",
    "IsBio": false,
    "CountryOfOrigin": "BELGIË",
    "IsExclusivelySoldInLuxembourg": false,
    "OrderUnit": "P",
    "ShortName": "BONI CURRYS. DOY 220ML",
    "IsNew": false,
    "EcoscoreLabel": "B",
    "RecentQuanityOfStockUnits": "2,1",
    "LongName": "BONI saus curry zakje 220ml",
    "AlcoholVolume": "0",
    "FicCode": "I",
    "EcoscoreValue": "79"
  },
  {
    "productId": "113760",
    "technicalArticleNumber": "3010237",
    "commercialArticleNumber": "1779",
    "name": "quinoa",
    "description": "*Alternatief voor\naardappel, rijst of\npasta\n*kooktijd:\n15-20minuten",
    "brand": "BONI BIO",
    "seoBrand": "Boni Selection Bio",
    "thumbNail": "https://static.colruytgroup.com/images/200x200/std.lang.all/05/94/asset-3330594.jpg",
    "fullImage": "https://static.colruytgroup.com/images/500x500/std.lang.all/05/94/asset-3330594.jpg",
    "squareImage": "https://static.colruytgroup.com/images/500x500sq/std.lang.all/05/94/asset-3330594.jpg",
    "content": "500g",
    "walkRouteSequenceNumber": 8421,
    "price": {
      "basicPrice": 3.36,
      "recommendedQuantity": "1.0",
      "measurementUnitPrice": 6.72,
      "measurementUnit": "K",
      "isRedPrice": false,
      "pricePerUOM": 6.72,
      "activationDate": "16-01-2024",
      "recordSource": "Offline",
      "isPromoActive": "N",
      "priceChangeCode": "E"
    },
    "isAvailable": true,
    "isPriceAvailable": true,
    "inPromo": false,
    "gtin": [
      "05400141432398",
      "15400141335290",
      "15400141070931",
      "05400141053753",
      "05400141070934",
      "05400141335293",
      "05400141381085",
      "15400141053750"
    ],
    "topCategoryName": "Kruidenierswaren/Droge voeding",
    "topCategoryId": "233",
    "businessDomain": "RETAIL_BE",
    "IsPrivateLabel": true,
    "IsBiffe": false,
    "WeightconversionFactor": "0",
    "IsWeightArticle": false,
    "nutriscoreLabel": "A",
    "IsBio": true,
    "CountryOfOrigin": "PERU",
    "IsExclusivelySoldInLuxembourg": false,
    "OrderUnit": "P",
    "ShortName": "BS BIO QUINOA 500GR",
    "IsNew": false,
    "EcoscoreLabel": "C",
    "RecentQuanityOfStockUnits": "1",
    "LongName": "BONI BIO quinoa 500g",
    "AlcoholVolume": "0",
    "FicCode": "I",
    "EcoscoreValue": "43"
  },
  {
    "productId": "569922",
    "technicalArticleNumber": "4214249",
    "commercialArticleNumber": "16938",
    "name": "rundsbouillon palmfat free",
    "brand": "BONI",
    "seoBrand": "Boni Selection",
    "thumbNail": "https://static.colruytgroup.com/images/200x200/std.lang.all/33/72/asset-2263372.jpg",
    "fullImage": "https://static.colruytgroup.com/images/500x500/std.lang.all/33/72/asset-2263372.jpg",
    "squareImage": "https://static.colruytgroup.com/images/500x500sq/std.lang.all/33/72/asset-2263372.jpg",
    "content": "12x10g",
    "walkRouteSequenceNumber": 6541,
    "price": {
      "basicPrice": 0.99,
      "recommendedQuantity": "1.0",
      "measurementUnitPrice": 8.25,
      "measurementUnit": "K",
      "isRedPrice": false,
      "pricePerUOM": 8.25,
      "activationDate": "21-03-2024",
      "isPromoActive": "N",
      "priceChangeCode": "H"
    },
    "isAvailable": true,
    "isPriceAvailable": true,
    "inPromo": false,
    "gtin": [
      "15400141351160",
      "05400141351163"
    ],
    "topCategoryName": "Kruidenierswaren/Droge voeding",
    "topCategoryId": "233",
    "businessDomain": "RETAIL_BE",
    "IsPrivateLabel": true,
    "IsBiffe": false,
    "WeightconversionFactor": "0",
    "IsWeightArticle": false,
    "nutriscoreLabel": "C",
    "IsBio": false,
    "CountryOfOrigin": "DUITSLAND",
    "IsExclusivelySoldInLuxembourg": false,
    "OrderUnit": "P",
    "ShortName": "BONI RUNDSBOUILL10G12S",
    "IsNew": false,
    "EcoscoreLabel": "A",
    "RecentQuanityOfStockUnits": "1,24",
    "LongName": "BONI rundsbouillon palmfat free 12x10g",
    "FicCode": "I",
    "EcoscoreValue": "98"
  },
  {
    "productId": "142623",
    "technicalArticleNumber": "3315445",
    "commercialArticleNumber": "9318",
    "name": "tarwe voorgekookt builtje",
    "description": "*Kookbuiltjes\n*Kooktijd:\n10 minuten\n*Alternatief voor\naardappelen & rijst",
    "brand": "EBLY",
    "seoBrand": "Ebly",
    "thumbNail": "https://static.colruytgroup.com/images/200x200/std.lang.all/28/31/asset-2342831.jpg",
    "fullImage": "https://static.colruytgroup.com/images/500x500/std.lang.all/28/31/asset-2342831.jpg",
    "squareImage": "https://static.colruytgroup.com/images/500x500sq/std.lang.all/28/31/asset-2342831.jpg",
    "content": "4x125g",
    "walkRouteSequenceNumber": 8438,
    "price": {
      "basicPrice": 3.45,
      "recommendedQuantity": "1.0",
      "measurementUnitPrice": 6.9,
      "measurementUnit": "K",
      "isRedPrice": false,
      "pricePerUOM": 6.9,
      "activationDate": "16-02-2024",
      "recordSource": "Offline",
      "isPromoActive": "N",
      "priceChangeCode": "H"
    },
    "isAvailable": true,
    "isPriceAvailable": true,
    "inPromo": false,
    "gtin": [
      "25400141286926",
      "03487402000413",
      "03487400000415"
    ],
    "topCategoryName": "Kruidenierswaren/Droge voeding",
    "topCategoryId": "233",
    "businessDomain": "RETAIL_BE",
    "IsPrivateLabel": false,
    "IsBiffe": false,
    "WeightconversionFactor": "0",
    "IsWeightArticle": false,
    "IsBio": false,
    "CountryOfOrigin": "BELGIË",
    "IsExclusivelySoldInLuxembourg": false,
    "OrderUnit": "P",
    "ShortName": "EBLY KOOKBUIL 10MIN 500",
    "IsNew": false,
    "RecentQuanityOfStockUnits": "1,2",
    "LongName": "EBLY tarwe voorgekookt builtje 4x125g",
    "AlcoholVolume": "0",
    "FicCode": "E"
  },
  {
    "productId": "336289",
    "technicalArticleNumber": "3805131",
    "commercialArticleNumber": "14142",
    "name": "appelazijn",
    "description": "*Koude en warme\nbereidingen",
    "brand": "ETOILE",
    "seoBrand": "L'Étoile",
    "thumbNail": "https://static.colruytgroup.com/images/200x200/std.lang.all/59/43/asset-1505943.jpg",
    "fullImage": "https://static.colruytgroup.com/images/500x500/std.lang.all/59/43/asset-1505943.jpg",
    "squareImage": "https://static.colruytgroup.com/images/500x500sq/std.lang.all/59/43/asset-1505943.jpg",
    "content": "500ml",
    "walkRouteSequenceNumber": 9138,
    "price": {
      "basicPrice": 2.69,
      "recommendedQuantity": "1.0",
      "measurementUnitPrice": 5.38,
      "measurementUnit": "L",
      "isRedPrice": false,
      "pricePerUOM": 5.38,
      "activationDate": "13-11-2023",
      "isPromoActive": "N",
      "priceChangeCode": "E"
    },
    "isAvailable": true,
    "isPriceAvailable": true,
    "inPromo": false,
    "gtin": [
      "03104188002577",
      "03104185002570"
    ],
    "topCategoryName": "Kruidenierswaren/Droge voeding",
    "topCategoryId": "233",
    "businessDomain": "RETAIL_BE",
    "IsPrivateLabel": false,
    "IsBiffe": false,
    "WeightconversionFactor": "0",
    "IsWeightArticle": false,
    "nutriscoreLabel": "A",
    "IsBio": false,
    "CountryOfOrigin": "FRANKRIJK",
    "IsExclusivelySoldInLuxembourg": false,
    "OrderUnit": "P",
    "ShortName": "ETOI CIDERAZIJN 500ML",
    "IsNew": false,
    "EcoscoreLabel": "A",
    "RecentQuanityOfStockUnits": "1",
    "LongName": "ETOILE appelazijn 500ml",
    "AlcoholVolume": "0",
    "FicCode": "E",
    "EcoscoreValue": "100"
  },
  {
    "productId": "479465",
    "technicalArticleNumber": "3999066",
    "commercialArticleNumber": "4484",
    "name": "Radiatori 87",
    "brand": "GAROFALO",
    "seoBrand": "Garofalo",
    "thumbNail": "https://static.colruytgroup.com/images/200x200/std.lang.all/54/31/asset-2355431.jpg",
    "fullImage": "https://static.colruytgroup.com/images/500x500/std.lang.all/54/31/asset-2355431.jpg",
    "squareImage": "https://static.colruytgroup.com/images/500x500sq/std.lang.all/54/31/asset-2355431.jpg",
    "content": "500g",
    "walkRouteSequenceNumber": 8207,
    "price": {
      "basicPrice": 2.45,
      "recommendedQuantity": "1.0",
      "measurementUnitPrice": 4.9,
      "measurementUnit": "K",
      "isRedPrice": false,
      "pricePerUOM": 4.9,
      "activationDate": "14-11-2023",
      "isPromoActive": "N",
      "priceChangeCode": "E"
    },
    "isAvailable": true,
    "isPriceAvailable": true,
    "inPromo": false,
    "gtin": [
      "08000139208751",
      "08000139910265",
      "08000139000003",
      "18000139910774",
      "08000139912993"
    ],
    "topCategoryName": "Kruidenierswaren/Droge voeding",
    "topCategoryId": "233",
    "businessDomain": "RETAIL_BE",
    "IsPrivateLabel": false,
    "IsBiffe": false,
    "WeightconversionFactor": "0",
    "IsWeightArticle": false,
    "nutriscoreLabel": "A",
    "IsBio": false,
    "CountryOfOrigin": "ITALIË",
    "IsExclusivelySoldInLuxembourg": false,
    "OrderUnit": "P",
    "ShortName": "GARO RADIATORI 87 500G",
    "IsNew": false,
    "EcoscoreLabel": "B",
    "RecentQuanityOfStockUnits": "1,10",
    "LongName": "GAROFALO Radiatori 87 500g",
    "FicCode": "E",
    "EcoscoreValue": "60"
  },
  {
    "productId": "784",
    "technicalArticleNumber": "13353",
    "commercialArticleNumber": "13353",
    "name": "mosterd TD",
    "description": "*Mosterdpot\n*Vinaigrette\n*Sladressing\n*Kruiden\n*Lekker en pittig",
    "brand": "AMORA",
    "seoBrand": "Amora",
    "thumbNail": "https://static.colruytgroup.com/images/200x200/std.lang.all/46/12/asset-3334612.jpg",
    "fullImage": "https://static.colruytgroup.com/images/500x500/std.lang.all/46/12/asset-3334612.jpg",
    "squareImage": "https://static.colruytgroup.com/images/500x500sq/std.lang.all/46/12/asset-3334612.jpg",
    "content": "265g",
    "walkRouteSequenceNumber": 8229,
    "price": {
      "basicPrice": 3.24,
      "recommendedQuantity": "1.0",
      "quantityPrice": 1.87,
      "quantityPriceQuantity": "3.0",
      "measurementUnitPrice": 12.23,
      "measurementUnitQuantityPrice": 7.06,
      "measurementUnit": "K",
      "isRedPrice": false,
      "pricePerUOM": 12.23,
      "activationDate": "13-03-2024",
      "recordSource": "Offline",
      "isPromoActive": "N",
      "priceChangeCode": "E",
      "quantityPricePerUOM": 7.06,
      "quantityActivationDate": "13-03-2024",
      "quantityPriceChangeCode": "L"
    },
    "isAvailable": true,
    "isPriceAvailable": true,
    "inPromo": false,
    "gtin": [
      "08710522930939",
      "03250546610271",
      "08711200851102",
      "08710522930946"
    ],
    "topCategoryName": "Kruidenierswaren/Droge voeding",
    "topCategoryId": "233",
    "businessDomain": "RETAIL_BE",
    "IsPrivateLabel": false,
    "IsBiffe": false,
    "WeightconversionFactor": "0",
    "IsWeightArticle": false,
    "nutriscoreLabel": "E",
    "IsBio": false,
    "CountryOfOrigin": "FRANKRIJK",
    "IsExclusivelySoldInLuxembourg": false,
    "OrderUnit": "P",
    "ShortName": "AMORA MOST 265G KNIJPFL",
    "IsNew": false,
    "EcoscoreLabel": "C",
    "RecentQuanityOfStockUnits": "9,1",
    "LongName": "AMORA mosterd TD 265g",
    "AlcoholVolume": "0",
    "FicCode": "E",
    "EcoscoreValue": "54"
  },
  {
    "productId": "839",
    "technicalArticleNumber": "13124",
    "commercialArticleNumber": "13124",
    "name": "olijfolie extra vierge",
    "description": "*Koude en warme\nbereidingen\n*Umbrië, Italië",
    "brand": "CORICELLI",
    "seoBrand": "Pietro Coricelli",
    "thumbNail": "https://static.colruytgroup.com/images/200x200/std.lang.all/07/23/asset-640723.jpg",
    "fullImage": "https://static.colruytgroup.com/images/500x500/std.lang.all/07/23/asset-640723.jpg",
    "squareImage": "https://static.colruytgroup.com/images/500x500sq/std.lang.all/07/23/asset-640723.jpg",
    "content": "75cl",
    "walkRouteSequenceNumber": 8960,
    "price": {
      "basicPrice": 11.99,
      "recommendedQuantity": "1.0",
      "measurementUnitPrice": 15.99,
      "measurementUnit": "L",
      "isRedPrice": false,
      "pricePerUOM": 15.99,
      "activationDate": "13-12-2023",
      "isPromoActive": "N",
      "priceChangeCode": "H"
    },
    "isAvailable": true,
    "isPriceAvailable": true,
    "inPromo": false,
    "gtin": [
      "08004275091093",
      "08004275101211",
      "08004275001214"
    ],
    "topCategoryName": "Kruidenierswaren/Droge voeding",
    "topCategoryId": "233",
    "businessDomain": "RETAIL_BE",
    "IsPrivateLabel": false,
    "IsBiffe": false,
    "WeightconversionFactor": "0",
    "IsWeightArticle": false,
    "nutriscoreLabel": "B",
    "IsBio": false,
    "CountryOfOrigin": "BELGIË",
    "IsExclusivelySoldInLuxembourg": false,
    "OrderUnit": "P",
    "ShortName": "CORIC OLIVETO TORRE75CL",
    "IsNew": false,
    "EcoscoreLabel": "D",
    "RecentQuanityOfStockUnits": "1",
    "LongName": "CORICELLI olijfolie extra vierge 75cl",
    "AlcoholVolume": "0",
    "FicCode": "E",
    "EcoscoreValue": "27"
  },
  {
    "productId": "39355",
    "technicalArticleNumber": "1789842",
    "commercialArticleNumber": "14384",
    "name": "rijst basmati",
    "description": "*Kookbuiltjes\n*kooktijd:10 minuten",
    "brand": "BEN'S ORIGINAL",
    "seoBrand": "Ben's original",
    "thumbNail": "https://static.colruytgroup.com/images/200x200/std.lang.all/77/49/asset-2537749.jpg",
    "fullImage": "https://static.colruytgroup.com/images/500x500/std.lang.all/77/49/asset-2537749.jpg",
    "squareImage": "https://static.colruytgroup.com/images/500x500sq/std.lang.all/77/49/asset-2537749.jpg",
    "content": "8x125g",
    "walkRouteSequenceNumber": 8365,
    "price": {
      "basicPrice": 6.35,
      "recommendedQuantity": "1.0",
      "measurementUnitPrice": 6.35,
      "measurementUnit": "K",
      "isRedPrice": false,
      "pricePerUOM": 6.35,
      "activationDate": "23-03-2024",
      "recordSource": "Offline",
      "isPromoActive": "N",
      "priceChangeCode": "H"
    },
    "isAvailable": true,
    "isPriceAvailable": true,
    "inPromo": false,
    "gtin": [
      "05410673005700",
      "05410673004901",
      "05410673726025",
      "05410673726018"
    ],
    "topCategoryName": "Kruidenierswaren/Droge voeding",
    "topCategoryId": "233",
    "businessDomain": "RETAIL_BE",
    "IsPrivateLabel": false,
    "IsBiffe": false,
    "WeightconversionFactor": "0",
    "IsWeightArticle": false,
    "nutriscoreLabel": "B",
    "IsBio": false,
    "CountryOfOrigin": "BELGIË",
    "IsExclusivelySoldInLuxembourg": false,
    "OrderUnit": "P",
    "ShortName": "BEOR BASMATI RIJST8X125",
    "IsNew": false,
    "RecentQuanityOfStockUnits": "1",
    "LongName": "BEN'S ORIGINAL rijst basmati 8x125g",
    "AlcoholVolume": "0",
    "FicCode": "E"
  },
  {
    "productId": "106708",
    "technicalArticleNumber": "3132314",
    "commercialArticleNumber": "42867",
    "name": "sambal oelek",
    "description": "*Sambal Oelek",
    "brand": "BONI",
    "seoBrand": "Boni Selection",
    "thumbNail": "https://static.colruytgroup.com/images/200x200/std.lang.all/57/82/asset-1425782.jpg",
    "fullImage": "https://static.colruytgroup.com/images/500x500/std.lang.all/57/82/asset-1425782.jpg",
    "squareImage": "https://static.colruytgroup.com/images/500x500sq/std.lang.all/57/82/asset-1425782.jpg",
    "content": "200g",
    "walkRouteSequenceNumber": 8482,
    "price": {
      "basicPrice": 1.49,
      "recommendedQuantity": "1.0",
      "measurementUnitPrice": 7.45,
      "measurementUnit": "K",
      "isRedPrice": false,
      "pricePerUOM": 7.45,
      "activationDate": "14-02-2024",
      "recordSource": "Offline",
      "isPromoActive": "N",
      "priceChangeCode": "H"
    },
    "isAvailable": true,
    "isPriceAvailable": true,
    "inPromo": false,
    "gtin": [
      "15400141288404",
      "05400141288407",
      "05400141123920",
      "05400141075915"
    ],
    "topCategoryName": "Kruidenierswaren/Droge voeding",
    "topCategoryId": "233",
    "businessDomain": "RETAIL_BE",
    "IsPrivateLabel": true,
    "IsBiffe": false,
    "WeightconversionFactor": "0",
    "IsWeightArticle": false,
    "nutriscoreLabel": "D",
    "IsBio": false,
    "CountryOfOrigin": "BELGIË",
    "IsExclusivelySoldInLuxembourg": false,
    "OrderUnit": "P",
    "ShortName": "BONI SAMBAL OELEK 200G",
    "IsNew": false,
    "EcoscoreLabel": "B",
    "RecentQuanityOfStockUnits": "1",
    "LongName": "BONI sambal oelek 200g",
    "AlcoholVolume": "0",
    "FicCode": "I",
    "EcoscoreValue": "65"
  },
  {
    "productId": "840",
    "technicalArticleNumber": "13125",
    "commercialArticleNumber": "13125",
    "name": "olijfolie extra vierge",
    "description": "*Koude en warme\nbereidingen\n*Blend van oliën van\ndiverse oorsprong",
    "brand": "CORICELLI",
    "seoBrand": "Pietro Coricelli",
    "thumbNail": "https://static.colruytgroup.com/images/200x200/std.lang.all/12/56/asset-361256.jpg",
    "fullImage": "https://static.colruytgroup.com/images/500x500/std.lang.all/12/56/asset-361256.jpg",
    "squareImage": "https://static.colruytgroup.com/images/500x500sq/std.lang.all/12/56/asset-361256.jpg",
    "content": "1L",
    "walkRouteSequenceNumber": 8962,
    "price": {
      "basicPrice": 13.99,
      "recommendedQuantity": "1.0",
      "measurementUnitPrice": 13.99,
      "measurementUnit": "L",
      "isRedPrice": false,
      "pricePerUOM": 13.99,
      "activationDate": "14-11-2023",
      "isPromoActive": "N",
      "priceChangeCode": "E"
    },
    "isAvailable": true,
    "isPriceAvailable": true,
    "inPromo": false,
    "gtin": [
      "08004275001115",
      "15400141614661"
    ],
    "topCategoryName": "Kruidenierswaren/Droge voeding",
    "topCategoryId": "233",
    "businessDomain": "RETAIL_BE",
    "IsPrivateLabel": false,
    "IsBiffe": false,
    "WeightconversionFactor": "0",
    "IsWeightArticle": false,
    "nutriscoreLabel": "B",
    "IsBio": false,
    "CountryOfOrigin": "BELGIË",
    "IsExclusivelySoldInLuxembourg": false,
    "OrderUnit": "P",
    "ShortName": "COR OLYFOLI EXT.VIERG1L",
    "IsNew": false,
    "EcoscoreLabel": "D",
    "RecentQuanityOfStockUnits": "1",
    "LongName": "CORICELLI olijfolie extra vierge 1L",
    "AlcoholVolume": "0",
    "FicCode": "E",
    "EcoscoreValue": "27"
  },
  {
    "productId": "477295",
    "technicalArticleNumber": "4015026",
    "commercialArticleNumber": "5022",
    "name": "Grissini rozemarijn",
    "brand": "BONI",
    "seoBrand": "Boni Selection",
    "thumbNail": "https://static.colruytgroup.com/images/200x200/std.lang.all/15/28/asset-3351528.jpg",
    "fullImage": "https://static.colruytgroup.com/images/500x500/std.lang.all/15/28/asset-3351528.jpg",
    "squareImage": "https://static.colruytgroup.com/images/500x500sq/std.lang.all/15/28/asset-3351528.jpg",
    "content": "100g",
    "walkRouteSequenceNumber": 4484,
    "price": {
      "basicPrice": 0.872,
      "recommendedQuantity": "1.0",
      "quantityPrice": 0.715,
      "quantityPriceQuantity": "2.0",
      "measurementUnitPrice": 8.72,
      "measurementUnitQuantityPrice": 7.15,
      "measurementUnit": "K",
      "isRedPrice": false,
      "pricePerUOM": 8.72,
      "activationDate": "20-03-2024",
      "recordSource": "Offline",
      "isPromoActive": "N",
      "priceChangeCode": "E",
      "quantityPricePerUOM": 7.15,
      "quantityActivationDate": "20-03-2024",
      "quantityPriceChangeCode": "H"
    },
    "isAvailable": true,
    "isPriceAvailable": true,
    "inPromo": false,
    "gtin": [
      "15400141367017",
      "05400141367010",
      "05400141234527",
      "15400141234524",
      "15400141570325",
      "05400141570328"
    ],
    "topCategoryName": "Kruidenierswaren/Droge voeding",
    "topCategoryId": "233",
    "businessDomain": "RETAIL_BE",
    "IsPrivateLabel": true,
    "IsBiffe": false,
    "WeightconversionFactor": "0",
    "IsWeightArticle": false,
    "nutriscoreLabel": "D",
    "IsBio": false,
    "CountryOfOrigin": "ITALIË",
    "IsExclusivelySoldInLuxembourg": false,
    "OrderUnit": "P",
    "ShortName": "BONI GRISSINI ROZEM.100",
    "InSeason": true,
    "IsNew": false,
    "EcoscoreLabel": "A",
    "RecentQuanityOfStockUnits": "1,16,1",
    "LongName": "BONI Grissini rozemarijn 100g",
    "StartSeasonDate": "11/01/2023",
    "FicCode": "I",
    "EcoscoreValue": "87"
  },
  {
    "productId": "230361",
    "technicalArticleNumber": "3579210",
    "commercialArticleNumber": "50976",
    "name": "bloem tarwe",
    "description": "*Tarwebloem\n*Geschikt voor\npasta en pizza",
    "brand": "DALLAGIOVANNA",
    "seoBrand": "Dallagiovanna",
    "thumbNail": "https://static.colruytgroup.com/images/200x200/std.lang.all/40/85/asset-1024085.jpg",
    "fullImage": "https://static.colruytgroup.com/images/500x500/std.lang.all/40/85/asset-1024085.jpg",
    "squareImage": "https://static.colruytgroup.com/images/500x500sq/std.lang.all/40/85/asset-1024085.jpg",
    "content": "1kg",
    "walkRouteSequenceNumber": 9602,
    "price": {
      "basicPrice": 2.69,
      "recommendedQuantity": "1.0",
      "measurementUnitPrice": 2.69,
      "measurementUnit": "K",
      "isRedPrice": false,
      "pricePerUOM": 2.69,
      "activationDate": "03-01-2024",
      "isPromoActive": "N",
      "priceChangeCode": "H"
    },
    "isAvailable": true,
    "isPriceAvailable": true,
    "inPromo": false,
    "gtin": [
      "08033772094214",
      "08033772092609",
      "08033772090223"
    ],
    "topCategoryName": "Kruidenierswaren/Droge voeding",
    "topCategoryId": "233",
    "businessDomain": "RETAIL_BE",
    "IsPrivateLabel": false,
    "IsBiffe": false,
    "WeightconversionFactor": "0",
    "IsWeightArticle": false,
    "nutriscoreLabel": "A",
    "IsBio": false,
    "CountryOfOrigin": "ITALIË",
    "IsExclusivelySoldInLuxembourg": false,
    "OrderUnit": "P",
    "ShortName": "DELLAG.BLOEM TIPO OO 1K",
    "IsNew": false,
    "EcoscoreLabel": "B",
    "RecentQuanityOfStockUnits": "10,1",
    "LongName": "DALLAGIOVANNA bloem tarwe 1kg",
    "AlcoholVolume": "0",
    "FicCode": "E",
    "EcoscoreValue": "77"
  },
  {
    "productId": "15730",
    "technicalArticleNumber": "1583871",
    "commercialArticleNumber": "13876",
    "name": "saus andalouse",
    "brand": "BONI",
    "seoBrand": "Boni Selection",
    "thumbNail": "https://static.colruytgroup.com/images/200x200/std.lang.all/96/87/asset-2779687.jpg",
    "fullImage": "https://static.colruytgroup.com/images/500x500/std.lang.all/96/87/asset-2779687.jpg",
    "squareImage": "https://static.colruytgroup.com/images/500x500sq/std.lang.all/96/87/asset-2779687.jpg",
    "content": "460g",
    "walkRouteSequenceNumber": 8140,
    "price": {
      "basicPrice": 2.78,
      "recommendedQuantity": "1.0",
      "measurementUnitPrice": 6.05,
      "measurementUnit": "K",
      "isRedPrice": false,
      "pricePerUOM": 6.05,
      "activationDate": "14-11-2023",
      "recordSource": "Offline",
      "isPromoActive": "N",
      "priceChangeCode": "E"
    },
    "isAvailable": true,
    "isPriceAvailable": true,
    "inPromo": false,
    "gtin": [
      "05400141138771",
      "05400141191523",
      "05400141359305",
      "05400141460292",
      "15400141460299",
      "15400141359302",
      "05400141902907",
      "15400141902904"
    ],
    "topCategoryName": "Kruidenierswaren/Droge voeding",
    "topCategoryId": "233",
    "businessDomain": "RETAIL_BE",
    "IsPrivateLabel": true,
    "IsBiffe": false,
    "WeightconversionFactor": "0",
    "IsWeightArticle": false,
    "nutriscoreLabel": "E",
    "IsBio": false,
    "CountryOfOrigin": "BELGIË",
    "IsExclusivelySoldInLuxembourg": false,
    "OrderUnit": "P",
    "ShortName": "BONI ANDALOUSE 460G",
    "IsNew": false,
    "EcoscoreLabel": "B",
    "RecentQuanityOfStockUnits": "12,1",
    "LongName": "BONI saus andalouse 460g",
    "AlcoholVolume": "0",
    "FicCode": "I",
    "EcoscoreValue": "65"
  },
  {
    "productId": "207068",
    "technicalArticleNumber": "3515592",
    "commercialArticleNumber": "50611",
    "name": "spaghetti n.5 glutenvrij",
    "description": "*Glutenvrij",
    "brand": "BARILLA",
    "seoBrand": "Barilla",
    "thumbNail": "https://static.colruytgroup.com/images/200x200/std.lang.all/35/86/asset-2543586.jpg",
    "fullImage": "https://static.colruytgroup.com/images/500x500/std.lang.all/35/86/asset-2543586.jpg",
    "squareImage": "https://static.colruytgroup.com/images/500x500sq/std.lang.all/35/86/asset-2543586.jpg",
    "content": "400g",
    "walkRouteSequenceNumber": 8294,
    "price": {
      "basicPrice": 3.99,
      "recommendedQuantity": "1.0",
      "measurementUnitPrice": 9.98,
      "measurementUnit": "K",
      "isRedPrice": false,
      "pricePerUOM": 9.98,
      "activationDate": "21-03-2024",
      "recordSource": "Offline",
      "isPromoActive": "N",
      "priceChangeCode": "H"
    },
    "isAvailable": true,
    "isPriceAvailable": true,
    "inPromo": false,
    "gtin": [
      "08076809029278",
      "08076809545440"
    ],
    "topCategoryName": "Kruidenierswaren/Droge voeding",
    "topCategoryId": "233",
    "businessDomain": "RETAIL_BE",
    "IsPrivateLabel": false,
    "IsBiffe": false,
    "WeightconversionFactor": "0",
    "IsWeightArticle": false,
    "nutriscoreLabel": "B",
    "IsBio": false,
    "CountryOfOrigin": "ITALIË",
    "IsExclusivelySoldInLuxembourg": false,
    "OrderUnit": "P",
    "ShortName": "BARILLA SPAGHET GV 400G",
    "IsNew": false,
    "EcoscoreLabel": "B",
    "RecentQuanityOfStockUnits": "1,12",
    "LongName": "BARILLA spaghetti n.5 glutenvrij 400g",
    "AlcoholVolume": "0",
    "FicCode": "E",
    "EcoscoreValue": "65"
  },
  {
    "productId": "489635",
    "technicalArticleNumber": "4041914",
    "commercialArticleNumber": "6130",
    "name": "croutons look/peterselie",
    "brand": "BONI",
    "seoBrand": "Boni Selection",
    "thumbNail": "https://static.colruytgroup.com/images/200x200/std.lang.all/78/77/asset-1827877.jpg",
    "fullImage": "https://static.colruytgroup.com/images/500x500/std.lang.all/78/77/asset-1827877.jpg",
    "squareImage": "https://static.colruytgroup.com/images/500x500sq/std.lang.all/78/77/asset-1827877.jpg",
    "content": "75g",
    "walkRouteSequenceNumber": 16997,
    "price": {
      "basicPrice": 1.49,
      "recommendedQuantity": "1.0",
      "measurementUnitPrice": 19.87,
      "measurementUnit": "K",
      "isRedPrice": false,
      "pricePerUOM": 19.87,
      "activationDate": "02-01-2024",
      "isPromoActive": "N",
      "priceChangeCode": "E"
    },
    "isAvailable": true,
    "isPriceAvailable": true,
    "inPromo": false,
    "gtin": [
      "05400141400281",
      "15400141400288",
      "05400141250336",
      "15400141250333"
    ],
    "topCategoryName": "Kruidenierswaren/Droge voeding",
    "topCategoryId": "233",
    "businessDomain": "RETAIL_BE",
    "IsPrivateLabel": true,
    "IsBiffe": false,
    "WeightconversionFactor": "0",
    "IsWeightArticle": false,
    "nutriscoreLabel": "D",
    "IsBio": false,
    "CountryOfOrigin": "OOSTENRIJK",
    "IsExclusivelySoldInLuxembourg": false,
    "OrderUnit": "P",
    "ShortName": "BONI CROUT.LOOK/PETER75",
    "IsNew": false,
    "EcoscoreLabel": "C",
    "RecentQuanityOfStockUnits": "1",
    "LongName": "BONI croutons look/peterselie 75g",
    "FicCode": "I",
    "EcoscoreValue": "43"
  },
  {
    "productId": "881113",
    "technicalArticleNumber": "4738470",
    "commercialArticleNumber": "32382",
    "name": "Orecchiette n°91",
    "brand": "GRANORO",
    "seoBrand": "Granoro",
    "thumbNail": "https://static.colruytgroup.com/images/200x200/std.lang.all/81/13/asset-3378113.jpg",
    "fullImage": "https://static.colruytgroup.com/images/500x500/std.lang.all/81/13/asset-3378113.jpg",
    "squareImage": "https://static.colruytgroup.com/images/500x500sq/std.lang.all/81/13/asset-3378113.jpg",
    "content": "500g",
    "walkRouteSequenceNumber": 8353,
    "price": {
      "basicPrice": 1.39,
      "recommendedQuantity": "1.0",
      "measurementUnitPrice": 2.78,
      "measurementUnit": "K",
      "isRedPrice": false,
      "pricePerUOM": 2.78,
      "activationDate": "28-02-2024",
      "isPromoActive": "N",
      "priceChangeCode": "E"
    },
    "isAvailable": true,
    "isPriceAvailable": true,
    "inPromo": false,
    "gtin": [
      "18007290002454",
      "08007290330918"
    ],
    "topCategoryName": "Kruidenierswaren/Droge voeding",
    "topCategoryId": "233",
    "businessDomain": "RETAIL_BE",
    "IsPrivateLabel": false,
    "IsBiffe": false,
    "WeightconversionFactor": "0",
    "IsWeightArticle": false,
    "IsBio": false,
    "CountryOfOrigin": "ITALIË",
    "IsExclusivelySoldInLuxembourg": false,
    "OrderUnit": "P",
    "ShortName": "GRANO ORECCHIET.N91 500",
    "IsNew": false,
    "RecentQuanityOfStockUnits": "1",
    "LongName": "GRANORO Orecchiette n°91 500g",
    "AlcoholVolume": "0",
    "FicCode": "E"
  },
  {
    "productId": "10126",
    "technicalArticleNumber": "1384587",
    "commercialArticleNumber": "12190",
    "name": "jul.tomaat-gr-balletjes brik",
    "description": "*Tomaten-groentesoep\nmet balletjes\n(julienne)",
    "brand": "LIEBIG",
    "seoBrand": "Liebig",
    "thumbNail": "https://static.colruytgroup.com/images/200x200/nl_be/35/76/asset-3353576.jpg",
    "fullImage": "https://static.colruytgroup.com/images/500x500/nl_be/35/76/asset-3353576.jpg",
    "squareImage": "https://static.colruytgroup.com/images/500x500sq/nl_be/35/76/asset-3353576.jpg",
    "content": "1L",
    "walkRouteSequenceNumber": 16880,
    "price": {
      "basicPrice": 3.19,
      "recommendedQuantity": "2.0",
      "measurementUnitPrice": 3.19,
      "measurementUnit": "L",
      "isRedPrice": false,
      "pricePerUOM": 3.19,
      "activationDate": "12-03-2024",
      "recordSource": "Offline",
      "isPromoActive": "N",
      "priceChangeCode": "H"
    },
    "isAvailable": true,
    "isPriceAvailable": true,
    "inPromo": false,
    "gtin": [
      "05414972101569",
      "05410056188976",
      "05414972726588",
      "05414972705767",
      "05414972205762"
    ],
    "topCategoryName": "Kruidenierswaren/Droge voeding",
    "topCategoryId": "233",
    "businessDomain": "RETAIL_BE",
    "IsPrivateLabel": false,
    "IsBiffe": false,
    "WeightconversionFactor": "0",
    "IsWeightArticle": false,
    "nutriscoreLabel": "C",
    "IsBio": false,
    "CountryOfOrigin": "FRANKRIJK",
    "IsExclusivelySoldInLuxembourg": false,
    "OrderUnit": "P",
    "ShortName": "LIEB JUL.TOM-GR-BAL.1L",
    "IsNew": false,
    "EcoscoreLabel": "D",
    "RecentQuanityOfStockUnits": "1,2,8",
    "LongName": "LIEBIG jul.tomaat-gr-balletjes brik 1L",
    "AlcoholVolume": "0",
    "FicCode": "E",
    "EcoscoreValue": "32"
  },
  {
    "productId": "1079",
    "technicalArticleNumber": "15950",
    "commercialArticleNumber": "15950",
    "name": "cracker tarwe",
    "description": "*Cracker, tarwe,\nrechthoekig\n*10 vershoudzakjes",
    "brand": "LU PAROVITA",
    "seoBrand": "LU Parovita",
    "thumbNail": "https://static.colruytgroup.com/images/200x200/std.lang.all/91/02/asset-1129102.jpg",
    "fullImage": "https://static.colruytgroup.com/images/500x500/std.lang.all/91/02/asset-1129102.jpg",
    "squareImage": "https://static.colruytgroup.com/images/500x500sq/std.lang.all/91/02/asset-1129102.jpg",
    "content": "330g",
    "walkRouteSequenceNumber": 17074,
    "price": {
      "basicPrice": 3.99,
      "recommendedQuantity": "1.0",
      "measurementUnitPrice": 12.1,
      "measurementUnit": "K",
      "isRedPrice": false,
      "pricePerUOM": 12.1,
      "activationDate": "23-03-2024",
      "recordSource": "Online",
      "isPromoActive": "N",
      "priceChangeCode": "E"
    },
    "isAvailable": true,
    "isPriceAvailable": true,
    "inPromo": false,
    "gtin": [
      "05410041188400",
      "15410041430506",
      "15410041008309"
    ],
    "topCategoryName": "Brood/Ontbijt",
    "topCategoryId": "124",
    "businessDomain": "RETAIL_BE",
    "IsPrivateLabel": false,
    "IsBiffe": false,
    "WeightconversionFactor": "0",
    "IsWeightArticle": false,
    "nutriscoreLabel": "D",
    "IsBio": false,
    "CountryOfOrigin": "POLEN",
    "IsExclusivelySoldInLuxembourg": false,
    "OrderUnit": "P",
    "ShortName": "LU PAROVITA TARWE 330GR",
    "IsNew": false,
    "RecentQuanityOfStockUnits": "1",
    "LongName": "LU PAROVITA cracker tarwe 330g",
    "AlcoholVolume": "0",
    "FicCode": "E"
  },
  {
    "productId": "10801",
    "technicalArticleNumber": "1365480",
    "commercialArticleNumber": "13664",
    "name": "peperbolletjes zwart",
    "brand": "BONI",
    "seoBrand": "Boni Selection",
    "thumbNail": "https://static.colruytgroup.com/images/200x200/std.lang.all/10/98/asset-521098.jpg",
    "fullImage": "https://static.colruytgroup.com/images/500x500/std.lang.all/10/98/asset-521098.jpg",
    "squareImage": "https://static.colruytgroup.com/images/500x500sq/std.lang.all/10/98/asset-521098.jpg",
    "content": "500g",
    "walkRouteSequenceNumber": 6420,
    "price": {
      "basicPrice": 9.49,
      "recommendedQuantity": "1.0",
      "measurementUnitPrice": 18.98,
      "measurementUnit": "K",
      "isRedPrice": false,
      "pricePerUOM": 18.98,
      "activationDate": "23-01-2024",
      "isPromoActive": "N",
      "priceChangeCode": "L"
    },
    "isAvailable": true,
    "isPriceAvailable": true,
    "inPromo": false,
    "gtin": [
      "05400141098464",
      "15400141961161",
      "05400141636642",
      "05400141136647"
    ],
    "topCategoryName": "Kruidenierswaren/Droge voeding",
    "topCategoryId": "233",
    "businessDomain": "RETAIL_BE",
    "IsPrivateLabel": true,
    "IsBiffe": false,
    "WeightconversionFactor": "0",
    "IsWeightArticle": false,
    "IsBio": false,
    "CountryOfOrigin": "INDIA",
    "IsExclusivelySoldInLuxembourg": false,
    "OrderUnit": "P",
    "ShortName": "BONI ZWART PEP BOL 500G",
    "IsNew": false,
    "EcoscoreLabel": "E",
    "RecentQuanityOfStockUnits": "1",
    "LongName": "BONI peperbolletjes zwart 500g",
    "AlcoholVolume": "0",
    "FicCode": "I",
    "EcoscoreValue": "7"
  },
  {
    "productId": "10664",
    "technicalArticleNumber": "1396489",
    "commercialArticleNumber": "13368",
    "name": "mosterd",
    "brand": "DEVOS LEMMENS",
    "seoBrand": "Devos Lemmens",
    "thumbNail": "https://static.colruytgroup.com/images/200x200/std.lang.all/52/21/asset-875221.jpg",
    "fullImage": "https://static.colruytgroup.com/images/500x500/std.lang.all/52/21/asset-875221.jpg",
    "squareImage": "https://static.colruytgroup.com/images/500x500sq/std.lang.all/52/21/asset-875221.jpg",
    "content": "550ml",
    "walkRouteSequenceNumber": 8238,
    "price": {
      "basicPrice": 3.09,
      "recommendedQuantity": "1.0",
      "measurementUnitPrice": 5.62,
      "measurementUnit": "L",
      "isRedPrice": false,
      "pricePerUOM": 5.62,
      "activationDate": "02-01-2024",
      "recordSource": "Offline",
      "isPromoActive": "N",
      "priceChangeCode": "E"
    },
    "isAvailable": true,
    "isPriceAvailable": true,
    "inPromo": false,
    "gtin": [
      "05410056781283",
      "05410056181281"
    ],
    "topCategoryName": "Kruidenierswaren/Droge voeding",
    "topCategoryId": "233",
    "businessDomain": "RETAIL_BE",
    "IsPrivateLabel": false,
    "IsBiffe": false,
    "WeightconversionFactor": "0",
    "IsWeightArticle": false,
    "nutriscoreLabel": "D",
    "IsBio": false,
    "CountryOfOrigin": "BELGIË",
    "IsExclusivelySoldInLuxembourg": false,
    "OrderUnit": "P",
    "ShortName": "DVL MOSTERD 550ML",
    "IsNew": false,
    "EcoscoreLabel": "C",
    "RecentQuanityOfStockUnits": "1,12",
    "LongName": "DEVOS LEMMENS mosterd 550ml",
    "AlcoholVolume": "0",
    "FicCode": "E",
    "EcoscoreValue": "54"
  },
  {
    "productId": "337480",
    "technicalArticleNumber": "3738242",
    "commercialArticleNumber": "13491",
    "name": "pastasaus Italiano",
    "brand": "MIRACOLI",
    "seoBrand": "Miracoli",
    "thumbNail": "https://static.colruytgroup.com/images/200x200/std.lang.all/47/98/asset-2504798.jpg",
    "fullImage": "https://static.colruytgroup.com/images/500x500/std.lang.all/47/98/asset-2504798.jpg",
    "squareImage": "https://static.colruytgroup.com/images/500x500sq/std.lang.all/47/98/asset-2504798.jpg",
    "content": "500g",
    "walkRouteSequenceNumber": 8328,
    "price": {
      "basicPrice": 4.09,
      "recommendedQuantity": "1.0",
      "measurementUnitPrice": 8.18,
      "measurementUnit": "K",
      "isRedPrice": false,
      "pricePerUOM": 8.18,
      "activationDate": "21-03-2024",
      "recordSource": "Offline",
      "isPromoActive": "N",
      "priceChangeCode": "H"
    },
    "isAvailable": true,
    "isPriceAvailable": true,
    "inPromo": true,
    "promotion": [
      {
        "techPromoId": "100956COLR",
        "promotionId": "100956",
        "promotionType": "4",
        "isPersonalized": "N",
        "publicationStartDate": "13-03-2024",
        "publicationEndDate": "26-03-2024"
      }
    ],
    "gtin": [
      "04002359009068",
      "04002359009075",
      "05400141139785",
      "35400141285841"
    ],
    "topCategoryName": "Kruidenierswaren/Droge voeding",
    "topCategoryId": "233",
    "businessDomain": "RETAIL_BE",
    "IsPrivateLabel": false,
    "IsBiffe": false,
    "WeightconversionFactor": "0",
    "IsWeightArticle": false,
    "nutriscoreLabel": "C",
    "IsBio": false,
    "CountryOfOrigin": "NEDERLAND",
    "IsExclusivelySoldInLuxembourg": false,
    "OrderUnit": "P",
    "ShortName": "MIRA PASTASAUS ITAL500G",
    "IsNew": false,
    "RecentQuanityOfStockUnits": "3,1",
    "LongName": "MIRACOLI pastasaus Italiano 500g",
    "AlcoholVolume": "0",
    "FicCode": "E"
  },
  {
    "productId": "49985",
    "technicalArticleNumber": "2469658",
    "commercialArticleNumber": "38112",
    "name": "vinaigrette Vegan",
    "description": "*7% vetgehalte",
    "brand": "VANDEMOORTELE",
    "seoBrand": "Vandemoortele",
    "thumbNail": "https://static.colruytgroup.com/images/200x200/std.lang.all/05/03/asset-3310503.jpg",
    "fullImage": "https://static.colruytgroup.com/images/500x500/std.lang.all/05/03/asset-3310503.jpg",
    "squareImage": "https://static.colruytgroup.com/images/500x500sq/std.lang.all/05/03/asset-3310503.jpg",
    "content": "450ml",
    "walkRouteSequenceNumber": 8064,
    "price": {
      "basicPrice": 2.99,
      "recommendedQuantity": "1.0",
      "measurementUnitPrice": 6.65,
      "measurementUnit": "L",
      "isRedPrice": false,
      "pricePerUOM": 6.65,
      "activationDate": "14-11-2023",
      "recordSource": "Offline",
      "isPromoActive": "N",
      "priceChangeCode": "E"
    },
    "isAvailable": true,
    "isPriceAvailable": true,
    "inPromo": false,
    "gtin": [
      "05410093180599",
      "05410093143594",
      "05410093143587"
    ],
    "topCategoryName": "Kruidenierswaren/Droge voeding",
    "topCategoryId": "233",
    "businessDomain": "RETAIL_BE",
    "IsPrivateLabel": false,
    "IsBiffe": false,
    "WeightconversionFactor": "0",
    "IsWeightArticle": false,
    "nutriscoreLabel": "D",
    "IsBio": false,
    "CountryOfOrigin": "BELGIË",
    "IsExclusivelySoldInLuxembourg": false,
    "OrderUnit": "P",
    "ShortName": "VDM VINAIGR VEGAN 450ML",
    "IsNew": false,
    "EcoscoreLabel": "D",
    "RecentQuanityOfStockUnits": "1,1,12",
    "LongName": "VANDEMOORTELE vinaigrette Vegan 450ml",
    "AlcoholVolume": "0",
    "FicCode": "E",
    "EcoscoreValue": "39"
  },
  {
    "productId": "459999",
    "technicalArticleNumber": "4023630",
    "commercialArticleNumber": "5232",
    "name": "kaassaus",
    "description": "*Droge saus\n*Zachte smaak\n*Makkelijk doseren\n*Warm gerechten\n*Klaar voor gebruik",
    "brand": "KNORR",
    "seoBrand": "Knorr",
    "thumbNail": "https://static.colruytgroup.com/images/200x200/std.lang.all/23/96/asset-2802396.jpg",
    "fullImage": "https://static.colruytgroup.com/images/500x500/std.lang.all/23/96/asset-2802396.jpg",
    "squareImage": "https://static.colruytgroup.com/images/500x500sq/std.lang.all/23/96/asset-2802396.jpg",
    "content": "4x28g",
    "walkRouteSequenceNumber": 8269,
    "price": {
      "basicPrice": 3.18,
      "recommendedQuantity": "2.0",
      "measurementUnitPrice": 28.4,
      "measurementUnit": "K",
      "isRedPrice": false,
      "pricePerUOM": 28.4,
      "activationDate": "28-02-2024",
      "recordSource": "Offline",
      "isPromoActive": "N",
      "priceChangeCode": "H"
    },
    "isAvailable": true,
    "isPriceAvailable": true,
    "inPromo": false,
    "gtin": [
      "08711200394418",
      "08711200394449",
      "65400141257887"
    ],
    "topCategoryName": "Kruidenierswaren/Droge voeding",
    "topCategoryId": "233",
    "businessDomain": "RETAIL_BE",
    "IsPrivateLabel": false,
    "IsBiffe": false,
    "WeightconversionFactor": "0",
    "IsWeightArticle": false,
    "nutriscoreLabel": "C",
    "IsBio": false,
    "CountryOfOrigin": "FRANKRIJK",
    "IsExclusivelySoldInLuxembourg": false,
    "OrderUnit": "P",
    "ShortName": "KNOR KAASSAUS 4X28G",
    "IsNew": false,
    "EcoscoreLabel": "B",
    "RecentQuanityOfStockUnits": "2,1",
    "LongName": "KNORR kaassaus 4x28g",
    "FicCode": "E",
    "EcoscoreValue": "67"
  },
  {
    "productId": "117",
    "technicalArticleNumber": "13641",
    "commercialArticleNumber": "13641",
    "name": "kruiden kip",
    "brand": "BONI",
    "seoBrand": "Boni Selection",
    "thumbNail": "https://static.colruytgroup.com/images/200x200/std.lang.all/75/61/asset-1437561.jpg",
    "fullImage": "https://static.colruytgroup.com/images/500x500/std.lang.all/75/61/asset-1437561.jpg",
    "squareImage": "https://static.colruytgroup.com/images/500x500sq/std.lang.all/75/61/asset-1437561.jpg",
    "content": "750g",
    "walkRouteSequenceNumber": 6426,
    "price": {
      "basicPrice": 7.99,
      "recommendedQuantity": "1.0",
      "measurementUnitPrice": 10.66,
      "measurementUnit": "K",
      "isRedPrice": false,
      "pricePerUOM": 10.66,
      "activationDate": "17-11-2023",
      "isPromoActive": "N",
      "priceChangeCode": "E"
    },
    "isAvailable": true,
    "isPriceAvailable": true,
    "inPromo": false,
    "gtin": [
      "05400141126266",
      "05400141359633",
      "15400141126263",
      "15400141359630"
    ],
    "topCategoryName": "Kruidenierswaren/Droge voeding",
    "topCategoryId": "233",
    "businessDomain": "RETAIL_BE",
    "IsPrivateLabel": true,
    "IsBiffe": false,
    "WeightconversionFactor": "0",
    "IsWeightArticle": false,
    "nutriscoreLabel": "E",
    "IsBio": false,
    "CountryOfOrigin": "BELGIË",
    "IsExclusivelySoldInLuxembourg": false,
    "OrderUnit": "P",
    "ShortName": "BONI KIPPEKRUIDEN 750G",
    "IsNew": false,
    "EcoscoreLabel": "E",
    "RecentQuanityOfStockUnits": "1,4",
    "LongName": "BONI kruiden kip 750g",
    "AlcoholVolume": "0",
    "FicCode": "I",
    "EcoscoreValue": "7"
  },
  {
    "productId": "35431",
    "technicalArticleNumber": "1810810",
    "commercialArticleNumber": "13573",
    "name": "pastasaus",
    "brand": "BONI BIO",
    "seoBrand": "Boni Selection Bio",
    "thumbNail": "https://static.colruytgroup.com/images/200x200/std.lang.all/07/80/asset-3220780.jpg",
    "fullImage": "https://static.colruytgroup.com/images/500x500/std.lang.all/07/80/asset-3220780.jpg",
    "squareImage": "https://static.colruytgroup.com/images/500x500sq/std.lang.all/07/80/asset-3220780.jpg",
    "content": "500g",
    "walkRouteSequenceNumber": 8339,
    "price": {
      "basicPrice": 2.73,
      "recommendedQuantity": "1.0",
      "measurementUnitPrice": 5.46,
      "measurementUnit": "K",
      "isRedPrice": false,
      "pricePerUOM": 5.46,
      "activationDate": "23-02-2024",
      "recordSource": "Offline",
      "isPromoActive": "N",
      "priceChangeCode": "L"
    },
    "isAvailable": true,
    "isPriceAvailable": true,
    "inPromo": false,
    "gtin": [
      "15400141386742",
      "15400141114529",
      "05400141386745",
      "05400141114522",
      "05400141113730",
      "05400141099676",
      "05400141056853",
      "15400141506300",
      "05400141506303"
    ],
    "topCategoryName": "Kruidenierswaren/Droge voeding",
    "topCategoryId": "233",
    "businessDomain": "RETAIL_BE",
    "IsPrivateLabel": true,
    "IsBiffe": false,
    "WeightconversionFactor": "0",
    "IsWeightArticle": false,
    "nutriscoreLabel": "A",
    "IsBio": true,
    "CountryOfOrigin": "BELGIË",
    "IsExclusivelySoldInLuxembourg": false,
    "OrderUnit": "P",
    "ShortName": "BS BIO SPAGH. SAUS 500G",
    "IsNew": false,
    "EcoscoreLabel": "A",
    "RecentQuanityOfStockUnits": "12,1",
    "LongName": "BONI BIO pastasaus 500g",
    "AlcoholVolume": "0",
    "FicCode": "I",
    "EcoscoreValue": "100"
  },
  {
    "productId": "166",
    "technicalArticleNumber": "15405",
    "commercialArticleNumber": "15405",
    "name": "ger.brood volkoren",
    "description": "*Zweedse broodjes,\nvolkoren",
    "brand": "KRISPROLLS",
    "seoBrand": "Krisprolls",
    "thumbNail": "https://static.colruytgroup.com/images/200x200/std.lang.all/83/77/asset-2718377.jpg",
    "fullImage": "https://static.colruytgroup.com/images/500x500/std.lang.all/83/77/asset-2718377.jpg",
    "squareImage": "https://static.colruytgroup.com/images/500x500sq/std.lang.all/83/77/asset-2718377.jpg",
    "content": "400g",
    "walkRouteSequenceNumber": 17060,
    "price": {
      "basicPrice": 4.29,
      "recommendedQuantity": "1.0",
      "measurementUnitPrice": 10.73,
      "measurementUnit": "K",
      "isRedPrice": false,
      "pricePerUOM": 10.73,
      "activationDate": "23-03-2024",
      "recordSource": "Offline",
      "isPromoActive": "N",
      "priceChangeCode": "E"
    },
    "isAvailable": true,
    "isPriceAvailable": true,
    "inPromo": false,
    "gtin": [
      "07311070330908",
      "17311070330905"
    ],
    "topCategoryName": "Brood/Ontbijt",
    "topCategoryId": "124",
    "businessDomain": "RETAIL_BE",
    "IsPrivateLabel": false,
    "IsBiffe": false,
    "WeightconversionFactor": "0",
    "IsWeightArticle": false,
    "nutriscoreLabel": "C",
    "IsBio": false,
    "CountryOfOrigin": "ZWEDEN",
    "IsExclusivelySoldInLuxembourg": false,
    "OrderUnit": "P",
    "ShortName": "KRISPROLLS VOLKOREN 400",
    "IsNew": false,
    "EcoscoreLabel": "B",
    "RecentQuanityOfStockUnits": "1",
    "LongName": "KRISPROLLS ger.brood volkoren 400g",
    "AlcoholVolume": "0",
    "FicCode": "E",
    "EcoscoreValue": "62"
  },
  {
    "productId": "614",
    "technicalArticleNumber": "5954",
    "commercialArticleNumber": "5954",
    "name": "zoetstof in poeder",
    "description": "*OBV sucralose\n*1 maat = 1 koffie-\nlepel suiker\n*Geschikt voor fruit\ndessert, yoghurt",
    "brand": "CANDEREL",
    "seoBrand": "Canderel",
    "thumbNail": "https://static.colruytgroup.com/images/200x200/std.lang.all/14/04/asset-1441404.jpg",
    "fullImage": "https://static.colruytgroup.com/images/500x500/std.lang.all/14/04/asset-1441404.jpg",
    "squareImage": "https://static.colruytgroup.com/images/500x500sq/std.lang.all/14/04/asset-1441404.jpg",
    "content": "75g",
    "walkRouteSequenceNumber": 9186,
    "price": {
      "basicPrice": 3.23,
      "recommendedQuantity": "1.0",
      "measurementUnitPrice": 43.07,
      "measurementUnit": "K",
      "isRedPrice": false,
      "pricePerUOM": 43.07,
      "activationDate": "20-02-2024",
      "recordSource": "Offline",
      "isPromoActive": "N",
      "priceChangeCode": "E"
    },
    "isAvailable": true,
    "isPriceAvailable": true,
    "inPromo": true,
    "promotion": [
      {
        "techPromoId": "100867COLR",
        "promotionId": "100867",
        "promotionType": "3",
        "isPersonalized": "N",
        "publicationStartDate": "13-03-2024",
        "publicationEndDate": "26-03-2024"
      }
    ],
    "gtin": [
      "07640110700150",
      "17640110703530"
    ],
    "topCategoryName": "Kruidenierswaren/Droge voeding",
    "topCategoryId": "233",
    "businessDomain": "RETAIL_BE",
    "IsPrivateLabel": false,
    "IsBiffe": false,
    "WeightconversionFactor": "0",
    "IsWeightArticle": false,
    "nutriscoreLabel": "C",
    "IsBio": false,
    "CountryOfOrigin": "TSJECHIË (REPUBLIEK)",
    "IsExclusivelySoldInLuxembourg": false,
    "OrderUnit": "P",
    "ShortName": "CANDEREL STROOIKOR. 75G",
    "InSeason": true,
    "IsNew": false,
    "RecentQuanityOfStockUnits": "6,1",
    "LongName": "CANDEREL zoetstof in poeder 75g",
    "AlcoholVolume": "0",
    "StartSeasonDate": "17/04/2015",
    "FicCode": "E"
  },
  {
    "productId": "755818",
    "technicalArticleNumber": "4530669",
    "commercialArticleNumber": "8169",
    "name": "Halfgedroogde tomaat olie",
    "brand": "BONI",
    "seoBrand": "Boni Selection",
    "thumbNail": "https://static.colruytgroup.com/images/200x200/std.lang.all/75/38/asset-2727538.jpg",
    "fullImage": "https://static.colruytgroup.com/images/500x500/std.lang.all/75/38/asset-2727538.jpg",
    "squareImage": "https://static.colruytgroup.com/images/500x500sq/std.lang.all/75/38/asset-2727538.jpg",
    "content": "470g",
    "walkRouteSequenceNumber": 7668,
    "price": {
      "basicPrice": 6.99,
      "recommendedQuantity": "1.0",
      "quantityPrice": 6.43,
      "quantityPriceQuantity": "3.0",
      "measurementUnitPrice": 14.88,
      "measurementUnitQuantityPrice": 13.69,
      "measurementUnit": "K",
      "isRedPrice": false,
      "pricePerUOM": 14.88,
      "activationDate": "02-11-2022",
      "isPromoActive": "N",
      "priceChangeCode": "E",
      "quantityPricePerUOM": 13.69,
      "quantityActivationDate": "02-11-2022",
      "quantityPriceChangeCode": "H"
    },
    "isAvailable": true,
    "isPriceAvailable": true,
    "inPromo": false,
    "gtin": [
      "15400141474760",
      "05400141474763"
    ],
    "topCategoryName": "Chips/Borrelhapjes",
    "topCategoryId": "306",
    "businessDomain": "RETAIL_BE",
    "IsPrivateLabel": true,
    "IsBiffe": false,
    "WeightconversionFactor": "0",
    "IsWeightArticle": false,
    "nutriscoreLabel": "C",
    "IsBio": false,
    "CountryOfOrigin": "FRANKRIJK",
    "IsExclusivelySoldInLuxembourg": false,
    "OrderUnit": "P",
    "ShortName": "BONI HALFGEDR. TOMA470G",
    "IsNew": false,
    "EcoscoreLabel": "E",
    "RecentQuanityOfStockUnits": "1,6",
    "LongName": "BONI Halfgedroogde tomaat olie 470g",
    "FicCode": "I",
    "EcoscoreValue": "0"
  },
  {
    "productId": "32047",
    "technicalArticleNumber": "1680814",
    "commercialArticleNumber": "12162",
    "name": "wortel pompoen balletjes brik",
    "description": "*Wortel-pompoensoep\nmet balletjes",
    "brand": "LIEBIG",
    "seoBrand": "Liebig",
    "thumbNail": "https://static.colruytgroup.com/images/200x200/nl_be/72/23/asset-1587223.jpg",
    "fullImage": "https://static.colruytgroup.com/images/500x500/nl_be/72/23/asset-1587223.jpg",
    "squareImage": "https://static.colruytgroup.com/images/500x500sq/nl_be/72/23/asset-1587223.jpg",
    "content": "1L",
    "walkRouteSequenceNumber": 16879,
    "price": {
      "basicPrice": 3.19,
      "recommendedQuantity": "1.0",
      "measurementUnitPrice": 3.19,
      "measurementUnit": "L",
      "isRedPrice": false,
      "pricePerUOM": 3.19,
      "activationDate": "12-03-2024",
      "recordSource": "Offline",
      "isPromoActive": "N",
      "priceChangeCode": "H"
    },
    "isAvailable": true,
    "isPriceAvailable": true,
    "inPromo": false,
    "gtin": [
      "05410056193383",
      "05414972705804",
      "05414972205809",
      "05414972726618"
    ],
    "topCategoryName": "Kruidenierswaren/Droge voeding",
    "topCategoryId": "233",
    "businessDomain": "RETAIL_BE",
    "IsPrivateLabel": false,
    "IsBiffe": false,
    "WeightconversionFactor": "0",
    "IsWeightArticle": false,
    "nutriscoreLabel": "B",
    "IsBio": false,
    "CountryOfOrigin": "FRANKRIJK",
    "IsExclusivelySoldInLuxembourg": false,
    "OrderUnit": "P",
    "ShortName": "LIEBIG WORTEL POM.BA.1L",
    "IsNew": false,
    "EcoscoreLabel": "D",
    "RecentQuanityOfStockUnits": "2,1,8",
    "LongName": "LIEBIG wortel pompoen balletjes brik 1L",
    "AlcoholVolume": "0",
    "FicCode": "E",
    "EcoscoreValue": "32"
  },
  {
    "productId": "514498",
    "technicalArticleNumber": "4095067",
    "commercialArticleNumber": "8267",
    "name": "finesse kip 25% mind.zout",
    "description": "*Bouillonblokjes\n*Kippensmaak\n*Vleesbouillon\n*Laag in zout\n*Aromatisch kruid",
    "brand": "KNORR",
    "seoBrand": "Knorr",
    "thumbNail": "https://static.colruytgroup.com/images/200x200/std.lang.all/61/05/asset-3176105.jpg",
    "fullImage": "https://static.colruytgroup.com/images/500x500/std.lang.all/61/05/asset-3176105.jpg",
    "squareImage": "https://static.colruytgroup.com/images/500x500sq/std.lang.all/61/05/asset-3176105.jpg",
    "content": "12st",
    "walkRouteSequenceNumber": 6542,
    "price": {
      "basicPrice": 2.68,
      "recommendedQuantity": "2.0",
      "measurementUnitPrice": 24.59,
      "measurementUnit": "K",
      "isRedPrice": false,
      "pricePerUOM": 24.59,
      "activationDate": "15-03-2024",
      "recordSource": "Offline",
      "isPromoActive": "N",
      "priceChangeCode": "H"
    },
    "isAvailable": true,
    "isPriceAvailable": true,
    "inPromo": false,
    "gtin": [
      "08714100838143",
      "08714100838198",
      "65400141277489"
    ],
    "topCategoryName": "Kruidenierswaren/Droge voeding",
    "topCategoryId": "233",
    "businessDomain": "RETAIL_BE",
    "IsPrivateLabel": false,
    "IsBiffe": false,
    "WeightconversionFactor": "0",
    "IsWeightArticle": false,
    "nutriscoreLabel": "C",
    "IsBio": false,
    "CountryOfOrigin": "HONGARIJE",
    "IsExclusivelySoldInLuxembourg": false,
    "OrderUnit": "P",
    "ShortName": "KNOR FIN.KIP25%M.ZOU12T",
    "IsNew": false,
    "EcoscoreLabel": "B",
    "RecentQuanityOfStockUnits": "2,1,24",
    "LongName": "KNORR finesse kip 25% mind.zout 12st",
    "FicCode": "E",
    "EcoscoreValue": "79"
  },
  {
    "productId": "174849",
    "technicalArticleNumber": "3339685",
    "commercialArticleNumber": "33514",
    "name": "olijfolie extra vierge",
    "description": "* Koude bereidingen\n* Italië",
    "brand": "FILIPPO BERIO",
    "seoBrand": "Filippo Berio",
    "thumbNail": "https://static.colruytgroup.com/images/200x200/std.lang.all/49/25/asset-2454925.jpg",
    "fullImage": "https://static.colruytgroup.com/images/500x500/std.lang.all/49/25/asset-2454925.jpg",
    "squareImage": "https://static.colruytgroup.com/images/500x500sq/std.lang.all/49/25/asset-2454925.jpg",
    "content": "1L",
    "walkRouteSequenceNumber": 8948,
    "price": {
      "basicPrice": 14.65,
      "recommendedQuantity": "1.0",
      "measurementUnitPrice": 14.65,
      "measurementUnit": "L",
      "isRedPrice": false,
      "pricePerUOM": 14.65,
      "activationDate": "20-03-2024",
      "recordSource": "Offline",
      "isPromoActive": "N",
      "priceChangeCode": "H"
    },
    "isAvailable": true,
    "isPriceAvailable": true,
    "inPromo": false,
    "gtin": [
      "08002210123458",
      "08002210130517"
    ],
    "topCategoryName": "Kruidenierswaren/Droge voeding",
    "topCategoryId": "233",
    "businessDomain": "RETAIL_BE",
    "IsPrivateLabel": false,
    "IsBiffe": false,
    "WeightconversionFactor": "0",
    "IsWeightArticle": false,
    "nutriscoreLabel": "B",
    "IsBio": false,
    "CountryOfOrigin": "ITALIË",
    "IsExclusivelySoldInLuxembourg": false,
    "OrderUnit": "P",
    "ShortName": "F BERIO OLIE EXT ZUI 1L",
    "IsNew": false,
    "EcoscoreLabel": "C",
    "RecentQuanityOfStockUnits": "1",
    "LongName": "FILIPPO BERIO olijfolie extra vierge 1L",
    "AlcoholVolume": "0",
    "FicCode": "E",
    "EcoscoreValue": "51"
  },
  {
    "productId": "18693",
    "technicalArticleNumber": "1717179",
    "commercialArticleNumber": "12147",
    "name": "soep tom.groenten balletjes",
    "description": "*Soep in blik\n*Snelle maaltijd\n*Snelle maaltijd\n*Groentensoep\n*Warm gerecht",
    "brand": "KNORR",
    "seoBrand": "Knorr",
    "thumbNail": "https://static.colruytgroup.com/images/200x200/nl_be/54/17/asset-2795417.jpg",
    "fullImage": "https://static.colruytgroup.com/images/500x500/nl_be/54/17/asset-2795417.jpg",
    "squareImage": "https://static.colruytgroup.com/images/500x500sq/nl_be/54/17/asset-2795417.jpg",
    "content": "515ml",
    "walkRouteSequenceNumber": 16892,
    "price": {
      "basicPrice": 2.59,
      "recommendedQuantity": "3.0",
      "measurementUnitPrice": 5.03,
      "measurementUnit": "L",
      "isRedPrice": false,
      "pricePerUOM": 5.03,
      "activationDate": "13-03-2024",
      "recordSource": "Offline",
      "isPromoActive": "N",
      "priceChangeCode": "H"
    },
    "isAvailable": true,
    "isPriceAvailable": true,
    "inPromo": false,
    "gtin": [
      "05400141121476",
      "05400141122473",
      "08722700700289",
      "08722700083511",
      "08710522617038",
      "08710522617045"
    ],
    "topCategoryName": "Kruidenierswaren/Droge voeding",
    "topCategoryId": "233",
    "businessDomain": "RETAIL_BE",
    "IsPrivateLabel": false,
    "IsBiffe": false,
    "WeightconversionFactor": "0",
    "IsWeightArticle": false,
    "nutriscoreLabel": "C",
    "IsBio": false,
    "CountryOfOrigin": "NEDERLAND",
    "IsExclusivelySoldInLuxembourg": false,
    "OrderUnit": "P",
    "ShortName": "KNORR TOM GROE BAL515ML",
    "InSeason": true,
    "IsNew": false,
    "EcoscoreLabel": "D",
    "RecentQuanityOfStockUnits": "1,1,12",
    "LongName": "KNORR soep tom.groenten balletjes 515ml",
    "AlcoholVolume": "0",
    "StartSeasonDate": "26/12/2023",
    "FicCode": "E",
    "EcoscoreValue": "32"
  },
  {
    "productId": "525669",
    "technicalArticleNumber": "4113175",
    "commercialArticleNumber": "8850",
    "name": "saladmix bieslook-ui",
    "description": "*Vinaigrette\n*Kruiden\n*Dressing\n*Sla en groenten\n*Vegan friendly",
    "brand": "KNORR",
    "seoBrand": "Knorr",
    "thumbNail": "https://static.colruytgroup.com/images/200x200/std.lang.all/44/88/asset-2804488.jpg",
    "fullImage": "https://static.colruytgroup.com/images/500x500/std.lang.all/44/88/asset-2804488.jpg",
    "squareImage": "https://static.colruytgroup.com/images/500x500sq/std.lang.all/44/88/asset-2804488.jpg",
    "content": "3x8g",
    "walkRouteSequenceNumber": 8055,
    "price": {
      "basicPrice": 1.49,
      "recommendedQuantity": "1.0",
      "measurementUnitPrice": 62.09,
      "measurementUnit": "K",
      "isRedPrice": false,
      "pricePerUOM": 62.09,
      "activationDate": "19-03-2024",
      "recordSource": "Offline",
      "isPromoActive": "N",
      "priceChangeCode": "E"
    },
    "isAvailable": true,
    "isPriceAvailable": true,
    "inPromo": false,
    "gtin": [
      "08720182813565",
      "08720182813558",
      "08714100823118",
      "08714100823026"
    ],
    "topCategoryName": "Kruidenierswaren/Droge voeding",
    "topCategoryId": "233",
    "businessDomain": "RETAIL_BE",
    "IsPrivateLabel": false,
    "IsBiffe": false,
    "WeightconversionFactor": "0",
    "IsWeightArticle": false,
    "nutriscoreLabel": "E",
    "IsBio": false,
    "CountryOfOrigin": "DUITSLAND",
    "IsExclusivelySoldInLuxembourg": false,
    "OrderUnit": "P",
    "ShortName": "KNOR SALADM.BIESL.UI3X8",
    "IsNew": false,
    "EcoscoreLabel": "E",
    "RecentQuanityOfStockUnits": "1,1,12",
    "LongName": "KNORR saladmix bieslook-ui 3x8g",
    "FicCode": "E",
    "EcoscoreValue": "2"
  },
  {
    "productId": "12923",
    "technicalArticleNumber": "1236797",
    "commercialArticleNumber": "14556",
    "name": "spirelli",
    "description": "*kooktijd:14 minuten",
    "brand": "BONI BIO",
    "seoBrand": "Boni Selection Bio",
    "thumbNail": "https://static.colruytgroup.com/images/200x200/std.lang.all/16/05/asset-3331605.jpg",
    "fullImage": "https://static.colruytgroup.com/images/500x500/std.lang.all/16/05/asset-3331605.jpg",
    "squareImage": "https://static.colruytgroup.com/images/500x500sq/std.lang.all/16/05/asset-3331605.jpg",
    "content": "500g",
    "walkRouteSequenceNumber": 8103,
    "price": {
      "basicPrice": 1.09,
      "recommendedQuantity": "2.0",
      "quantityPrice": 0.817,
      "quantityPriceQuantity": "4.0",
      "measurementUnitPrice": 2.18,
      "measurementUnitQuantityPrice": 1.64,
      "measurementUnit": "K",
      "isRedPrice": false,
      "pricePerUOM": 2.18,
      "activationDate": "20-03-2024",
      "recordSource": "Offline",
      "isPromoActive": "N",
      "priceChangeCode": "E",
      "quantityPricePerUOM": 1.64,
      "quantityActivationDate": "20-03-2024",
      "quantityPriceChangeCode": "H"
    },
    "isAvailable": true,
    "isPriceAvailable": true,
    "inPromo": false,
    "gtin": [
      "05400141401431",
      "15400141401438",
      "15400141760979",
      "05400141760972",
      "05400141255294",
      "05400141239942",
      "05400141069976",
      "05400141145960",
      "05400141165326",
      "15400141239949"
    ],
    "topCategoryName": "Kruidenierswaren/Droge voeding",
    "topCategoryId": "233",
    "businessDomain": "RETAIL_BE",
    "IsPrivateLabel": true,
    "IsBiffe": false,
    "WeightconversionFactor": "0",
    "IsWeightArticle": false,
    "nutriscoreLabel": "B",
    "IsBio": true,
    "CountryOfOrigin": "BELGIË",
    "IsExclusivelySoldInLuxembourg": false,
    "OrderUnit": "P",
    "ShortName": "BONI BIO SPIRELLI 500G",
    "IsNew": false,
    "EcoscoreLabel": "A",
    "RecentQuanityOfStockUnits": "2,1,1",
    "LongName": "BONI BIO spirelli 500g",
    "AlcoholVolume": "0",
    "FicCode": "I",
    "EcoscoreValue": "100"
  },
  {
    "productId": "269993",
    "technicalArticleNumber": "3632583",
    "commercialArticleNumber": "19777",
    "name": "mayonaiseTD",
    "brand": "HEINZ",
    "seoBrand": "Heinz",
    "thumbNail": "https://static.colruytgroup.com/images/200x200/std.lang.all/96/49/asset-3429649.jpg",
    "fullImage": "https://static.colruytgroup.com/images/500x500/std.lang.all/96/49/asset-3429649.jpg",
    "squareImage": "https://static.colruytgroup.com/images/500x500sq/std.lang.all/96/49/asset-3429649.jpg",
    "content": "400ml",
    "walkRouteSequenceNumber": 8110,
    "price": {
      "basicPrice": 2.99,
      "recommendedQuantity": "1.0",
      "measurementUnitPrice": 7.48,
      "measurementUnit": "L",
      "isRedPrice": false,
      "pricePerUOM": 7.48,
      "activationDate": "28-02-2024",
      "recordSource": "Offline",
      "isPromoActive": "N",
      "priceChangeCode": "E"
    },
    "isAvailable": true,
    "isPriceAvailable": true,
    "inPromo": false,
    "gtin": [
      "08715700115351",
      "08715700425955"
    ],
    "topCategoryName": "Kruidenierswaren/Droge voeding",
    "topCategoryId": "233",
    "businessDomain": "RETAIL_BE",
    "IsPrivateLabel": false,
    "IsBiffe": false,
    "WeightconversionFactor": "0",
    "IsWeightArticle": false,
    "nutriscoreLabel": "D",
    "IsBio": false,
    "CountryOfOrigin": "EUROPA",
    "IsExclusivelySoldInLuxembourg": false,
    "OrderUnit": "P",
    "ShortName": "HEIN GOD MAYON TD 400ML",
    "IsNew": false,
    "EcoscoreLabel": "D",
    "RecentQuanityOfStockUnits": "1,10",
    "LongName": "HEINZ mayonaiseTD 400ml",
    "AlcoholVolume": "0",
    "FicCode": "E",
    "EcoscoreValue": "34"
  },
  {
    "productId": "197988",
    "technicalArticleNumber": "3420543",
    "commercialArticleNumber": "10219",
    "name": "saus cocktail TD",
    "brand": "DEVOS LEMMENS",
    "seoBrand": "Devos Lemmens",
    "thumbNail": "https://static.colruytgroup.com/images/200x200/std.lang.all/00/09/asset-1220009.jpg",
    "fullImage": "https://static.colruytgroup.com/images/500x500/std.lang.all/00/09/asset-1220009.jpg",
    "squareImage": "https://static.colruytgroup.com/images/500x500sq/std.lang.all/00/09/asset-1220009.jpg",
    "content": "300ml",
    "walkRouteSequenceNumber": 8132,
    "price": {
      "basicPrice": 2.99,
      "recommendedQuantity": "1.0",
      "measurementUnitPrice": 9.97,
      "measurementUnit": "L",
      "isRedPrice": false,
      "pricePerUOM": 9.97,
      "activationDate": "22-09-2023",
      "recordSource": "Offline",
      "isPromoActive": "N",
      "priceChangeCode": "L"
    },
    "isAvailable": true,
    "isPriceAvailable": true,
    "inPromo": false,
    "gtin": [
      "05414972716565",
      "05414972116563"
    ],
    "topCategoryName": "Kruidenierswaren/Droge voeding",
    "topCategoryId": "233",
    "businessDomain": "RETAIL_BE",
    "IsPrivateLabel": false,
    "IsBiffe": false,
    "WeightconversionFactor": "0",
    "IsWeightArticle": false,
    "nutriscoreLabel": "D",
    "IsBio": false,
    "CountryOfOrigin": "BELGIË",
    "IsExclusivelySoldInLuxembourg": false,
    "OrderUnit": "P",
    "ShortName": "DVL SQ COCKTAIL 300ML",
    "IsNew": false,
    "EcoscoreLabel": "D",
    "RecentQuanityOfStockUnits": "1",
    "LongName": "DEVOS LEMMENS saus cocktail TD 300ml",
    "AlcoholVolume": "0",
    "FicCode": "E",
    "EcoscoreValue": "34"
  },
  {
    "productId": "47234",
    "technicalArticleNumber": "2485201",
    "commercialArticleNumber": "21800",
    "name": "pastasaus basilicum tomaat",
    "brand": "BERTOLLI",
    "seoBrand": "Bertolli",
    "thumbNail": "https://static.colruytgroup.com/images/200x200/std.lang.all/93/15/asset-2809315.jpg",
    "fullImage": "https://static.colruytgroup.com/images/500x500/std.lang.all/93/15/asset-2809315.jpg",
    "squareImage": "https://static.colruytgroup.com/images/500x500sq/std.lang.all/93/15/asset-2809315.jpg",
    "content": "400g",
    "walkRouteSequenceNumber": 8346,
    "price": {
      "basicPrice": 3.69,
      "recommendedQuantity": "2.0",
      "measurementUnitPrice": 9.23,
      "measurementUnit": "K",
      "isRedPrice": false,
      "pricePerUOM": 9.23,
      "activationDate": "14-03-2024",
      "recordSource": "Offline",
      "isPromoActive": "N",
      "priceChangeCode": "E"
    },
    "isAvailable": true,
    "isPriceAvailable": true,
    "inPromo": false,
    "gtin": [
      "08712247232299",
      "08712247232305",
      "08712566105847",
      "08712566523511",
      "05400141218008"
    ],
    "topCategoryName": "Kruidenierswaren/Droge voeding",
    "topCategoryId": "233",
    "businessDomain": "RETAIL_BE",
    "IsPrivateLabel": false,
    "IsBiffe": false,
    "WeightconversionFactor": "0",
    "IsWeightArticle": false,
    "nutriscoreLabel": "A",
    "IsBio": false,
    "CountryOfOrigin": "NEDERLAND",
    "IsExclusivelySoldInLuxembourg": false,
    "OrderUnit": "P",
    "ShortName": "BERTOLLI TOM BASIL 400G",
    "InSeason": true,
    "IsNew": false,
    "EcoscoreLabel": "A",
    "RecentQuanityOfStockUnits": "1,6",
    "LongName": "BERTOLLI pastasaus basilicum tomaat 400g",
    "AlcoholVolume": "0",
    "StartSeasonDate": "10/01/2013",
    "FicCode": "E",
    "EcoscoreValue": "91"
  },
  {
    "productId": "17",
    "technicalArticleNumber": "14863",
    "commercialArticleNumber": "14863",
    "name": "bloem wit brood",
    "description": "*Tarwebloem,\ntarwemoutbloem\n*Geschikt voor wit\nbrood\n*Voor broodmachine",
    "brand": "BONI",
    "seoBrand": "Boni Selection",
    "thumbNail": "https://static.colruytgroup.com/images/200x200/std.lang.all/98/07/asset-1599807.jpg",
    "fullImage": "https://static.colruytgroup.com/images/500x500/std.lang.all/98/07/asset-1599807.jpg",
    "squareImage": "https://static.colruytgroup.com/images/500x500sq/std.lang.all/98/07/asset-1599807.jpg",
    "content": "5kg",
    "walkRouteSequenceNumber": 9724,
    "price": {
      "basicPrice": 6.49,
      "recommendedQuantity": "1.0",
      "measurementUnitPrice": 1.3,
      "measurementUnit": "K",
      "isRedPrice": false,
      "pricePerUOM": 1.3,
      "activationDate": "26-01-2024",
      "isPromoActive": "N",
      "priceChangeCode": "L"
    },
    "isAvailable": true,
    "isPriceAvailable": true,
    "inPromo": false,
    "gtin": [
      "05400141148633",
      "05400141183955",
      "05400141377750",
      "05400141348637",
      "05400141331721"
    ],
    "topCategoryName": "Kruidenierswaren/Droge voeding",
    "topCategoryId": "233",
    "businessDomain": "RETAIL_BE",
    "IsPrivateLabel": true,
    "IsBiffe": false,
    "WeightconversionFactor": "0",
    "IsWeightArticle": false,
    "nutriscoreLabel": "A",
    "IsBio": false,
    "CountryOfOrigin": "BELGIË",
    "IsExclusivelySoldInLuxembourg": false,
    "OrderUnit": "P",
    "ShortName": "BONI BLOEM WIT BR 5K",
    "IsNew": false,
    "EcoscoreLabel": "A",
    "RecentQuanityOfStockUnits": "1",
    "LongName": "BONI bloem wit brood 5kg",
    "AlcoholVolume": "0",
    "FicCode": "I",
    "EcoscoreValue": "91"
  },
  {
    "productId": "70347",
    "technicalArticleNumber": "2754967",
    "commercialArticleNumber": "42622",
    "name": "mayonaise citroen TD",
    "description": "*Met scharreleieren",
    "brand": "DEVOS LEMMENS",
    "seoBrand": "Devos Lemmens",
    "thumbNail": "https://static.colruytgroup.com/images/200x200/std.lang.all/86/43/asset-1228643.jpg",
    "fullImage": "https://static.colruytgroup.com/images/500x500/std.lang.all/86/43/asset-1228643.jpg",
    "squareImage": "https://static.colruytgroup.com/images/500x500sq/std.lang.all/86/43/asset-1228643.jpg",
    "content": "750ml",
    "walkRouteSequenceNumber": 8078,
    "price": {
      "basicPrice": 4.48,
      "recommendedQuantity": "1.0",
      "measurementUnitPrice": 5.98,
      "measurementUnit": "L",
      "isRedPrice": false,
      "pricePerUOM": 5.98,
      "activationDate": "29-02-2024",
      "recordSource": "Offline",
      "isPromoActive": "N",
      "priceChangeCode": "L"
    },
    "isAvailable": true,
    "isPriceAvailable": true,
    "inPromo": false,
    "gtin": [
      "05414972104287",
      "05414972704289"
    ],
    "topCategoryName": "Kruidenierswaren/Droge voeding",
    "topCategoryId": "233",
    "businessDomain": "RETAIL_BE",
    "IsPrivateLabel": false,
    "IsBiffe": false,
    "WeightconversionFactor": "0",
    "IsWeightArticle": false,
    "nutriscoreLabel": "D",
    "IsBio": false,
    "CountryOfOrigin": "BELGIË",
    "IsExclusivelySoldInLuxembourg": false,
    "OrderUnit": "P",
    "ShortName": "DVL MAYON CITR TD 750ML",
    "IsNew": false,
    "EcoscoreLabel": "D",
    "RecentQuanityOfStockUnits": "1",
    "LongName": "DEVOS LEMMENS mayonaise citroen TD 750ml",
    "AlcoholVolume": "0",
    "FicCode": "E",
    "EcoscoreValue": "34"
  },
  {
    "productId": "863490",
    "technicalArticleNumber": "4714894",
    "commercialArticleNumber": "31916",
    "name": "demae ramen kip",
    "brand": "NISSIN",
    "seoBrand": "Nissin",
    "thumbNail": "https://static.colruytgroup.com/images/200x200/std.lang.all/02/17/asset-3180217.jpg",
    "fullImage": "https://static.colruytgroup.com/images/500x500/std.lang.all/02/17/asset-3180217.jpg",
    "squareImage": "https://static.colruytgroup.com/images/500x500sq/std.lang.all/02/17/asset-3180217.jpg",
    "content": "100g",
    "walkRouteSequenceNumber": 16984,
    "price": {
      "basicPrice": 1.49,
      "recommendedQuantity": "1.0",
      "measurementUnitPrice": 14.9,
      "measurementUnit": "K",
      "isRedPrice": false,
      "pricePerUOM": 14.9,
      "activationDate": "22-03-2024",
      "recordSource": "Offline",
      "isPromoActive": "N",
      "priceChangeCode": "H"
    },
    "isAvailable": true,
    "isPriceAvailable": true,
    "inPromo": false,
    "gtin": [
      "08712429350124",
      "08712429350100"
    ],
    "topCategoryName": "Kruidenierswaren/Droge voeding",
    "topCategoryId": "233",
    "businessDomain": "RETAIL_BE",
    "IsPrivateLabel": false,
    "IsBiffe": false,
    "WeightconversionFactor": "0",
    "IsWeightArticle": false,
    "IsBio": false,
    "CountryOfOrigin": "HONGARIJE",
    "IsExclusivelySoldInLuxembourg": false,
    "OrderUnit": "P",
    "ShortName": "NISS DEMAE RAMEN KIP100",
    "IsNew": false,
    "EcoscoreLabel": "B",
    "RecentQuanityOfStockUnits": "1,10",
    "LongName": "NISSIN demae ramen kip 100g",
    "FicCode": "E",
    "EcoscoreValue": "62"
  },
  {
    "productId": "187099",
    "technicalArticleNumber": "3452482",
    "commercialArticleNumber": "31782",
    "name": "Chunky dip&mix",
    "description": "*Nederland\n*Mengeling van\ntomaten, cashewnoten\nbasilicum",
    "brand": "BONI",
    "seoBrand": "Boni Selection",
    "thumbNail": "https://static.colruytgroup.com/images/200x200/std.lang.all/30/37/asset-2353037.jpg",
    "fullImage": "https://static.colruytgroup.com/images/500x500/std.lang.all/30/37/asset-2353037.jpg",
    "squareImage": "https://static.colruytgroup.com/images/500x500sq/std.lang.all/30/37/asset-2353037.jpg",
    "walkRouteSequenceNumber": 7768,
    "price": {
      "basicPrice": 2.99,
      "recommendedQuantity": "1.0",
      "quantityPrice": 2.87,
      "quantityPriceQuantity": "3.0",
      "measurementUnitPrice": 19.94,
      "measurementUnitQuantityPrice": 19.14,
      "measurementUnit": "K",
      "isRedPrice": false,
      "pricePerUOM": 19.94,
      "activationDate": "17-11-2023",
      "isPromoActive": "N",
      "priceChangeCode": "E",
      "quantityPricePerUOM": 19.14,
      "quantityActivationDate": "17-11-2023",
      "quantityPriceChangeCode": "E"
    },
    "isAvailable": true,
    "isPriceAvailable": true,
    "inPromo": false,
    "gtin": [
      "15400141826163",
      "05400141442533",
      "15400141442530",
      "05400141209792",
      "05400141376753",
      "05400141351736"
    ],
    "topCategoryName": "Chips/Borrelhapjes",
    "topCategoryId": "306",
    "businessDomain": "RETAIL_BE",
    "IsPrivateLabel": true,
    "IsBiffe": false,
    "WeightconversionFactor": "0",
    "IsWeightArticle": false,
    "nutriscoreLabel": "D",
    "IsBio": false,
    "CountryOfOrigin": "BELGIË",
    "IsExclusivelySoldInLuxembourg": false,
    "OrderUnit": "P",
    "ShortName": "BONI CHUNCKY DIP EN MIX",
    "IsNew": false,
    "EcoscoreLabel": "B",
    "RecentQuanityOfStockUnits": "1",
    "LongName": "BONI Chunky dip&mix",
    "AlcoholVolume": "0",
    "FicCode": "I",
    "EcoscoreValue": "74"
  },
  {
    "productId": "98071",
    "technicalArticleNumber": "2850182",
    "commercialArticleNumber": "33891",
    "name": "natriumbicarbonaat",
    "brand": "CEREBOS",
    "seoBrand": "Cerebos",
    "thumbNail": "https://static.colruytgroup.com/images/200x200/std.lang.all/33/85/asset-1793385.jpg",
    "fullImage": "https://static.colruytgroup.com/images/500x500/std.lang.all/33/85/asset-1793385.jpg",
    "squareImage": "https://static.colruytgroup.com/images/500x500sq/std.lang.all/33/85/asset-1793385.jpg",
    "content": "400g",
    "walkRouteSequenceNumber": 9453,
    "price": {
      "basicPrice": 4.19,
      "recommendedQuantity": "1.0",
      "measurementUnitPrice": 10.48,
      "measurementUnit": "K",
      "isRedPrice": false,
      "pricePerUOM": 10.48,
      "activationDate": "20-03-2024",
      "recordSource": "Offline",
      "isPromoActive": "N",
      "priceChangeCode": "L"
    },
    "isAvailable": true,
    "isPriceAvailable": true,
    "inPromo": false,
    "gtin": [
      "03252378002521",
      "03252378001395",
      "03252378001388",
      "03252371303519"
    ],
    "topCategoryName": "Kruidenierswaren/Droge voeding",
    "topCategoryId": "233",
    "businessDomain": "RETAIL_BE",
    "IsPrivateLabel": false,
    "IsBiffe": false,
    "WeightconversionFactor": "0",
    "IsWeightArticle": false,
    "IsBio": false,
    "CountryOfOrigin": "FRANKRIJK",
    "IsExclusivelySoldInLuxembourg": false,
    "OrderUnit": "P",
    "ShortName": "CEREB NATRIUM BICAR 400",
    "IsNew": false,
    "EcoscoreLabel": "B",
    "RecentQuanityOfStockUnits": "1,1,10",
    "LongName": "CEREBOS natriumbicarbonaat 400g",
    "AlcoholVolume": "0",
    "FicCode": "E",
    "EcoscoreValue": "67"
  },
  {
    "productId": "220026",
    "technicalArticleNumber": "3503337",
    "commercialArticleNumber": "13475",
    "name": "kruiden spaghetti mengeling",
    "brand": "DUCROS",
    "seoBrand": "Ducros",
    "thumbNail": "https://static.colruytgroup.com/images/200x200/std.lang.all/06/08/asset-2860608.jpg",
    "fullImage": "https://static.colruytgroup.com/images/500x500/std.lang.all/06/08/asset-2860608.jpg",
    "squareImage": "https://static.colruytgroup.com/images/500x500sq/std.lang.all/06/08/asset-2860608.jpg",
    "content": "32g",
    "walkRouteSequenceNumber": 6476,
    "price": {
      "basicPrice": 3.68,
      "recommendedQuantity": "1.0",
      "quantityPrice": 1.84,
      "quantityPriceQuantity": "2.0",
      "measurementUnitPrice": 115,
      "measurementUnitQuantityPrice": 57.5,
      "measurementUnit": "K",
      "isRedPrice": false,
      "pricePerUOM": 115,
      "activationDate": "20-03-2024",
      "recordSource": "Offline",
      "isPromoActive": "N",
      "priceChangeCode": "E",
      "quantityPricePerUOM": 57.5,
      "quantityActivationDate": "20-03-2024",
      "quantityPriceChangeCode": "L"
    },
    "isAvailable": true,
    "isPriceAvailable": true,
    "inPromo": false,
    "gtin": [
      "03166296208173",
      "03166290202054"
    ],
    "topCategoryName": "Kruidenierswaren/Droge voeding",
    "topCategoryId": "233",
    "businessDomain": "RETAIL_BE",
    "IsPrivateLabel": false,
    "IsBiffe": false,
    "WeightconversionFactor": "0",
    "IsWeightArticle": false,
    "nutriscoreLabel": "E",
    "IsBio": false,
    "CountryOfOrigin": "FRANKRIJK",
    "IsExclusivelySoldInLuxembourg": false,
    "OrderUnit": "P",
    "ShortName": "DUCR.MENG.SPAGHETTI 32G",
    "IsNew": false,
    "EcoscoreLabel": "E",
    "RecentQuanityOfStockUnits": "1",
    "LongName": "DUCROS kruiden spaghetti mengeling 32g",
    "AlcoholVolume": "0",
    "FicCode": "E",
    "EcoscoreValue": "2"
  },
  {
    "productId": "534327",
    "technicalArticleNumber": "4128909",
    "commercialArticleNumber": "9421",
    "name": "tapenade sweet pepper",
    "brand": "BONI",
    "seoBrand": "Boni Selection",
    "thumbNail": "https://static.colruytgroup.com/images/200x200/std.lang.all/85/19/asset-2508519.jpg",
    "fullImage": "https://static.colruytgroup.com/images/500x500/std.lang.all/85/19/asset-2508519.jpg",
    "squareImage": "https://static.colruytgroup.com/images/500x500sq/std.lang.all/85/19/asset-2508519.jpg",
    "content": "150g",
    "walkRouteSequenceNumber": 6778,
    "price": {
      "basicPrice": 2.79,
      "recommendedQuantity": "1.0",
      "quantityPrice": 2.57,
      "quantityPriceQuantity": "3.0",
      "measurementUnitPrice": 18.6,
      "measurementUnitQuantityPrice": 17.14,
      "measurementUnit": "K",
      "isRedPrice": false,
      "pricePerUOM": 18.6,
      "activationDate": "17-11-2023",
      "isPromoActive": "N",
      "priceChangeCode": "E",
      "quantityPricePerUOM": 17.14,
      "quantityActivationDate": "17-11-2023",
      "quantityPriceChangeCode": "E"
    },
    "isAvailable": true,
    "isPriceAvailable": true,
    "inPromo": false,
    "gtin": [
      "15400141301721",
      "05400141301724",
      "05400141438574"
    ],
    "topCategoryName": "Chips/Borrelhapjes",
    "topCategoryId": "306",
    "businessDomain": "RETAIL_BE",
    "IsPrivateLabel": true,
    "IsBiffe": false,
    "WeightconversionFactor": "0",
    "IsWeightArticle": false,
    "nutriscoreLabel": "D",
    "IsBio": false,
    "CountryOfOrigin": "BELGIË",
    "IsExclusivelySoldInLuxembourg": false,
    "OrderUnit": "P",
    "ShortName": "BONI SW.PEP.TAPENA.150G",
    "IsNew": false,
    "EcoscoreLabel": "B",
    "RecentQuanityOfStockUnits": "1",
    "LongName": "BONI tapenade sweet pepper 150g",
    "FicCode": "I",
    "EcoscoreValue": "62"
  },
  {
    "productId": "92348",
    "technicalArticleNumber": "2848720",
    "commercialArticleNumber": "8565",
    "name": "saus vleesjus zakje",
    "description": "*Droge saus\n*Zachte smaak\n*Makkelijk doseren\n*Warm gerechten\n*Klaar voor gebruik",
    "brand": "KNORR",
    "seoBrand": "Knorr",
    "thumbNail": "https://static.colruytgroup.com/images/200x200/std.lang.all/22/97/asset-2802297.jpg",
    "fullImage": "https://static.colruytgroup.com/images/500x500/std.lang.all/22/97/asset-2802297.jpg",
    "squareImage": "https://static.colruytgroup.com/images/500x500sq/std.lang.all/22/97/asset-2802297.jpg",
    "content": "3x20g",
    "walkRouteSequenceNumber": 8275,
    "price": {
      "basicPrice": 3.65,
      "recommendedQuantity": "2.0",
      "measurementUnitPrice": 60.84,
      "measurementUnit": "K",
      "isRedPrice": false,
      "pricePerUOM": 60.84,
      "activationDate": "02-01-2024",
      "recordSource": "Offline",
      "isPromoActive": "N",
      "priceChangeCode": "E"
    },
    "isAvailable": true,
    "isPriceAvailable": true,
    "inPromo": false,
    "gtin": [
      "08711200761609",
      "05400141036893",
      "08712566471997"
    ],
    "topCategoryName": "Kruidenierswaren/Droge voeding",
    "topCategoryId": "233",
    "businessDomain": "RETAIL_BE",
    "IsPrivateLabel": false,
    "IsBiffe": false,
    "WeightconversionFactor": "0",
    "IsWeightArticle": false,
    "nutriscoreLabel": "C",
    "IsBio": false,
    "CountryOfOrigin": "FRANKRIJK",
    "IsExclusivelySoldInLuxembourg": false,
    "OrderUnit": "P",
    "ShortName": "KNORR VLEESJUS 3X20GR",
    "IsNew": false,
    "RecentQuanityOfStockUnits": "2,1",
    "LongName": "KNORR saus vleesjus zakje 3x20g",
    "AlcoholVolume": "0",
    "FicCode": "E"
  },
  {
    "productId": "14765",
    "technicalArticleNumber": "1544017",
    "commercialArticleNumber": "13851",
    "name": "kruiden selderijzout",
    "brand": "BONI",
    "seoBrand": "Boni Selection",
    "thumbNail": "https://static.colruytgroup.com/images/200x200/std.lang.all/83/78/asset-3028378.jpg",
    "fullImage": "https://static.colruytgroup.com/images/500x500/std.lang.all/83/78/asset-3028378.jpg",
    "squareImage": "https://static.colruytgroup.com/images/500x500sq/std.lang.all/83/78/asset-3028378.jpg",
    "content": "70g",
    "walkRouteSequenceNumber": 6382,
    "price": {
      "basicPrice": 0.601,
      "recommendedQuantity": "1.0",
      "measurementUnitPrice": 8.59,
      "measurementUnit": "K",
      "isRedPrice": false,
      "pricePerUOM": 8.59,
      "activationDate": "17-02-2024",
      "recordSource": "Offline",
      "isPromoActive": "N",
      "priceChangeCode": "E"
    },
    "isAvailable": true,
    "isPriceAvailable": true,
    "inPromo": false,
    "gtin": [
      "35400141359375",
      "05400141099027",
      "05400141138511",
      "05400141170375",
      "15400141359371",
      "05400141359374"
    ],
    "topCategoryName": "Kruidenierswaren/Droge voeding",
    "topCategoryId": "233",
    "businessDomain": "RETAIL_BE",
    "IsPrivateLabel": true,
    "IsBiffe": false,
    "WeightconversionFactor": "0",
    "IsWeightArticle": false,
    "nutriscoreLabel": "E",
    "IsBio": false,
    "CountryOfOrigin": "BELGIË",
    "IsExclusivelySoldInLuxembourg": false,
    "OrderUnit": "P",
    "ShortName": "BONI SELDERIJZOUT 70G",
    "IsNew": false,
    "EcoscoreLabel": "A",
    "RecentQuanityOfStockUnits": "1,12",
    "LongName": "BONI kruiden selderijzout 70g",
    "AlcoholVolume": "0",
    "FicCode": "I",
    "EcoscoreValue": "93"
  },
  {
    "productId": "51857",
    "technicalArticleNumber": "2196811",
    "commercialArticleNumber": "15487",
    "name": "saus Brasil TD",
    "brand": "DEVOS LEMMENS",
    "seoBrand": "Devos Lemmens",
    "thumbNail": "https://static.colruytgroup.com/images/200x200/std.lang.all/30/66/asset-2443066.jpg",
    "fullImage": "https://static.colruytgroup.com/images/500x500/std.lang.all/30/66/asset-2443066.jpg",
    "squareImage": "https://static.colruytgroup.com/images/500x500sq/std.lang.all/30/66/asset-2443066.jpg",
    "content": "300ml",
    "walkRouteSequenceNumber": 8129,
    "price": {
      "basicPrice": 3.99,
      "recommendedQuantity": "1.0",
      "measurementUnitPrice": 13.3,
      "measurementUnit": "L",
      "isRedPrice": false,
      "pricePerUOM": 13.3,
      "activationDate": "23-03-2024",
      "recordSource": "Offline",
      "isPromoActive": "N",
      "priceChangeCode": "H"
    },
    "isAvailable": true,
    "isPriceAvailable": true,
    "inPromo": false,
    "gtin": [
      "05410056197664",
      "05410056797666"
    ],
    "topCategoryName": "Kruidenierswaren/Droge voeding",
    "topCategoryId": "233",
    "businessDomain": "RETAIL_BE",
    "IsPrivateLabel": false,
    "IsBiffe": false,
    "WeightconversionFactor": "0",
    "IsWeightArticle": false,
    "nutriscoreLabel": "D",
    "IsBio": false,
    "CountryOfOrigin": "BELGIË",
    "IsExclusivelySoldInLuxembourg": false,
    "OrderUnit": "P",
    "ShortName": "DVL BRAZIL SQ.300ML",
    "IsNew": false,
    "EcoscoreLabel": "D",
    "RecentQuanityOfStockUnits": "1",
    "LongName": "DEVOS LEMMENS saus Brasil TD 300ml",
    "AlcoholVolume": "0",
    "FicCode": "E",
    "EcoscoreValue": "34"
  },
  {
    "productId": "220019",
    "technicalArticleNumber": "3503330",
    "commercialArticleNumber": "13351",
    "name": "kruiden italiaanse mengeling",
    "brand": "DUCROS",
    "seoBrand": "Ducros",
    "thumbNail": "https://static.colruytgroup.com/images/200x200/std.lang.all/06/07/asset-2860607.jpg",
    "fullImage": "https://static.colruytgroup.com/images/500x500/std.lang.all/06/07/asset-2860607.jpg",
    "squareImage": "https://static.colruytgroup.com/images/500x500sq/std.lang.all/06/07/asset-2860607.jpg",
    "content": "30g",
    "walkRouteSequenceNumber": 6481,
    "price": {
      "basicPrice": 3.14,
      "recommendedQuantity": "1.0",
      "quantityPrice": 1.57,
      "quantityPriceQuantity": "2.0",
      "measurementUnitPrice": 104.67,
      "measurementUnitQuantityPrice": 52.34,
      "measurementUnit": "K",
      "isRedPrice": false,
      "pricePerUOM": 104.67,
      "activationDate": "20-03-2024",
      "recordSource": "Offline",
      "isPromoActive": "N",
      "priceChangeCode": "E",
      "quantityPricePerUOM": 52.34,
      "quantityActivationDate": "20-03-2024",
      "quantityPriceChangeCode": "L"
    },
    "isAvailable": true,
    "isPriceAvailable": true,
    "inPromo": false,
    "gtin": [
      "03166296208234",
      "03166298906909",
      "03166291522205",
      "03166296650361"
    ],
    "topCategoryName": "Kruidenierswaren/Droge voeding",
    "topCategoryId": "233",
    "businessDomain": "RETAIL_BE",
    "IsPrivateLabel": false,
    "IsBiffe": false,
    "WeightconversionFactor": "0",
    "IsWeightArticle": false,
    "nutriscoreLabel": "A",
    "IsBio": false,
    "CountryOfOrigin": "FRANKRIJK",
    "IsExclusivelySoldInLuxembourg": false,
    "OrderUnit": "P",
    "ShortName": "DUCR.MENG.ITALIAANS 30G",
    "IsNew": false,
    "EcoscoreLabel": "E",
    "RecentQuanityOfStockUnits": "1",
    "LongName": "DUCROS kruiden italiaanse mengeling 30g",
    "AlcoholVolume": "0",
    "FicCode": "E",
    "EcoscoreValue": "2"
  },
  {
    "productId": "523238",
    "technicalArticleNumber": "4109090",
    "commercialArticleNumber": "8704",
    "name": "soep erwten ham",
    "brand": "ROYCO",
    "seoBrand": "Royco",
    "thumbNail": "https://static.colruytgroup.com/images/200x200/std.lang.all/37/31/asset-3353731.jpg",
    "fullImage": "https://static.colruytgroup.com/images/500x500/std.lang.all/37/31/asset-3353731.jpg",
    "squareImage": "https://static.colruytgroup.com/images/500x500sq/std.lang.all/37/31/asset-3353731.jpg",
    "content": "4st",
    "walkRouteSequenceNumber": 16965,
    "price": {
      "basicPrice": 1.89,
      "recommendedQuantity": "1.0",
      "measurementUnitPrice": 16.3,
      "measurementUnit": "K",
      "isRedPrice": false,
      "pricePerUOM": 16.3,
      "activationDate": "20-03-2024",
      "recordSource": "Offline",
      "isPromoActive": "N",
      "priceChangeCode": "H"
    },
    "isAvailable": true,
    "isPriceAvailable": true,
    "inPromo": true,
    "promotion": [
      {
        "techPromoId": "100866COLR",
        "promotionId": "100866",
        "promotionType": "3",
        "isPersonalized": "N",
        "publicationStartDate": "13-03-2024",
        "publicationEndDate": "26-03-2024"
      }
    ],
    "gtin": [
      "05414972705132",
      "05410056186200"
    ],
    "topCategoryName": "Kruidenierswaren/Droge voeding",
    "topCategoryId": "233",
    "businessDomain": "RETAIL_BE",
    "IsPrivateLabel": false,
    "IsBiffe": false,
    "WeightconversionFactor": "0",
    "IsWeightArticle": false,
    "nutriscoreLabel": "C",
    "IsBio": false,
    "CountryOfOrigin": "FRANKRIJK",
    "IsExclusivelySoldInLuxembourg": false,
    "OrderUnit": "P",
    "ShortName": "RMS ERWTEN HAM 4ST",
    "IsNew": false,
    "EcoscoreLabel": "D",
    "RecentQuanityOfStockUnits": "1,24",
    "LongName": "ROYCO soep erwten ham 4st",
    "FicCode": "E",
    "EcoscoreValue": "32"
  },
  {
    "productId": "541847",
    "technicalArticleNumber": "4166251",
    "commercialArticleNumber": "9798",
    "name": "al dente spirelli",
    "description": "*100% harde tarwe\n*Al dente beet\n*Eiwit : 13,5g/100g\n*Kooktijd : 11 min",
    "brand": "SOUBRY",
    "seoBrand": "Soubry",
    "thumbNail": "https://static.colruytgroup.com/images/200x200/std.lang.all/44/78/asset-1914478.jpg",
    "fullImage": "https://static.colruytgroup.com/images/500x500/std.lang.all/44/78/asset-1914478.jpg",
    "squareImage": "https://static.colruytgroup.com/images/500x500sq/std.lang.all/44/78/asset-1914478.jpg",
    "content": "375g",
    "walkRouteSequenceNumber": 8284,
    "price": {
      "basicPrice": 1.23,
      "recommendedQuantity": "4.0",
      "measurementUnitPrice": 3.28,
      "measurementUnit": "K",
      "isRedPrice": false,
      "pricePerUOM": 3.28,
      "activationDate": "08-03-2024",
      "recordSource": "Offline",
      "isPromoActive": "N",
      "priceChangeCode": "H"
    },
    "isAvailable": true,
    "isPriceAvailable": true,
    "inPromo": false,
    "gtin": [
      "75410028171462",
      "05410028171463",
      "05410028170466"
    ],
    "topCategoryName": "Kruidenierswaren/Droge voeding",
    "topCategoryId": "233",
    "businessDomain": "RETAIL_BE",
    "IsPrivateLabel": false,
    "IsBiffe": false,
    "WeightconversionFactor": "0",
    "IsWeightArticle": false,
    "nutriscoreLabel": "A",
    "IsBio": false,
    "CountryOfOrigin": "BELGIË",
    "IsExclusivelySoldInLuxembourg": false,
    "OrderUnit": "P",
    "ShortName": "SOUB AL DEN.SPIRELLI375",
    "IsNew": false,
    "EcoscoreLabel": "A",
    "RecentQuanityOfStockUnits": "1,4,24",
    "LongName": "SOUBRY al dente spirelli 375g",
    "FicCode": "E",
    "EcoscoreValue": "97"
  },
  {
    "productId": "703",
    "technicalArticleNumber": "12677",
    "commercialArticleNumber": "12677",
    "name": "Crunchy tomatencrème",
    "description": "*Tomatenroomsoep\nmet croutons",
    "brand": "ROYCO",
    "seoBrand": "Royco Crunchy",
    "thumbNail": "https://static.colruytgroup.com/images/200x200/std.lang.all/38/69/asset-593869.jpg",
    "fullImage": "https://static.colruytgroup.com/images/500x500/std.lang.all/38/69/asset-593869.jpg",
    "squareImage": "https://static.colruytgroup.com/images/500x500sq/std.lang.all/38/69/asset-593869.jpg",
    "content": "3st",
    "walkRouteSequenceNumber": 16970,
    "price": {
      "basicPrice": 1.89,
      "recommendedQuantity": "2.0",
      "measurementUnitPrice": 35,
      "measurementUnit": "K",
      "isRedPrice": false,
      "pricePerUOM": 35,
      "activationDate": "20-03-2024",
      "recordSource": "Offline",
      "isPromoActive": "N",
      "priceChangeCode": "H"
    },
    "isAvailable": true,
    "isPriceAvailable": true,
    "inPromo": true,
    "promotion": [
      {
        "techPromoId": "100866COLR",
        "promotionId": "100866",
        "promotionType": "3",
        "isPersonalized": "N",
        "publicationStartDate": "13-03-2024",
        "publicationEndDate": "26-03-2024"
      }
    ],
    "gtin": [
      "05414972705194",
      "05400141126778",
      "05410056187313"
    ],
    "topCategoryName": "Kruidenierswaren/Droge voeding",
    "topCategoryId": "233",
    "businessDomain": "RETAIL_BE",
    "IsPrivateLabel": false,
    "IsBiffe": false,
    "WeightconversionFactor": "0",
    "IsWeightArticle": false,
    "nutriscoreLabel": "C",
    "IsBio": false,
    "CountryOfOrigin": "NEDERLAND",
    "IsExclusivelySoldInLuxembourg": false,
    "OrderUnit": "P",
    "ShortName": "RMS CRUNCHY TOMAAT 3Z",
    "IsNew": false,
    "EcoscoreLabel": "B",
    "RecentQuanityOfStockUnits": "1,2",
    "LongName": "ROYCO Crunchy tomatencrème 3st",
    "AlcoholVolume": "0",
    "FicCode": "E",
    "EcoscoreValue": "77"
  },
  {
    "productId": "10124",
    "technicalArticleNumber": "1384441",
    "commercialArticleNumber": "15437",
    "name": "volkoren zon.toeg.suiker",
    "description": "*Zweedse broodjes,\nvolkoren\n*Zonder toegevoegde\nsuiker",
    "brand": "KRISPROLLS",
    "seoBrand": "Krisprolls",
    "thumbNail": "https://static.colruytgroup.com/images/200x200/std.lang.all/13/62/asset-2821362.jpg",
    "fullImage": "https://static.colruytgroup.com/images/500x500/std.lang.all/13/62/asset-2821362.jpg",
    "squareImage": "https://static.colruytgroup.com/images/500x500sq/std.lang.all/13/62/asset-2821362.jpg",
    "content": "225g",
    "walkRouteSequenceNumber": 17064,
    "price": {
      "basicPrice": 2.94,
      "recommendedQuantity": "1.0",
      "measurementUnitPrice": 13.07,
      "measurementUnit": "K",
      "isRedPrice": false,
      "pricePerUOM": 13.07,
      "activationDate": "23-02-2024",
      "recordSource": "Offline",
      "isPromoActive": "N",
      "priceChangeCode": "H"
    },
    "isAvailable": true,
    "isPriceAvailable": true,
    "inPromo": false,
    "gtin": [
      "17311070331421",
      "07311070331318"
    ],
    "topCategoryName": "Brood/Ontbijt",
    "topCategoryId": "124",
    "businessDomain": "RETAIL_BE",
    "IsPrivateLabel": false,
    "IsBiffe": false,
    "WeightconversionFactor": "0",
    "IsWeightArticle": false,
    "nutriscoreLabel": "A",
    "IsBio": false,
    "CountryOfOrigin": "ZWEDEN",
    "IsExclusivelySoldInLuxembourg": false,
    "OrderUnit": "P",
    "ShortName": "KRISPROLLS Z.T.SUIK.225",
    "IsNew": false,
    "EcoscoreLabel": "B",
    "RecentQuanityOfStockUnits": "1,15",
    "LongName": "KRISPROLLS volkoren zon.toeg.suiker 225g",
    "AlcoholVolume": "0",
    "FicCode": "E",
    "EcoscoreValue": "62"
  },
  {
    "productId": "567563",
    "technicalArticleNumber": "4210583",
    "commercialArticleNumber": "16202",
    "name": "tapenades trio classic",
    "description": "*Groene olijven,\ngegrilde paprika,\nzongedroogde tomaten,\nkappers",
    "brand": "BONI",
    "seoBrand": "Boni Selection",
    "thumbNail": "https://static.colruytgroup.com/images/200x200/std.lang.all/85/21/asset-2508521.jpg",
    "fullImage": "https://static.colruytgroup.com/images/500x500/std.lang.all/85/21/asset-2508521.jpg",
    "squareImage": "https://static.colruytgroup.com/images/500x500sq/std.lang.all/85/21/asset-2508521.jpg",
    "content": "210g",
    "walkRouteSequenceNumber": 6776,
    "price": {
      "basicPrice": 2.89,
      "recommendedQuantity": "1.0",
      "quantityPrice": 2.77,
      "quantityPriceQuantity": "3.0",
      "measurementUnitPrice": 13.77,
      "measurementUnitQuantityPrice": 13.2,
      "measurementUnit": "K",
      "isRedPrice": false,
      "pricePerUOM": 13.77,
      "activationDate": "13-03-2024",
      "isPromoActive": "N",
      "priceChangeCode": "E",
      "quantityPricePerUOM": 13.2,
      "quantityActivationDate": "13-03-2024",
      "quantityPriceChangeCode": "H"
    },
    "isAvailable": true,
    "isPriceAvailable": true,
    "inPromo": false,
    "gtin": [
      "05400141345971",
      "05400141572155"
    ],
    "topCategoryName": "Chips/Borrelhapjes",
    "topCategoryId": "306",
    "businessDomain": "RETAIL_BE",
    "IsPrivateLabel": true,
    "IsBiffe": false,
    "WeightconversionFactor": "0",
    "IsWeightArticle": false,
    "nutriscoreLabel": "D",
    "IsBio": false,
    "CountryOfOrigin": "BELGIË",
    "IsExclusivelySoldInLuxembourg": false,
    "OrderUnit": "P",
    "ShortName": "BONI TAPEN.TRIO CLA210G",
    "IsNew": false,
    "EcoscoreLabel": "B",
    "RecentQuanityOfStockUnits": "1",
    "LongName": "BONI tapenades trio classic 210g",
    "FicCode": "I",
    "EcoscoreValue": "62"
  },
  {
    "productId": "51856",
    "technicalArticleNumber": "2196807",
    "commercialArticleNumber": "15486",
    "name": "saus pita top-down",
    "brand": "DEVOS LEMMENS",
    "seoBrand": "Devos Lemmens",
    "thumbNail": "https://static.colruytgroup.com/images/200x200/std.lang.all/36/26/asset-383626.jpg",
    "fullImage": "https://static.colruytgroup.com/images/500x500/std.lang.all/36/26/asset-383626.jpg",
    "squareImage": "https://static.colruytgroup.com/images/500x500sq/std.lang.all/36/26/asset-383626.jpg",
    "content": "300ml",
    "walkRouteSequenceNumber": 8124,
    "price": {
      "basicPrice": 4.15,
      "recommendedQuantity": "1.0",
      "measurementUnitPrice": 13.84,
      "measurementUnit": "L",
      "isRedPrice": false,
      "pricePerUOM": 13.84,
      "activationDate": "13-03-2024",
      "recordSource": "Offline",
      "isPromoActive": "N",
      "priceChangeCode": "H"
    },
    "isAvailable": true,
    "isPriceAvailable": true,
    "inPromo": false,
    "gtin": [
      "05410056797659",
      "05410056197657"
    ],
    "topCategoryName": "Kruidenierswaren/Droge voeding",
    "topCategoryId": "233",
    "businessDomain": "RETAIL_BE",
    "IsPrivateLabel": false,
    "IsBiffe": false,
    "WeightconversionFactor": "0",
    "IsWeightArticle": false,
    "nutriscoreLabel": "D",
    "IsBio": false,
    "CountryOfOrigin": "BELGIË",
    "IsExclusivelySoldInLuxembourg": false,
    "OrderUnit": "P",
    "ShortName": "DVL PITASAUS SQ 300",
    "IsNew": false,
    "EcoscoreLabel": "B",
    "RecentQuanityOfStockUnits": "1,12",
    "LongName": "DEVOS LEMMENS saus pita top-down 300ml",
    "AlcoholVolume": "0",
    "FicCode": "E",
    "EcoscoreValue": "63"
  },
  {
    "productId": "77",
    "technicalArticleNumber": "14202",
    "commercialArticleNumber": "14202",
    "name": "rijst jasmin thai",
    "description": "*Kookbuiltjes\n*kooktijd:10 minuten",
    "brand": "BOSTO",
    "seoBrand": "Bosto",
    "thumbNail": "https://static.colruytgroup.com/images/200x200/std.lang.all/88/29/asset-1478829.jpg",
    "fullImage": "https://static.colruytgroup.com/images/500x500/std.lang.all/88/29/asset-1478829.jpg",
    "squareImage": "https://static.colruytgroup.com/images/500x500sq/std.lang.all/88/29/asset-1478829.jpg",
    "content": "4x125g",
    "walkRouteSequenceNumber": 8371,
    "price": {
      "basicPrice": 1.79,
      "recommendedQuantity": "1.0",
      "measurementUnitPrice": 3.58,
      "measurementUnit": "K",
      "isRedPrice": false,
      "pricePerUOM": 3.58,
      "activationDate": "19-03-2024",
      "recordSource": "Offline",
      "isPromoActive": "N",
      "priceChangeCode": "E"
    },
    "isAvailable": true,
    "isPriceAvailable": true,
    "inPromo": false,
    "gtin": [
      "15410106018632",
      "05410106010288"
    ],
    "topCategoryName": "Kruidenierswaren/Droge voeding",
    "topCategoryId": "233",
    "businessDomain": "RETAIL_BE",
    "IsPrivateLabel": false,
    "IsBiffe": false,
    "WeightconversionFactor": "0",
    "IsWeightArticle": false,
    "nutriscoreLabel": "A",
    "IsBio": false,
    "CountryOfOrigin": "BELGIË",
    "IsExclusivelySoldInLuxembourg": false,
    "OrderUnit": "P",
    "ShortName": "BOSTO KOOKB.THAI 4X125G",
    "IsNew": false,
    "EcoscoreLabel": "E",
    "RecentQuanityOfStockUnits": "1,16",
    "LongName": "BOSTO rijst jasmin thai 4x125g",
    "AlcoholVolume": "0",
    "FicCode": "E",
    "EcoscoreValue": "4"
  },
  {
    "productId": "37393",
    "technicalArticleNumber": "1828411",
    "commercialArticleNumber": "13731",
    "name": "kruiden peterselie",
    "brand": "BONI BIO",
    "seoBrand": "Boni Selection Bio",
    "thumbNail": "https://static.colruytgroup.com/images/200x200/std.lang.all/83/83/asset-3028383.jpg",
    "fullImage": "https://static.colruytgroup.com/images/500x500/std.lang.all/83/83/asset-3028383.jpg",
    "squareImage": "https://static.colruytgroup.com/images/500x500sq/std.lang.all/83/83/asset-3028383.jpg",
    "content": "8g",
    "walkRouteSequenceNumber": 6462,
    "price": {
      "basicPrice": 1.09,
      "recommendedQuantity": "1.0",
      "measurementUnitPrice": 136.25,
      "measurementUnit": "K",
      "isRedPrice": false,
      "pricePerUOM": 136.25,
      "activationDate": "06-12-2023",
      "recordSource": "Offline",
      "isPromoActive": "N",
      "priceChangeCode": "E"
    },
    "isAvailable": true,
    "isPriceAvailable": true,
    "inPromo": false,
    "gtin": [
      "05400141101997",
      "05400141137316",
      "05400141368215",
      "05400141265637",
      "05400141156133",
      "15400141368212",
      "35400141368216"
    ],
    "topCategoryName": "Kruidenierswaren/Droge voeding",
    "topCategoryId": "233",
    "businessDomain": "RETAIL_BE",
    "IsPrivateLabel": true,
    "IsBiffe": false,
    "WeightconversionFactor": "0",
    "IsWeightArticle": false,
    "nutriscoreLabel": "A",
    "IsBio": true,
    "CountryOfOrigin": "NEDERLAND",
    "IsExclusivelySoldInLuxembourg": false,
    "OrderUnit": "P",
    "ShortName": "BS BIO PETERSELIE 8GR",
    "IsNew": false,
    "EcoscoreLabel": "B",
    "RecentQuanityOfStockUnits": "1",
    "LongName": "BONI BIO kruiden peterselie 8g",
    "AlcoholVolume": "0",
    "FicCode": "I",
    "EcoscoreValue": "66"
  },
  {
    "productId": "140686",
    "technicalArticleNumber": "3204786",
    "commercialArticleNumber": "22242",
    "name": "pâtes d'Alsace tagliatelle",
    "description": "*Frankrijk, Elzas\n*kooktijd: 8-11\nminuten\n*7 eieren/kg\n*Eiwit: 15g/100g",
    "brand": "BONI",
    "seoBrand": "Boni Selection",
    "thumbNail": "https://static.colruytgroup.com/images/200x200/std.lang.all/34/98/asset-1903498.jpg",
    "fullImage": "https://static.colruytgroup.com/images/500x500/std.lang.all/34/98/asset-1903498.jpg",
    "squareImage": "https://static.colruytgroup.com/images/500x500sq/std.lang.all/34/98/asset-1903498.jpg",
    "content": "250g",
    "walkRouteSequenceNumber": 8171,
    "price": {
      "basicPrice": 1.45,
      "recommendedQuantity": "1.0",
      "quantityPrice": 1.08,
      "quantityPriceQuantity": "4.0",
      "measurementUnitPrice": 5.8,
      "measurementUnitQuantityPrice": 4.32,
      "measurementUnit": "K",
      "isRedPrice": false,
      "pricePerUOM": 5.8,
      "activationDate": "20-03-2024",
      "recordSource": "Offline",
      "isPromoActive": "N",
      "priceChangeCode": "E",
      "quantityPricePerUOM": 4.32,
      "quantityActivationDate": "20-03-2024",
      "quantityPriceChangeCode": "E"
    },
    "isAvailable": true,
    "isPriceAvailable": true,
    "inPromo": false,
    "gtin": [
      "05400141053340",
      "05400141218831",
      "15400141239918",
      "05400141239911",
      "25400141239915"
    ],
    "topCategoryName": "Kruidenierswaren/Droge voeding",
    "topCategoryId": "233",
    "businessDomain": "RETAIL_BE",
    "IsPrivateLabel": true,
    "IsBiffe": false,
    "WeightconversionFactor": "0",
    "IsWeightArticle": false,
    "nutriscoreLabel": "A",
    "IsBio": false,
    "CountryOfOrigin": "BELGIË",
    "IsExclusivelySoldInLuxembourg": false,
    "OrderUnit": "P",
    "ShortName": "BONI TAGLIAT 7 EI 250G",
    "IsNew": false,
    "EcoscoreLabel": "A",
    "RecentQuanityOfStockUnits": "1,8",
    "LongName": "BONI pâtes d'Alsace tagliatelle 250g",
    "AlcoholVolume": "0",
    "FicCode": "I",
    "EcoscoreValue": "81"
  },
  {
    "productId": "525655",
    "technicalArticleNumber": "4113159",
    "commercialArticleNumber": "8847",
    "name": "saladmix tuinkruiden",
    "description": "*Vinaigrette\n*Kruiden\n*Dressing\n*Sla en groenten\n*Vegetarisch",
    "brand": "KNORR",
    "seoBrand": "Knorr",
    "thumbNail": "https://static.colruytgroup.com/images/200x200/std.lang.all/11/84/asset-2831184.jpg",
    "fullImage": "https://static.colruytgroup.com/images/500x500/std.lang.all/11/84/asset-2831184.jpg",
    "squareImage": "https://static.colruytgroup.com/images/500x500sq/std.lang.all/11/84/asset-2831184.jpg",
    "content": "3x8g",
    "walkRouteSequenceNumber": 8051,
    "price": {
      "basicPrice": 1.49,
      "recommendedQuantity": "1.0",
      "measurementUnitPrice": 62.09,
      "measurementUnit": "K",
      "isRedPrice": false,
      "pricePerUOM": 62.09,
      "activationDate": "19-03-2024",
      "recordSource": "Offline",
      "isPromoActive": "N",
      "priceChangeCode": "E"
    },
    "isAvailable": true,
    "isPriceAvailable": true,
    "inPromo": false,
    "gtin": [
      "08720182806963",
      "08720182806611",
      "08714100823019",
      "08714100823095"
    ],
    "topCategoryName": "Kruidenierswaren/Droge voeding",
    "topCategoryId": "233",
    "businessDomain": "RETAIL_BE",
    "IsPrivateLabel": false,
    "IsBiffe": false,
    "WeightconversionFactor": "0",
    "IsWeightArticle": false,
    "nutriscoreLabel": "E",
    "IsBio": false,
    "CountryOfOrigin": "DUITSLAND",
    "IsExclusivelySoldInLuxembourg": false,
    "OrderUnit": "P",
    "ShortName": "KNOR SALADMIX TUINK3X8G",
    "IsNew": false,
    "EcoscoreLabel": "E",
    "RecentQuanityOfStockUnits": "1,1,12",
    "LongName": "KNORR saladmix tuinkruiden 3x8g",
    "FicCode": "E",
    "EcoscoreValue": "2"
  },
  {
    "productId": "270974",
    "technicalArticleNumber": "3637800",
    "commercialArticleNumber": "20314",
    "name": "Hot Taco Spice Mix",
    "brand": "POCO LOCO",
    "seoBrand": "Poco Loco",
    "thumbNail": "https://static.colruytgroup.com/images/200x200/std.lang.all/13/71/asset-2091371.jpg",
    "fullImage": "https://static.colruytgroup.com/images/500x500/std.lang.all/13/71/asset-2091371.jpg",
    "squareImage": "https://static.colruytgroup.com/images/500x500sq/std.lang.all/13/71/asset-2091371.jpg",
    "content": "40g",
    "walkRouteSequenceNumber": 8663,
    "price": {
      "basicPrice": 1.29,
      "recommendedQuantity": "1.0",
      "measurementUnitPrice": 32.25,
      "measurementUnit": "K",
      "isRedPrice": false,
      "pricePerUOM": 32.25,
      "activationDate": "14-11-2023",
      "isPromoActive": "N",
      "priceChangeCode": "E"
    },
    "isAvailable": true,
    "isPriceAvailable": true,
    "inPromo": false,
    "gtin": [
      "15412514932906",
      "05412514932909"
    ],
    "topCategoryName": "Kruidenierswaren/Droge voeding",
    "topCategoryId": "233",
    "businessDomain": "RETAIL_BE",
    "IsPrivateLabel": false,
    "IsBiffe": false,
    "WeightconversionFactor": "0",
    "IsWeightArticle": false,
    "nutriscoreLabel": "E",
    "IsBio": false,
    "CountryOfOrigin": "ESTLAND",
    "IsExclusivelySoldInLuxembourg": false,
    "OrderUnit": "P",
    "ShortName": "PO.LO.HOT TACO SP.MIX40",
    "IsNew": false,
    "EcoscoreLabel": "E",
    "RecentQuanityOfStockUnits": "1",
    "LongName": "POCO LOCO Hot Taco Spice Mix 40g",
    "AlcoholVolume": "0",
    "FicCode": "E",
    "EcoscoreValue": "2"
  },
  {
    "productId": "12880",
    "technicalArticleNumber": "1337687",
    "commercialArticleNumber": "13008",
    "name": "olijfolie extra vierge",
    "description": "*Koude/warme\nbereidingen\n*Chania, Kreta",
    "brand": "TERRA CRETA",
    "seoBrand": "Terra Creta",
    "thumbNail": "https://static.colruytgroup.com/images/200x200/std.lang.all/75/06/asset-827506.jpg",
    "fullImage": "https://static.colruytgroup.com/images/500x500/std.lang.all/75/06/asset-827506.jpg",
    "squareImage": "https://static.colruytgroup.com/images/500x500sq/std.lang.all/75/06/asset-827506.jpg",
    "content": "1L",
    "walkRouteSequenceNumber": 8945,
    "price": {
      "basicPrice": 16.99,
      "recommendedQuantity": "1.0",
      "measurementUnitPrice": 16.99,
      "measurementUnit": "L",
      "isRedPrice": false,
      "pricePerUOM": 16.99,
      "activationDate": "21-03-2024",
      "isPromoActive": "N",
      "priceChangeCode": "H"
    },
    "isAvailable": true,
    "isPriceAvailable": true,
    "inPromo": false,
    "gtin": [
      "15200102801600",
      "05200101801604",
      "25200101801608"
    ],
    "topCategoryName": "Kruidenierswaren/Droge voeding",
    "topCategoryId": "233",
    "businessDomain": "RETAIL_BE",
    "IsPrivateLabel": false,
    "IsBiffe": false,
    "WeightconversionFactor": "0",
    "IsWeightArticle": false,
    "nutriscoreLabel": "B",
    "IsBio": false,
    "CountryOfOrigin": "GRIEKENLAND",
    "IsExclusivelySoldInLuxembourg": false,
    "OrderUnit": "P",
    "ShortName": "TC KOLYMVARI OL.O.VE 1L",
    "IsNew": false,
    "EcoscoreLabel": "D",
    "RecentQuanityOfStockUnits": "1",
    "LongName": "TERRA CRETA olijfolie extra vierge 1L",
    "AlcoholVolume": "0",
    "FicCode": "E",
    "EcoscoreValue": "27"
  },
  {
    "productId": "18245",
    "technicalArticleNumber": "1765217",
    "commercialArticleNumber": "35008",
    "name": "pannenkoekenmix",
    "description": "*Melk toevoegen",
    "brand": "BONI",
    "seoBrand": "Boni Selection",
    "thumbNail": "https://static.colruytgroup.com/images/200x200/std.lang.all/69/24/asset-3036924.jpg",
    "fullImage": "https://static.colruytgroup.com/images/500x500/std.lang.all/69/24/asset-3036924.jpg",
    "squareImage": "https://static.colruytgroup.com/images/500x500sq/std.lang.all/69/24/asset-3036924.jpg",
    "content": "400g",
    "walkRouteSequenceNumber": 9424,
    "price": {
      "basicPrice": 0.69,
      "recommendedQuantity": "1.0",
      "measurementUnitPrice": 1.73,
      "measurementUnit": "K",
      "isRedPrice": false,
      "pricePerUOM": 1.73,
      "activationDate": "14-11-2023",
      "recordSource": "Offline",
      "isPromoActive": "N",
      "priceChangeCode": "E"
    },
    "isAvailable": true,
    "isPriceAvailable": true,
    "inPromo": false,
    "gtin": [
      "15400141344933",
      "15400141828051",
      "05400141183979",
      "05400141355239",
      "05400141344936",
      "05400141798524",
      "15400141798521"
    ],
    "topCategoryName": "Kruidenierswaren/Droge voeding",
    "topCategoryId": "233",
    "businessDomain": "RETAIL_BE",
    "IsPrivateLabel": true,
    "IsBiffe": false,
    "WeightconversionFactor": "0",
    "IsWeightArticle": false,
    "nutriscoreLabel": "B",
    "IsBio": false,
    "CountryOfOrigin": "BELGIË",
    "IsExclusivelySoldInLuxembourg": false,
    "OrderUnit": "P",
    "ShortName": "BONI PANNENKOEKMIX 400G",
    "IsNew": false,
    "EcoscoreLabel": "B",
    "RecentQuanityOfStockUnits": "8,1",
    "LongName": "BONI pannenkoekenmix 400g",
    "AlcoholVolume": "0",
    "FicCode": "I",
    "EcoscoreValue": "79"
  },
  {
    "productId": "92",
    "technicalArticleNumber": "14381",
    "commercialArticleNumber": "14381",
    "name": "rijst volwaardig",
    "description": "*Kookbuiltjes\n*kooktijd:12 minuten",
    "brand": "BEN'S ORIGINAL",
    "seoBrand": "Ben's original",
    "thumbNail": "https://static.colruytgroup.com/images/200x200/std.lang.all/77/43/asset-2537743.jpg",
    "fullImage": "https://static.colruytgroup.com/images/500x500/std.lang.all/77/43/asset-2537743.jpg",
    "squareImage": "https://static.colruytgroup.com/images/500x500sq/std.lang.all/77/43/asset-2537743.jpg",
    "content": "4x125g",
    "walkRouteSequenceNumber": 8360,
    "price": {
      "basicPrice": 3.04,
      "recommendedQuantity": "3.0",
      "measurementUnitPrice": 6.08,
      "measurementUnit": "K",
      "isRedPrice": false,
      "pricePerUOM": 6.08,
      "activationDate": "22-03-2024",
      "recordSource": "Offline",
      "isPromoActive": "N",
      "priceChangeCode": "H"
    },
    "isAvailable": true,
    "isPriceAvailable": true,
    "inPromo": false,
    "gtin": [
      "05400141004892",
      "05410673005427",
      "45400141285848",
      "05410673724021",
      "05410673059000",
      "05410673005144",
      "05410673005137"
    ],
    "topCategoryName": "Kruidenierswaren/Droge voeding",
    "topCategoryId": "233",
    "businessDomain": "RETAIL_BE",
    "IsPrivateLabel": false,
    "IsBiffe": false,
    "WeightconversionFactor": "0",
    "IsWeightArticle": false,
    "IsBio": false,
    "CountryOfOrigin": "BELGIË",
    "IsExclusivelySoldInLuxembourg": false,
    "OrderUnit": "P",
    "ShortName": "BEOR VOLW RIJST4X125",
    "InSeason": true,
    "IsNew": false,
    "RecentQuanityOfStockUnits": "1,3",
    "LongName": "BEN'S ORIGINAL rijst volwaardig 4x125g",
    "AlcoholVolume": "0",
    "StartSeasonDate": "31/03/2014",
    "FicCode": "E"
  },
  {
    "productId": "229241",
    "technicalArticleNumber": "3553296",
    "commercialArticleNumber": "50889",
    "name": "rijstpap",
    "description": "*Ideaal voor het\nbereiden van rijstpap",
    "brand": "BOSTO",
    "seoBrand": "Bosto",
    "thumbNail": "https://static.colruytgroup.com/images/200x200/std.lang.all/33/17/asset-1003317.jpg",
    "fullImage": "https://static.colruytgroup.com/images/500x500/std.lang.all/33/17/asset-1003317.jpg",
    "squareImage": "https://static.colruytgroup.com/images/500x500sq/std.lang.all/33/17/asset-1003317.jpg",
    "content": "1kg",
    "walkRouteSequenceNumber": 8374,
    "price": {
      "basicPrice": 5.66,
      "recommendedQuantity": "1.0",
      "measurementUnitPrice": 5.66,
      "measurementUnit": "K",
      "isRedPrice": false,
      "pricePerUOM": 5.66,
      "activationDate": "19-03-2024",
      "recordSource": "Offline",
      "isPromoActive": "N",
      "priceChangeCode": "H"
    },
    "isAvailable": true,
    "isPriceAvailable": true,
    "inPromo": false,
    "gtin": [
      "15410106017758",
      "05410106011346"
    ],
    "topCategoryName": "Kruidenierswaren/Droge voeding",
    "topCategoryId": "233",
    "businessDomain": "RETAIL_BE",
    "IsPrivateLabel": false,
    "IsBiffe": false,
    "WeightconversionFactor": "0",
    "IsWeightArticle": false,
    "nutriscoreLabel": "A",
    "IsBio": false,
    "CountryOfOrigin": "BELGIË",
    "IsExclusivelySoldInLuxembourg": false,
    "OrderUnit": "P",
    "ShortName": "BOSTO RIJSTPAP 40MIN 1K",
    "IsNew": false,
    "EcoscoreLabel": "D",
    "RecentQuanityOfStockUnits": "1",
    "LongName": "BOSTO rijstpap 1kg",
    "AlcoholVolume": "0",
    "FicCode": "E",
    "EcoscoreValue": "38"
  },
  {
    "productId": "44570",
    "technicalArticleNumber": "2507622",
    "commercialArticleNumber": "9661",
    "name": "rijstvermicelli",
    "description": "*Chinese\nrijstnoedels",
    "brand": "SUZI WAN",
    "seoBrand": "Suzi Wan",
    "thumbNail": "https://static.colruytgroup.com/images/200x200/std.lang.all/27/65/asset-1482765.jpg",
    "fullImage": "https://static.colruytgroup.com/images/500x500/std.lang.all/27/65/asset-1482765.jpg",
    "squareImage": "https://static.colruytgroup.com/images/500x500sq/std.lang.all/27/65/asset-1482765.jpg",
    "content": "250g",
    "walkRouteSequenceNumber": 8502,
    "price": {
      "basicPrice": 3.99,
      "recommendedQuantity": "1.0",
      "measurementUnitPrice": 15.96,
      "measurementUnit": "K",
      "isRedPrice": false,
      "pricePerUOM": 15.96,
      "activationDate": "14-02-2024",
      "recordSource": "Offline",
      "isPromoActive": "N",
      "priceChangeCode": "E"
    },
    "isAvailable": true,
    "isPriceAvailable": true,
    "inPromo": false,
    "gtin": [
      "04002359650178",
      "04002359650185"
    ],
    "topCategoryName": "Kruidenierswaren/Droge voeding",
    "topCategoryId": "233",
    "businessDomain": "RETAIL_BE",
    "IsPrivateLabel": false,
    "IsBiffe": false,
    "WeightconversionFactor": "0",
    "IsWeightArticle": false,
    "IsBio": false,
    "CountryOfOrigin": "NEDERLAND",
    "IsExclusivelySoldInLuxembourg": false,
    "OrderUnit": "P",
    "ShortName": "SW RIJSTVERMICELLI 250G",
    "IsNew": false,
    "EcoscoreLabel": "B",
    "RecentQuanityOfStockUnits": "1,12",
    "LongName": "SUZI WAN rijstvermicelli 250g",
    "AlcoholVolume": "0",
    "FicCode": "E",
    "EcoscoreValue": "65"
  },
  {
    "productId": "788",
    "technicalArticleNumber": "13382",
    "commercialArticleNumber": "13382",
    "name": "pickles",
    "brand": "BISTER",
    "seoBrand": "Bister",
    "thumbNail": "https://static.colruytgroup.com/images/200x200/std.lang.all/33/61/asset-783361.jpg",
    "fullImage": "https://static.colruytgroup.com/images/500x500/std.lang.all/33/61/asset-783361.jpg",
    "squareImage": "https://static.colruytgroup.com/images/500x500sq/std.lang.all/33/61/asset-783361.jpg",
    "content": "250g",
    "walkRouteSequenceNumber": 8244,
    "price": {
      "basicPrice": 1.99,
      "recommendedQuantity": "1.0",
      "measurementUnitPrice": 7.96,
      "measurementUnit": "K",
      "isRedPrice": false,
      "pricePerUOM": 7.96,
      "activationDate": "14-11-2023",
      "recordSource": "Offline",
      "isPromoActive": "N",
      "priceChangeCode": "E"
    },
    "isAvailable": true,
    "isPriceAvailable": true,
    "inPromo": false,
    "gtin": [
      "05410641200007",
      "05410641900129"
    ],
    "topCategoryName": "Kruidenierswaren/Droge voeding",
    "topCategoryId": "233",
    "businessDomain": "RETAIL_BE",
    "IsPrivateLabel": false,
    "IsBiffe": false,
    "WeightconversionFactor": "0",
    "IsWeightArticle": false,
    "nutriscoreLabel": "D",
    "IsBio": false,
    "CountryOfOrigin": "BELGIË",
    "IsExclusivelySoldInLuxembourg": false,
    "OrderUnit": "P",
    "ShortName": "BISTER PICKLES 250G",
    "IsNew": false,
    "EcoscoreLabel": "C",
    "RecentQuanityOfStockUnits": "1",
    "LongName": "BISTER pickles 250g",
    "AlcoholVolume": "0",
    "FicCode": "E",
    "EcoscoreValue": "51"
  },
  {
    "productId": "881115",
    "technicalArticleNumber": "4738472",
    "commercialArticleNumber": "32384",
    "name": "Farfalle n°198",
    "brand": "GRANORO",
    "seoBrand": "Granoro",
    "thumbNail": "https://static.colruytgroup.com/images/200x200/std.lang.all/08/91/asset-3320891.jpg",
    "fullImage": "https://static.colruytgroup.com/images/500x500/std.lang.all/08/91/asset-3320891.jpg",
    "squareImage": "https://static.colruytgroup.com/images/500x500sq/std.lang.all/08/91/asset-3320891.jpg",
    "content": "500g",
    "walkRouteSequenceNumber": 8352,
    "price": {
      "basicPrice": 1.39,
      "recommendedQuantity": "1.0",
      "measurementUnitPrice": 2.78,
      "measurementUnit": "K",
      "isRedPrice": false,
      "pricePerUOM": 2.78,
      "activationDate": "02-11-2023",
      "isPromoActive": "N",
      "priceChangeCode": "L"
    },
    "isAvailable": true,
    "isPriceAvailable": true,
    "inPromo": false,
    "gtin": [
      "18007290002515",
      "08007290331984"
    ],
    "topCategoryName": "Kruidenierswaren/Droge voeding",
    "topCategoryId": "233",
    "businessDomain": "RETAIL_BE",
    "IsPrivateLabel": false,
    "IsBiffe": false,
    "WeightconversionFactor": "0",
    "IsWeightArticle": false,
    "nutriscoreLabel": "A",
    "IsBio": false,
    "CountryOfOrigin": "ITALIË",
    "IsExclusivelySoldInLuxembourg": false,
    "OrderUnit": "P",
    "ShortName": "GRANO FARFALLE N198 500",
    "IsNew": false,
    "EcoscoreLabel": "B",
    "RecentQuanityOfStockUnits": "1",
    "LongName": "GRANORO Farfalle n°198 500g",
    "AlcoholVolume": "0",
    "FicCode": "E",
    "EcoscoreValue": "60"
  },
  {
    "productId": "779444",
    "technicalArticleNumber": "4573634",
    "commercialArticleNumber": "28632",
    "name": "dijon mosterd",
    "brand": "BISTER",
    "seoBrand": "Bister",
    "thumbNail": "https://static.colruytgroup.com/images/200x200/std.lang.all/27/03/asset-2752703.jpg",
    "fullImage": "https://static.colruytgroup.com/images/500x500/std.lang.all/27/03/asset-2752703.jpg",
    "squareImage": "https://static.colruytgroup.com/images/500x500sq/std.lang.all/27/03/asset-2752703.jpg",
    "content": "250g",
    "walkRouteSequenceNumber": 8234,
    "price": {
      "basicPrice": 1.99,
      "recommendedQuantity": "1.0",
      "measurementUnitPrice": 7.96,
      "measurementUnit": "K",
      "isRedPrice": false,
      "pricePerUOM": 7.96,
      "activationDate": "14-03-2024",
      "recordSource": "Offline",
      "isPromoActive": "N",
      "priceChangeCode": "L"
    },
    "isAvailable": true,
    "isPriceAvailable": true,
    "inPromo": false,
    "gtin": [
      "05410641902420",
      "05410641100925"
    ],
    "topCategoryName": "Kruidenierswaren/Droge voeding",
    "topCategoryId": "233",
    "businessDomain": "RETAIL_BE",
    "IsPrivateLabel": false,
    "IsBiffe": false,
    "WeightconversionFactor": "0",
    "IsWeightArticle": false,
    "nutriscoreLabel": "E",
    "IsBio": false,
    "CountryOfOrigin": "BELGIË",
    "IsExclusivelySoldInLuxembourg": false,
    "OrderUnit": "P",
    "ShortName": "BIST DIJON MOSTERD 250G",
    "IsNew": false,
    "EcoscoreLabel": "B",
    "RecentQuanityOfStockUnits": "1,12",
    "LongName": "BISTER dijon mosterd 250g",
    "FicCode": "E",
    "EcoscoreValue": "66"
  },
  {
    "productId": "539738",
    "technicalArticleNumber": "4137547",
    "commercialArticleNumber": "9644",
    "name": "al dente penne rigate",
    "description": "*100% harde tarwe\n*Al dente beet\n*Eiwit : 13,5g/100g\n*Kooktijd : 9 min",
    "brand": "SOUBRY",
    "seoBrand": "Soubry",
    "thumbNail": "https://static.colruytgroup.com/images/200x200/std.lang.all/44/71/asset-1914471.jpg",
    "fullImage": "https://static.colruytgroup.com/images/500x500/std.lang.all/44/71/asset-1914471.jpg",
    "squareImage": "https://static.colruytgroup.com/images/500x500sq/std.lang.all/44/71/asset-1914471.jpg",
    "content": "375g",
    "walkRouteSequenceNumber": 8285,
    "price": {
      "basicPrice": 1.49,
      "recommendedQuantity": "4.0",
      "measurementUnitPrice": 3.98,
      "measurementUnit": "K",
      "isRedPrice": false,
      "pricePerUOM": 3.98,
      "activationDate": "17-01-2024",
      "recordSource": "Offline",
      "isPromoActive": "N",
      "priceChangeCode": "H"
    },
    "isAvailable": true,
    "isPriceAvailable": true,
    "inPromo": false,
    "gtin": [
      "65410028170666",
      "75410028171660",
      "05410028170664",
      "05410028171661"
    ],
    "topCategoryName": "Kruidenierswaren/Droge voeding",
    "topCategoryId": "233",
    "businessDomain": "RETAIL_BE",
    "IsPrivateLabel": false,
    "IsBiffe": false,
    "WeightconversionFactor": "0",
    "IsWeightArticle": false,
    "nutriscoreLabel": "A",
    "IsBio": false,
    "CountryOfOrigin": "BELGIË",
    "IsExclusivelySoldInLuxembourg": false,
    "OrderUnit": "P",
    "ShortName": "SOUB AL DEN.PENNE RI375",
    "IsNew": false,
    "EcoscoreLabel": "A",
    "RecentQuanityOfStockUnits": "4,1",
    "LongName": "SOUBRY al dente penne rigate 375g",
    "FicCode": "E",
    "EcoscoreValue": "97"
  },
  {
    "productId": "53885",
    "technicalArticleNumber": "2255277",
    "commercialArticleNumber": "7814",
    "name": "mayo light citroen",
    "description": "*50% minder vet",
    "brand": "DEVOS LEMMENS",
    "seoBrand": "Devos Lemmens",
    "thumbNail": "https://static.colruytgroup.com/images/200x200/std.lang.all/86/41/asset-1228641.jpg",
    "fullImage": "https://static.colruytgroup.com/images/500x500/std.lang.all/86/41/asset-1228641.jpg",
    "squareImage": "https://static.colruytgroup.com/images/500x500sq/std.lang.all/86/41/asset-1228641.jpg",
    "content": "550ml",
    "walkRouteSequenceNumber": 8082,
    "price": {
      "basicPrice": 3.99,
      "recommendedQuantity": "1.0",
      "measurementUnitPrice": 7.26,
      "measurementUnit": "L",
      "isRedPrice": false,
      "pricePerUOM": 7.26,
      "activationDate": "07-02-2024",
      "recordSource": "Offline",
      "isPromoActive": "N",
      "priceChangeCode": "H"
    },
    "isAvailable": true,
    "isPriceAvailable": true,
    "inPromo": false,
    "gtin": [
      "05410056798236",
      "05410056198234"
    ],
    "topCategoryName": "Kruidenierswaren/Droge voeding",
    "topCategoryId": "233",
    "businessDomain": "RETAIL_BE",
    "IsPrivateLabel": false,
    "IsBiffe": false,
    "WeightconversionFactor": "0",
    "IsWeightArticle": false,
    "nutriscoreLabel": "D",
    "IsBio": false,
    "CountryOfOrigin": "BELGIË",
    "IsExclusivelySoldInLuxembourg": false,
    "OrderUnit": "P",
    "ShortName": "DVL MAYO LIGHT CITR.550",
    "IsNew": false,
    "EcoscoreLabel": "C",
    "RecentQuanityOfStockUnits": "1",
    "LongName": "DEVOS LEMMENS mayo light citroen 550ml",
    "AlcoholVolume": "0",
    "FicCode": "E",
    "EcoscoreValue": "55"
  },
  {
    "productId": "56220",
    "technicalArticleNumber": "2479233",
    "commercialArticleNumber": "39165",
    "name": "bouillon kip vetarm",
    "description": "*Vetarme\nkippenbouillon in\nblokjes",
    "brand": "LIEBIG",
    "seoBrand": "Liebig",
    "thumbNail": "https://static.colruytgroup.com/images/200x200/std.lang.all/68/64/asset-3036864.jpg",
    "fullImage": "https://static.colruytgroup.com/images/500x500/std.lang.all/68/64/asset-3036864.jpg",
    "squareImage": "https://static.colruytgroup.com/images/500x500sq/std.lang.all/68/64/asset-3036864.jpg",
    "content": "14st",
    "walkRouteSequenceNumber": 6550,
    "price": {
      "basicPrice": 2.95,
      "recommendedQuantity": "3.0",
      "measurementUnitPrice": 21.08,
      "measurementUnit": "K",
      "isRedPrice": false,
      "pricePerUOM": 21.08,
      "activationDate": "20-03-2024",
      "recordSource": "Offline",
      "isPromoActive": "N",
      "priceChangeCode": "H"
    },
    "isAvailable": true,
    "isPriceAvailable": true,
    "inPromo": false,
    "gtin": [
      "05400141000788",
      "05414972702728",
      "05414972102726"
    ],
    "topCategoryName": "Kruidenierswaren/Droge voeding",
    "topCategoryId": "233",
    "businessDomain": "RETAIL_BE",
    "IsPrivateLabel": false,
    "IsBiffe": false,
    "WeightconversionFactor": "0",
    "IsWeightArticle": false,
    "nutriscoreLabel": "C",
    "IsBio": false,
    "CountryOfOrigin": "DUITSLAND",
    "IsExclusivelySoldInLuxembourg": false,
    "OrderUnit": "P",
    "ShortName": "LIEB VETARM KIP 14TABS",
    "IsNew": false,
    "EcoscoreLabel": "B",
    "RecentQuanityOfStockUnits": "1,3",
    "LongName": "LIEBIG bouillon kip vetarm 14st",
    "AlcoholVolume": "0",
    "FicCode": "E",
    "EcoscoreValue": "79"
  },
  {
    "productId": "97386",
    "technicalArticleNumber": "2865297",
    "commercialArticleNumber": "32015",
    "name": "saus barbecue",
    "brand": "MANNA",
    "seoBrand": "Manna",
    "thumbNail": "https://static.colruytgroup.com/images/200x200/std.lang.all/27/08/asset-352708.jpg",
    "fullImage": "https://static.colruytgroup.com/images/500x500/std.lang.all/27/08/asset-352708.jpg",
    "squareImage": "https://static.colruytgroup.com/images/500x500sq/std.lang.all/27/08/asset-352708.jpg",
    "content": "340g",
    "walkRouteSequenceNumber": 8183,
    "price": {
      "basicPrice": 3.3,
      "recommendedQuantity": "1.0",
      "measurementUnitPrice": 9.71,
      "measurementUnit": "K",
      "isRedPrice": false,
      "pricePerUOM": 9.71,
      "activationDate": "19-03-2024",
      "isPromoActive": "N",
      "priceChangeCode": "H"
    },
    "isAvailable": true,
    "isPriceAvailable": true,
    "inPromo": false,
    "gtin": [
      "05412723230308",
      "05412723020015"
    ],
    "topCategoryName": "Kruidenierswaren/Droge voeding",
    "topCategoryId": "233",
    "businessDomain": "RETAIL_BE",
    "IsPrivateLabel": false,
    "IsBiffe": false,
    "WeightconversionFactor": "0",
    "IsWeightArticle": false,
    "nutriscoreLabel": "D",
    "IsBio": false,
    "CountryOfOrigin": "BELGIË",
    "IsExclusivelySoldInLuxembourg": false,
    "OrderUnit": "P",
    "ShortName": "RE MANNA BARBEQUE 340GR",
    "IsNew": false,
    "EcoscoreLabel": "A",
    "RecentQuanityOfStockUnits": "1,12",
    "LongName": "MANNA saus barbecue 340g",
    "AlcoholVolume": "0",
    "FicCode": "E",
    "EcoscoreValue": "82"
  },
  {
    "productId": "534322",
    "technicalArticleNumber": "4128904",
    "commercialArticleNumber": "9420",
    "name": "Hummus paprika chili",
    "brand": "BONI",
    "seoBrand": "Boni Selection",
    "thumbNail": "https://static.colruytgroup.com/images/200x200/std.lang.all/85/18/asset-2508518.jpg",
    "fullImage": "https://static.colruytgroup.com/images/500x500/std.lang.all/85/18/asset-2508518.jpg",
    "squareImage": "https://static.colruytgroup.com/images/500x500sq/std.lang.all/85/18/asset-2508518.jpg",
    "content": "150g",
    "walkRouteSequenceNumber": 7770,
    "price": {
      "basicPrice": 2.69,
      "recommendedQuantity": "1.0",
      "quantityPrice": 2.47,
      "quantityPriceQuantity": "3.0",
      "measurementUnitPrice": 17.94,
      "measurementUnitQuantityPrice": 16.47,
      "measurementUnit": "K",
      "isRedPrice": false,
      "pricePerUOM": 17.94,
      "activationDate": "28-11-2023",
      "isPromoActive": "N",
      "priceChangeCode": "H",
      "quantityPricePerUOM": 16.47,
      "quantityActivationDate": "28-11-2023",
      "quantityPriceChangeCode": "H"
    },
    "isAvailable": true,
    "isPriceAvailable": true,
    "inPromo": false,
    "gtin": [
      "15400141301714",
      "05400141301717",
      "05400141347098",
      "05400141438550"
    ],
    "topCategoryName": "Chips/Borrelhapjes",
    "topCategoryId": "306",
    "businessDomain": "RETAIL_BE",
    "IsPrivateLabel": true,
    "IsBiffe": false,
    "WeightconversionFactor": "0",
    "IsWeightArticle": false,
    "nutriscoreLabel": "C",
    "IsBio": false,
    "CountryOfOrigin": "BELGIË",
    "IsExclusivelySoldInLuxembourg": false,
    "OrderUnit": "P",
    "ShortName": "BONI HUM.PAPR.CHILI150G",
    "IsNew": false,
    "EcoscoreLabel": "B",
    "RecentQuanityOfStockUnits": "1",
    "LongName": "BONI Hummus paprika chili 150g",
    "FicCode": "I",
    "EcoscoreValue": "77"
  },
  {
    "productId": "10561",
    "technicalArticleNumber": "1395986",
    "commercialArticleNumber": "14026",
    "name": "pud.powder choc.gv lv",
    "description": "Kookpudding. Koud of warm opdienen.\nChocoladesmaak.",
    "brand": "IMPERIAL",
    "seoBrand": "Imperial",
    "thumbNail": "https://static.colruytgroup.com/images/200x200/std.lang.all/20/47/asset-1392047.jpg",
    "fullImage": "https://static.colruytgroup.com/images/500x500/std.lang.all/20/47/asset-1392047.jpg",
    "squareImage": "https://static.colruytgroup.com/images/500x500sq/std.lang.all/20/47/asset-1392047.jpg",
    "content": "6x50g",
    "walkRouteSequenceNumber": 9575,
    "price": {
      "basicPrice": 2.54,
      "recommendedQuantity": "1.0",
      "measurementUnitPrice": 8.47,
      "measurementUnit": "K",
      "isRedPrice": false,
      "pricePerUOM": 8.47,
      "activationDate": "20-03-2024",
      "recordSource": "Offline",
      "isPromoActive": "N",
      "priceChangeCode": "L"
    },
    "isAvailable": true,
    "isPriceAvailable": true,
    "inPromo": false,
    "gtin": [
      "05414972705484",
      "05414972105482"
    ],
    "topCategoryName": "Kruidenierswaren/Droge voeding",
    "topCategoryId": "233",
    "businessDomain": "RETAIL_BE",
    "IsPrivateLabel": false,
    "IsBiffe": false,
    "WeightconversionFactor": "0",
    "IsWeightArticle": false,
    "nutriscoreLabel": "C",
    "IsBio": false,
    "CountryOfOrigin": "BELGIË",
    "IsExclusivelySoldInLuxembourg": false,
    "OrderUnit": "P",
    "ShortName": "IMP PUDDING CHOCO 6X50G",
    "IsNew": false,
    "RecentQuanityOfStockUnits": "1",
    "LongName": "IMPERIAL pud.powder choc.gv lv 6x50g",
    "AlcoholVolume": "0",
    "FicCode": "E"
  },
  {
    "productId": "110663",
    "technicalArticleNumber": "3120074",
    "commercialArticleNumber": "43821",
    "name": "saus dressing top-down",
    "brand": "BICKY",
    "seoBrand": "Bicky",
    "thumbNail": "https://static.colruytgroup.com/images/200x200/std.lang.all/71/32/asset-1467132.jpg",
    "fullImage": "https://static.colruytgroup.com/images/500x500/std.lang.all/71/32/asset-1467132.jpg",
    "squareImage": "https://static.colruytgroup.com/images/500x500sq/std.lang.all/71/32/asset-1467132.jpg",
    "content": "350ml",
    "walkRouteSequenceNumber": 8142,
    "price": {
      "basicPrice": 5.29,
      "recommendedQuantity": "1.0",
      "measurementUnitPrice": 15.12,
      "measurementUnit": "L",
      "isRedPrice": false,
      "pricePerUOM": 15.12,
      "activationDate": "07-02-2024",
      "recordSource": "Offline",
      "isPromoActive": "N",
      "priceChangeCode": "H"
    },
    "isAvailable": true,
    "isPriceAvailable": true,
    "inPromo": false,
    "gtin": [
      "08710555147625",
      "08710555476206"
    ],
    "topCategoryName": "Kruidenierswaren/Droge voeding",
    "topCategoryId": "233",
    "businessDomain": "RETAIL_BE",
    "IsPrivateLabel": false,
    "IsBiffe": false,
    "WeightconversionFactor": "0",
    "IsWeightArticle": false,
    "nutriscoreLabel": "C",
    "IsBio": false,
    "CountryOfOrigin": "ITALIË",
    "IsExclusivelySoldInLuxembourg": false,
    "OrderUnit": "P",
    "ShortName": "BICKY HAMB DRESS 350ML",
    "IsNew": false,
    "EcoscoreLabel": "D",
    "RecentQuanityOfStockUnits": "1",
    "LongName": "BICKY saus dressing top-down 350ml",
    "AlcoholVolume": "0",
    "FicCode": "E",
    "EcoscoreValue": "34"
  },
  {
    "productId": "366828",
    "technicalArticleNumber": "3790126",
    "commercialArticleNumber": "19024",
    "name": "samourai saus",
    "brand": "HALWA",
    "seoBrand": "Halwa",
    "thumbNail": "https://static.colruytgroup.com/images/200x200/std.lang.all/50/47/asset-1405047.jpg",
    "fullImage": "https://static.colruytgroup.com/images/500x500/std.lang.all/50/47/asset-1405047.jpg",
    "squareImage": "https://static.colruytgroup.com/images/500x500sq/std.lang.all/50/47/asset-1405047.jpg",
    "content": "500ml",
    "walkRouteSequenceNumber": 8175,
    "price": {
      "basicPrice": 2.99,
      "recommendedQuantity": "1.0",
      "measurementUnitPrice": 5.98,
      "measurementUnit": "L",
      "isRedPrice": false,
      "pricePerUOM": 5.98,
      "activationDate": "30-11-2023",
      "isPromoActive": "N",
      "priceChangeCode": "H"
    },
    "isAvailable": true,
    "isPriceAvailable": true,
    "inPromo": false,
    "gtin": [
      "05420058009674",
      "05420058009667"
    ],
    "topCategoryName": "Kruidenierswaren/Droge voeding",
    "topCategoryId": "233",
    "businessDomain": "RETAIL_BE",
    "IsPrivateLabel": false,
    "IsBiffe": false,
    "WeightconversionFactor": "0",
    "IsWeightArticle": false,
    "nutriscoreLabel": "D",
    "IsBio": false,
    "CountryOfOrigin": "BELGIË",
    "IsExclusivelySoldInLuxembourg": false,
    "OrderUnit": "P",
    "ShortName": "HALW SAMOURAI SAUS 500",
    "IsNew": false,
    "EcoscoreLabel": "D",
    "RecentQuanityOfStockUnits": "1,12",
    "LongName": "HALWA samourai saus 500ml",
    "AlcoholVolume": "0",
    "FicCode": "E",
    "EcoscoreValue": "34"
  },
  {
    "productId": "311007",
    "technicalArticleNumber": "3737272",
    "commercialArticleNumber": "51139",
    "name": "bloem patisserie volkoren",
    "description": "*100% Volkoren\n*Rijk aan vezels\n*Voor alle\npatisserie\n*Zonder bewaarmiddel",
    "brand": "ANCO",
    "seoBrand": "Anco",
    "thumbNail": "https://static.colruytgroup.com/images/200x200/nl_be/45/43/asset-1364543.jpg",
    "fullImage": "https://static.colruytgroup.com/images/500x500/nl_be/45/43/asset-1364543.jpg",
    "squareImage": "https://static.colruytgroup.com/images/500x500sq/nl_be/45/43/asset-1364543.jpg",
    "content": "1kg",
    "walkRouteSequenceNumber": 9459,
    "price": {
      "basicPrice": 2.25,
      "recommendedQuantity": "1.0",
      "measurementUnitPrice": 2.25,
      "measurementUnit": "K",
      "isRedPrice": false,
      "pricePerUOM": 2.25,
      "activationDate": "15-03-2024",
      "recordSource": "Offline",
      "isPromoActive": "N",
      "priceChangeCode": "E"
    },
    "isAvailable": true,
    "isPriceAvailable": true,
    "inPromo": true,
    "promotion": [
      {
        "techPromoId": "100913COLR",
        "promotionId": "100913",
        "promotionType": "3",
        "isPersonalized": "N",
        "publicationStartDate": "13-03-2024",
        "publicationEndDate": "26-03-2024"
      }
    ],
    "gtin": [
      "05410028809403",
      "35410028809404"
    ],
    "topCategoryName": "Kruidenierswaren/Droge voeding",
    "topCategoryId": "233",
    "businessDomain": "RETAIL_BE",
    "IsPrivateLabel": false,
    "IsBiffe": false,
    "WeightconversionFactor": "0",
    "IsWeightArticle": false,
    "nutriscoreLabel": "A",
    "IsBio": false,
    "CountryOfOrigin": "BELGIË",
    "IsExclusivelySoldInLuxembourg": false,
    "OrderUnit": "P",
    "ShortName": "ANCO PAT.BLOEM VOLK.1KG",
    "IsNew": false,
    "EcoscoreLabel": "A",
    "RecentQuanityOfStockUnits": "6,1",
    "LongName": "ANCO bloem patisserie volkoren 1kg",
    "AlcoholVolume": "0",
    "FicCode": "E",
    "EcoscoreValue": "100"
  },
  {
    "productId": "54195",
    "technicalArticleNumber": "2455725",
    "commercialArticleNumber": "37261",
    "name": "bouillon kip vetarm",
    "description": "*Vetarme\nkippenbouillon\nin blokjes",
    "brand": "LIEBIG",
    "seoBrand": "Liebig",
    "thumbNail": "https://static.colruytgroup.com/images/200x200/std.lang.all/36/87/asset-3353687.jpg",
    "fullImage": "https://static.colruytgroup.com/images/500x500/std.lang.all/36/87/asset-3353687.jpg",
    "squareImage": "https://static.colruytgroup.com/images/500x500sq/std.lang.all/36/87/asset-3353687.jpg",
    "content": "72st",
    "walkRouteSequenceNumber": 6533,
    "price": {
      "basicPrice": 11.74,
      "recommendedQuantity": "1.0",
      "measurementUnitPrice": 16.31,
      "measurementUnit": "K",
      "isRedPrice": false,
      "pricePerUOM": 16.31,
      "activationDate": "20-03-2024",
      "isPromoActive": "N",
      "priceChangeCode": "H"
    },
    "isAvailable": true,
    "isPriceAvailable": true,
    "inPromo": false,
    "gtin": [
      "05414972102450",
      "05414972702452"
    ],
    "topCategoryName": "Kruidenierswaren/Droge voeding",
    "topCategoryId": "233",
    "businessDomain": "RETAIL_BE",
    "IsPrivateLabel": false,
    "IsBiffe": false,
    "WeightconversionFactor": "0",
    "IsWeightArticle": false,
    "nutriscoreLabel": "C",
    "IsBio": false,
    "CountryOfOrigin": "DUITSLAND",
    "IsExclusivelySoldInLuxembourg": false,
    "OrderUnit": "P",
    "ShortName": "LIEB.KIPB.VETA.72TAB",
    "IsNew": false,
    "EcoscoreLabel": "B",
    "RecentQuanityOfStockUnits": "1",
    "LongName": "LIEBIG bouillon kip vetarm 72st",
    "AlcoholVolume": "0",
    "FicCode": "E",
    "EcoscoreValue": "79"
  },
  {
    "productId": "568247",
    "technicalArticleNumber": "4211779",
    "commercialArticleNumber": "16447",
    "name": "meerzaden beschuit",
    "brand": "BONI",
    "seoBrand": "Boni Selection",
    "thumbNail": "https://static.colruytgroup.com/images/200x200/std.lang.all/28/30/asset-3352830.jpg",
    "fullImage": "https://static.colruytgroup.com/images/500x500/std.lang.all/28/30/asset-3352830.jpg",
    "squareImage": "https://static.colruytgroup.com/images/500x500sq/std.lang.all/28/30/asset-3352830.jpg",
    "content": "230g",
    "walkRouteSequenceNumber": 17009,
    "price": {
      "basicPrice": 2.69,
      "recommendedQuantity": "1.0",
      "measurementUnitPrice": 11.7,
      "measurementUnit": "K",
      "isRedPrice": false,
      "pricePerUOM": 11.7,
      "activationDate": "25-05-2023",
      "recordSource": "Offline",
      "isPromoActive": "N",
      "priceChangeCode": "H"
    },
    "isAvailable": true,
    "isPriceAvailable": true,
    "inPromo": false,
    "gtin": [
      "05400141929119",
      "05400141348958",
      "15400141348955"
    ],
    "topCategoryName": "Brood/Ontbijt",
    "topCategoryId": "124",
    "businessDomain": "RETAIL_BE",
    "IsPrivateLabel": true,
    "IsBiffe": false,
    "WeightconversionFactor": "0",
    "IsWeightArticle": false,
    "nutriscoreLabel": "C",
    "IsBio": false,
    "CountryOfOrigin": "NEDERLAND",
    "IsExclusivelySoldInLuxembourg": false,
    "OrderUnit": "P",
    "ShortName": "BONI MEERZ.BESCHUIT230",
    "IsNew": false,
    "EcoscoreLabel": "A",
    "RecentQuanityOfStockUnits": "1,9",
    "LongName": "BONI meerzaden beschuit 230g",
    "FicCode": "I",
    "EcoscoreValue": "92"
  },
  {
    "productId": "514487",
    "technicalArticleNumber": "4095056",
    "commercialArticleNumber": "8265",
    "name": "FInesse groenten25% m.zout",
    "description": "*Bouillonblokjes\n*Groentensmaak\n*Kruiden\n*Laag in zout\n*Aromatisch kruid",
    "brand": "KNORR",
    "seoBrand": "Knorr",
    "thumbNail": "https://static.colruytgroup.com/images/200x200/std.lang.all/54/22/asset-2795422.jpg",
    "fullImage": "https://static.colruytgroup.com/images/500x500/std.lang.all/54/22/asset-2795422.jpg",
    "squareImage": "https://static.colruytgroup.com/images/500x500sq/std.lang.all/54/22/asset-2795422.jpg",
    "content": "12st",
    "walkRouteSequenceNumber": 6543,
    "price": {
      "basicPrice": 2.68,
      "recommendedQuantity": "2.0",
      "measurementUnitPrice": 24.59,
      "measurementUnit": "K",
      "isRedPrice": false,
      "pricePerUOM": 24.59,
      "activationDate": "13-03-2024",
      "recordSource": "Offline",
      "isPromoActive": "N",
      "priceChangeCode": "H"
    },
    "isAvailable": true,
    "isPriceAvailable": true,
    "inPromo": false,
    "gtin": [
      "55400141277482",
      "08714100838174",
      "08714100838136"
    ],
    "topCategoryName": "Kruidenierswaren/Droge voeding",
    "topCategoryId": "233",
    "businessDomain": "RETAIL_BE",
    "IsPrivateLabel": false,
    "IsBiffe": false,
    "WeightconversionFactor": "0",
    "IsWeightArticle": false,
    "nutriscoreLabel": "B",
    "IsBio": false,
    "CountryOfOrigin": "HONGARIJE",
    "IsExclusivelySoldInLuxembourg": false,
    "OrderUnit": "P",
    "ShortName": "KNOR FIN.GR25%M.ZOUT12T",
    "IsNew": false,
    "EcoscoreLabel": "B",
    "RecentQuanityOfStockUnits": "1,2",
    "LongName": "KNORR FInesse groenten25% m.zout 12st",
    "FicCode": "E",
    "EcoscoreValue": "79"
  },
  {
    "productId": "22",
    "technicalArticleNumber": "14880",
    "commercialArticleNumber": "14880",
    "name": "zetmeel aardappel",
    "description": "*Fijn bindmiddel\n*Voor sauzen en\nsoepen\n*Zonder bewaarmiddel",
    "brand": "ANCO",
    "seoBrand": "Anco",
    "thumbNail": "https://static.colruytgroup.com/images/200x200/std.lang.all/71/14/asset-857114.jpg",
    "fullImage": "https://static.colruytgroup.com/images/500x500/std.lang.all/71/14/asset-857114.jpg",
    "squareImage": "https://static.colruytgroup.com/images/500x500sq/std.lang.all/71/14/asset-857114.jpg",
    "content": "200g",
    "walkRouteSequenceNumber": 9706,
    "price": {
      "basicPrice": 1.85,
      "recommendedQuantity": "1.0",
      "measurementUnitPrice": 9.25,
      "measurementUnit": "K",
      "isRedPrice": false,
      "pricePerUOM": 9.25,
      "activationDate": "14-11-2023",
      "recordSource": "Offline",
      "isPromoActive": "N",
      "priceChangeCode": "E"
    },
    "isAvailable": true,
    "isPriceAvailable": true,
    "inPromo": false,
    "gtin": [
      "05410028637945",
      "15410028637942",
      "05410018637986",
      "05410018104693"
    ],
    "topCategoryName": "Kruidenierswaren/Droge voeding",
    "topCategoryId": "233",
    "businessDomain": "RETAIL_BE",
    "IsPrivateLabel": false,
    "IsBiffe": false,
    "WeightconversionFactor": "0",
    "IsWeightArticle": false,
    "nutriscoreLabel": "C",
    "IsBio": false,
    "CountryOfOrigin": "BELGIË",
    "IsExclusivelySoldInLuxembourg": false,
    "OrderUnit": "P",
    "ShortName": "ANCO AARDAP.ZETMEEL200G",
    "IsNew": false,
    "EcoscoreLabel": "A",
    "RecentQuanityOfStockUnits": "1,1",
    "LongName": "ANCO zetmeel aardappel 200g",
    "AlcoholVolume": "0",
    "FicCode": "E",
    "EcoscoreValue": "100"
  },
  {
    "productId": "25246",
    "technicalArticleNumber": "1900290",
    "commercialArticleNumber": "13420",
    "name": "dressing light",
    "brand": "BONI",
    "seoBrand": "Boni Selection",
    "thumbNail": "https://static.colruytgroup.com/images/200x200/std.lang.all/64/05/asset-2376405.jpg",
    "fullImage": "https://static.colruytgroup.com/images/500x500/std.lang.all/64/05/asset-2376405.jpg",
    "squareImage": "https://static.colruytgroup.com/images/500x500sq/std.lang.all/64/05/asset-2376405.jpg",
    "content": "500ml",
    "walkRouteSequenceNumber": 8068,
    "price": {
      "basicPrice": 1.75,
      "recommendedQuantity": "1.0",
      "measurementUnitPrice": 3.5,
      "measurementUnit": "L",
      "isRedPrice": false,
      "pricePerUOM": 3.5,
      "activationDate": "20-03-2024",
      "recordSource": "Folder",
      "isPromoActive": "N",
      "priceChangeCode": "L"
    },
    "isAvailable": true,
    "isPriceAvailable": true,
    "inPromo": false,
    "gtin": [
      "15400141359739",
      "05400141359732",
      "05400141334203",
      "05400141097313",
      "05400141896909",
      "15400141896906"
    ],
    "topCategoryName": "Kruidenierswaren/Droge voeding",
    "topCategoryId": "233",
    "businessDomain": "RETAIL_BE",
    "IsPrivateLabel": true,
    "IsBiffe": false,
    "WeightconversionFactor": "0",
    "IsWeightArticle": false,
    "nutriscoreLabel": "D",
    "IsBio": false,
    "CountryOfOrigin": "BELGIË",
    "IsExclusivelySoldInLuxembourg": false,
    "OrderUnit": "P",
    "ShortName": "BONI DRESSING LIGHT 500",
    "InSeason": true,
    "IsNew": false,
    "EcoscoreLabel": "C",
    "RecentQuanityOfStockUnits": "1",
    "LongName": "BONI dressing light 500ml",
    "AlcoholVolume": "0",
    "StartSeasonDate": "20/11/2019",
    "FicCode": "I",
    "EcoscoreValue": "47"
  },
  {
    "productId": "162",
    "technicalArticleNumber": "15109",
    "commercialArticleNumber": "15109",
    "name": "Tartinettes fondantchocolade",
    "description": "*Rijstwafel,\nvierkant, met pure\nchocolade",
    "brand": "BOSTO",
    "seoBrand": "Bosto",
    "thumbNail": "https://static.colruytgroup.com/images/200x200/std.lang.all/00/42/asset-2620042.jpg",
    "fullImage": "https://static.colruytgroup.com/images/500x500/std.lang.all/00/42/asset-2620042.jpg",
    "squareImage": "https://static.colruytgroup.com/images/500x500sq/std.lang.all/00/42/asset-2620042.jpg",
    "content": "90g",
    "walkRouteSequenceNumber": 17123,
    "price": {
      "basicPrice": 2.35,
      "recommendedQuantity": "2.0",
      "measurementUnitPrice": 26.12,
      "measurementUnit": "K",
      "isRedPrice": false,
      "pricePerUOM": 26.12,
      "activationDate": "20-03-2024",
      "recordSource": "Offline",
      "isPromoActive": "N",
      "priceChangeCode": "H"
    },
    "isAvailable": true,
    "isPriceAvailable": true,
    "inPromo": false,
    "gtin": [
      "05400141148459",
      "05410106095483",
      "15410106095480"
    ],
    "topCategoryName": "Brood/Ontbijt",
    "topCategoryId": "124",
    "businessDomain": "RETAIL_BE",
    "IsPrivateLabel": false,
    "IsBiffe": false,
    "WeightconversionFactor": "0",
    "IsWeightArticle": false,
    "nutriscoreLabel": "D",
    "IsBio": false,
    "CountryOfOrigin": "BELGIË",
    "IsExclusivelySoldInLuxembourg": false,
    "OrderUnit": "P",
    "ShortName": "BOST.TARTINET.PUUR 90GR",
    "InSeason": true,
    "IsNew": false,
    "EcoscoreLabel": "C",
    "RecentQuanityOfStockUnits": "2,1",
    "LongName": "BOSTO Tartinettes fondantchocolade 90g",
    "AlcoholVolume": "0",
    "StartSeasonDate": "18/07/2000",
    "FicCode": "E",
    "EcoscoreValue": "57"
  },
  {
    "productId": "864653",
    "technicalArticleNumber": "4716507",
    "commercialArticleNumber": "1019",
    "name": "demae ramen rundsvlees",
    "brand": "NISSIN",
    "seoBrand": "Nissin",
    "thumbNail": "https://static.colruytgroup.com/images/200x200/std.lang.all/02/20/asset-3180220.jpg",
    "fullImage": "https://static.colruytgroup.com/images/500x500/std.lang.all/02/20/asset-3180220.jpg",
    "squareImage": "https://static.colruytgroup.com/images/500x500sq/std.lang.all/02/20/asset-3180220.jpg",
    "content": "100g",
    "walkRouteSequenceNumber": 16983,
    "price": {
      "basicPrice": 1.49,
      "recommendedQuantity": "1.0",
      "measurementUnitPrice": 14.9,
      "measurementUnit": "K",
      "isRedPrice": false,
      "pricePerUOM": 14.9,
      "activationDate": "23-03-2024",
      "recordSource": "Offline",
      "isPromoActive": "N",
      "priceChangeCode": "H"
    },
    "isAvailable": true,
    "isPriceAvailable": true,
    "inPromo": false,
    "gtin": [
      "08712429350223",
      "08712429350209"
    ],
    "topCategoryName": "Kruidenierswaren/Droge voeding",
    "topCategoryId": "233",
    "businessDomain": "RETAIL_BE",
    "IsPrivateLabel": false,
    "IsBiffe": false,
    "WeightconversionFactor": "0",
    "IsWeightArticle": false,
    "IsBio": false,
    "CountryOfOrigin": "HONGARIJE",
    "IsExclusivelySoldInLuxembourg": false,
    "OrderUnit": "P",
    "ShortName": "NISS DEMA.RAMEN RUND100",
    "IsNew": false,
    "EcoscoreLabel": "B",
    "RecentQuanityOfStockUnits": "1,10",
    "LongName": "NISSIN demae ramen rundsvlees 100g",
    "FicCode": "E",
    "EcoscoreValue": "62"
  },
  {
    "productId": "544441",
    "technicalArticleNumber": "4170581",
    "commercialArticleNumber": "9866",
    "name": "Finesse bouillon tuinkruiden",
    "description": "*Bouillonblokjes\n*Kruidensmaak\n*Makkelijk doseren\n*Laag in zout\n*Aromatisch kruid",
    "brand": "KNORR",
    "seoBrand": "Knorr",
    "thumbNail": "https://static.colruytgroup.com/images/200x200/std.lang.all/53/65/asset-2795365.jpg",
    "fullImage": "https://static.colruytgroup.com/images/500x500/std.lang.all/53/65/asset-2795365.jpg",
    "squareImage": "https://static.colruytgroup.com/images/500x500sq/std.lang.all/53/65/asset-2795365.jpg",
    "content": "12st",
    "walkRouteSequenceNumber": 6539,
    "price": {
      "basicPrice": 2.93,
      "recommendedQuantity": "3.0",
      "measurementUnitPrice": 22.2,
      "measurementUnit": "K",
      "isRedPrice": false,
      "pricePerUOM": 22.2,
      "activationDate": "16-02-2024",
      "recordSource": "Offline",
      "isPromoActive": "N",
      "priceChangeCode": "L"
    },
    "isAvailable": true,
    "isPriceAvailable": true,
    "inPromo": false,
    "gtin": [
      "08717163828991",
      "35400141312509",
      "08717163828977"
    ],
    "topCategoryName": "Kruidenierswaren/Droge voeding",
    "topCategoryId": "233",
    "businessDomain": "RETAIL_BE",
    "IsPrivateLabel": false,
    "IsBiffe": false,
    "WeightconversionFactor": "0",
    "IsWeightArticle": false,
    "nutriscoreLabel": "D",
    "IsBio": false,
    "CountryOfOrigin": "HONGARIJE",
    "IsExclusivelySoldInLuxembourg": false,
    "OrderUnit": "P",
    "ShortName": "KN FINES TUINKR.12 TAB",
    "IsNew": false,
    "EcoscoreLabel": "B",
    "RecentQuanityOfStockUnits": "3,1",
    "LongName": "KNORR Finesse bouillon tuinkruiden 12st",
    "FicCode": "E",
    "EcoscoreValue": "79"
  },
  {
    "productId": "37894",
    "technicalArticleNumber": "1846265",
    "commercialArticleNumber": "14419",
    "name": "balsamicocrème",
    "description": "*Koude bereidingen,\nafwerking",
    "brand": "BORGO CASALE",
    "seoBrand": "Borgo Casale",
    "thumbNail": "https://static.colruytgroup.com/images/200x200/std.lang.all/27/75/asset-3172775.jpg",
    "fullImage": "https://static.colruytgroup.com/images/500x500/std.lang.all/27/75/asset-3172775.jpg",
    "squareImage": "https://static.colruytgroup.com/images/500x500sq/std.lang.all/27/75/asset-3172775.jpg",
    "content": "250ml",
    "walkRouteSequenceNumber": 9142,
    "price": {
      "basicPrice": 5.69,
      "recommendedQuantity": "1.0",
      "measurementUnitPrice": 22.76,
      "measurementUnit": "L",
      "isRedPrice": false,
      "pricePerUOM": 22.76,
      "activationDate": "12-01-2024",
      "isPromoActive": "N",
      "priceChangeCode": "H"
    },
    "isAvailable": true,
    "isPriceAvailable": true,
    "inPromo": false,
    "gtin": [
      "08005140005351",
      "08005140001742"
    ],
    "topCategoryName": "Kruidenierswaren/Droge voeding",
    "topCategoryId": "233",
    "businessDomain": "RETAIL_BE",
    "IsPrivateLabel": false,
    "IsBiffe": false,
    "WeightconversionFactor": "0",
    "IsWeightArticle": false,
    "nutriscoreLabel": "D",
    "IsBio": false,
    "CountryOfOrigin": "ITALIË",
    "IsExclusivelySoldInLuxembourg": false,
    "OrderUnit": "P",
    "ShortName": "BOCA BALSAMICOCREAM 250",
    "IsNew": false,
    "EcoscoreLabel": "B",
    "RecentQuanityOfStockUnits": "1,12",
    "LongName": "BORGO CASALE balsamicocrème 250ml",
    "AlcoholVolume": "0",
    "FicCode": "E",
    "EcoscoreValue": "79"
  },
  {
    "productId": "260951",
    "technicalArticleNumber": "3612619",
    "commercialArticleNumber": "18494",
    "name": "all in mix meergranen brood",
    "description": "*Multigranen\n*Mix voor brood",
    "brand": "BONI",
    "seoBrand": "Boni Selection",
    "thumbNail": "https://static.colruytgroup.com/images/200x200/std.lang.all/73/10/asset-1227310.jpg",
    "fullImage": "https://static.colruytgroup.com/images/500x500/std.lang.all/73/10/asset-1227310.jpg",
    "squareImage": "https://static.colruytgroup.com/images/500x500sq/std.lang.all/73/10/asset-1227310.jpg",
    "content": "500g",
    "walkRouteSequenceNumber": 9594,
    "price": {
      "basicPrice": 0.99,
      "recommendedQuantity": "1.0",
      "measurementUnitPrice": 1.98,
      "measurementUnit": "K",
      "isRedPrice": false,
      "pricePerUOM": 1.98,
      "activationDate": "19-03-2024",
      "recordSource": "Offline",
      "isPromoActive": "N",
      "priceChangeCode": "H"
    },
    "isAvailable": true,
    "isPriceAvailable": true,
    "inPromo": false,
    "gtin": [
      "05400141046250",
      "05400141333015",
      "15400141046257",
      "15400141333012",
      "05400141364552"
    ],
    "topCategoryName": "Kruidenierswaren/Droge voeding",
    "topCategoryId": "233",
    "businessDomain": "RETAIL_BE",
    "IsPrivateLabel": true,
    "IsBiffe": false,
    "WeightconversionFactor": "0",
    "IsWeightArticle": false,
    "nutriscoreLabel": "C",
    "IsBio": false,
    "CountryOfOrigin": "BELGIË",
    "IsExclusivelySoldInLuxembourg": false,
    "OrderUnit": "P",
    "ShortName": "BONI MIX M.GRA.BROOD500",
    "IsNew": false,
    "EcoscoreLabel": "A",
    "RecentQuanityOfStockUnits": "15,1",
    "LongName": "BONI all in mix meergranen brood 500g",
    "AlcoholVolume": "0",
    "FicCode": "I",
    "EcoscoreValue": "85"
  },
  {
    "productId": "29",
    "technicalArticleNumber": "14915",
    "commercialArticleNumber": "14915",
    "name": "gist instant",
    "description": "*Instantgist\n*11g instantgist =\n33g verse gist",
    "brand": "BRUGGEMAN",
    "seoBrand": "Bruggeman",
    "thumbNail": "https://static.colruytgroup.com/images/200x200/std.lang.all/70/23/asset-857023.jpg",
    "fullImage": "https://static.colruytgroup.com/images/500x500/std.lang.all/70/23/asset-857023.jpg",
    "squareImage": "https://static.colruytgroup.com/images/500x500sq/std.lang.all/70/23/asset-857023.jpg",
    "content": "500g",
    "walkRouteSequenceNumber": 9450,
    "price": {
      "basicPrice": 5.99,
      "recommendedQuantity": "1.0",
      "measurementUnitPrice": 11.98,
      "measurementUnit": "K",
      "isRedPrice": false,
      "pricePerUOM": 11.98,
      "activationDate": "20-02-2024",
      "recordSource": "Offline",
      "isPromoActive": "N",
      "priceChangeCode": "E"
    },
    "isAvailable": true,
    "isPriceAvailable": true,
    "inPromo": false,
    "gtin": [
      "05413066000016",
      "00000054061057"
    ],
    "topCategoryName": "Kruidenierswaren/Droge voeding",
    "topCategoryId": "233",
    "businessDomain": "RETAIL_BE",
    "IsPrivateLabel": false,
    "IsBiffe": false,
    "WeightconversionFactor": "0",
    "IsWeightArticle": false,
    "nutriscoreLabel": "A",
    "IsBio": false,
    "CountryOfOrigin": "BELGIË",
    "IsExclusivelySoldInLuxembourg": false,
    "OrderUnit": "P",
    "ShortName": "BRUGGEM 500G INST GIST",
    "IsNew": false,
    "EcoscoreLabel": "C",
    "RecentQuanityOfStockUnits": "1",
    "LongName": "BRUGGEMAN gist instant 500g",
    "AlcoholVolume": "0",
    "FicCode": "E",
    "EcoscoreValue": "41"
  },
  {
    "productId": "72",
    "technicalArticleNumber": "14162",
    "commercialArticleNumber": "14162",
    "name": "vanille suiker bourbon",
    "brand": "DR.OETKER",
    "seoBrand": "Dr.Oetker",
    "thumbNail": "https://static.colruytgroup.com/images/200x200/std.lang.all/85/77/asset-1118577.jpg",
    "fullImage": "https://static.colruytgroup.com/images/500x500/std.lang.all/85/77/asset-1118577.jpg",
    "squareImage": "https://static.colruytgroup.com/images/500x500sq/std.lang.all/85/77/asset-1118577.jpg",
    "content": "10st",
    "walkRouteSequenceNumber": 9437,
    "price": {
      "basicPrice": 4.92,
      "recommendedQuantity": "1.0",
      "measurementUnitPrice": 61.5,
      "measurementUnit": "K",
      "isRedPrice": false,
      "pricePerUOM": 61.5,
      "activationDate": "20-03-2024",
      "recordSource": "Folder",
      "isPromoActive": "N",
      "priceChangeCode": "L"
    },
    "isAvailable": true,
    "isPriceAvailable": true,
    "inPromo": false,
    "gtin": [
      "05410231102124",
      "05410231102001"
    ],
    "topCategoryName": "Kruidenierswaren/Droge voeding",
    "topCategoryId": "233",
    "businessDomain": "RETAIL_BE",
    "IsPrivateLabel": false,
    "IsBiffe": false,
    "WeightconversionFactor": "0",
    "IsWeightArticle": false,
    "nutriscoreLabel": "E",
    "IsBio": false,
    "CountryOfOrigin": "FRANKRIJK",
    "IsExclusivelySoldInLuxembourg": false,
    "OrderUnit": "P",
    "ShortName": "OETK VAN SUIK BOURB 10Z",
    "IsNew": false,
    "RecentQuanityOfStockUnits": "1",
    "LongName": "DR.OETKER vanille suiker bourbon 10st",
    "AlcoholVolume": "0",
    "FicCode": "E"
  },
  {
    "productId": "34222",
    "technicalArticleNumber": "1808377",
    "commercialArticleNumber": "13597",
    "name": "pastasaus bolognese",
    "description": "*20% varkens- en\nrundsvlees",
    "brand": "BONI",
    "seoBrand": "Boni Selection",
    "thumbNail": "https://static.colruytgroup.com/images/200x200/std.lang.all/09/79/asset-3360979.jpg",
    "fullImage": "https://static.colruytgroup.com/images/500x500/std.lang.all/09/79/asset-3360979.jpg",
    "squareImage": "https://static.colruytgroup.com/images/500x500sq/std.lang.all/09/79/asset-3360979.jpg",
    "content": "190g",
    "walkRouteSequenceNumber": 8390,
    "price": {
      "basicPrice": 0.78,
      "recommendedQuantity": "3.0",
      "measurementUnitPrice": 4.11,
      "measurementUnit": "K",
      "isRedPrice": false,
      "pricePerUOM": 4.11,
      "activationDate": "14-11-2023",
      "recordSource": "Offline",
      "isPromoActive": "N",
      "priceChangeCode": "E"
    },
    "isAvailable": true,
    "isPriceAvailable": true,
    "inPromo": false,
    "gtin": [
      "05400141535990",
      "25400141670190",
      "15400141670193",
      "05400141670196",
      "25400141354007",
      "15400141835714",
      "15400141535874",
      "15400141354000",
      "05400141406870",
      "05400141354003"
    ],
    "topCategoryName": "Kruidenierswaren/Droge voeding",
    "topCategoryId": "233",
    "businessDomain": "RETAIL_BE",
    "IsPrivateLabel": true,
    "IsBiffe": false,
    "WeightconversionFactor": "0",
    "IsWeightArticle": false,
    "nutriscoreLabel": "B",
    "IsBio": false,
    "CountryOfOrigin": "BELGIË",
    "IsExclusivelySoldInLuxembourg": false,
    "OrderUnit": "P",
    "ShortName": "BONI PASTASAUS BOLOG190",
    "InSeason": true,
    "IsNew": false,
    "EcoscoreLabel": "D",
    "RecentQuanityOfStockUnits": "3,1",
    "LongName": "BONI pastasaus bolognese 190g",
    "AlcoholVolume": "0",
    "StartSeasonDate": "12/10/2020",
    "FicCode": "I",
    "EcoscoreValue": "35"
  },
  {
    "productId": "47720",
    "technicalArticleNumber": "2501893",
    "commercialArticleNumber": "8059",
    "name": "saus curry",
    "brand": "DEVOS LEMMENS",
    "seoBrand": "Devos Lemmens",
    "thumbNail": "https://static.colruytgroup.com/images/200x200/std.lang.all/16/17/asset-1281617.jpg",
    "fullImage": "https://static.colruytgroup.com/images/500x500/std.lang.all/16/17/asset-1281617.jpg",
    "squareImage": "https://static.colruytgroup.com/images/500x500sq/std.lang.all/16/17/asset-1281617.jpg",
    "content": "300ml",
    "walkRouteSequenceNumber": 8134,
    "price": {
      "basicPrice": 1.99,
      "recommendedQuantity": "1.0",
      "measurementUnitPrice": 6.64,
      "measurementUnit": "L",
      "isRedPrice": false,
      "pricePerUOM": 6.64,
      "activationDate": "26-12-2023",
      "recordSource": "Offline",
      "isPromoActive": "N",
      "priceChangeCode": "E"
    },
    "isAvailable": true,
    "isPriceAvailable": true,
    "inPromo": false,
    "gtin": [
      "05410056781146",
      "05410056181144"
    ],
    "topCategoryName": "Kruidenierswaren/Droge voeding",
    "topCategoryId": "233",
    "businessDomain": "RETAIL_BE",
    "IsPrivateLabel": false,
    "IsBiffe": false,
    "WeightconversionFactor": "0",
    "IsWeightArticle": false,
    "nutriscoreLabel": "D",
    "IsBio": false,
    "CountryOfOrigin": "BELGIË",
    "IsExclusivelySoldInLuxembourg": false,
    "OrderUnit": "P",
    "ShortName": "RE DVL CURRY 300ML",
    "IsNew": false,
    "EcoscoreLabel": "B",
    "RecentQuanityOfStockUnits": "1,12",
    "LongName": "DEVOS LEMMENS saus curry 300ml",
    "AlcoholVolume": "0",
    "FicCode": "E",
    "EcoscoreValue": "76"
  },
  {
    "productId": "109",
    "technicalArticleNumber": "13607",
    "commercialArticleNumber": "13607",
    "name": "saus knoflook",
    "brand": "DEVOS LEMMENS",
    "seoBrand": "Devos Lemmens",
    "thumbNail": "https://static.colruytgroup.com/images/200x200/std.lang.all/98/39/asset-849839.jpg",
    "fullImage": "https://static.colruytgroup.com/images/500x500/std.lang.all/98/39/asset-849839.jpg",
    "squareImage": "https://static.colruytgroup.com/images/500x500sq/std.lang.all/98/39/asset-849839.jpg",
    "content": "300ml",
    "walkRouteSequenceNumber": 8153,
    "price": {
      "basicPrice": 2.15,
      "recommendedQuantity": "1.0",
      "measurementUnitPrice": 7.17,
      "measurementUnit": "L",
      "isRedPrice": false,
      "pricePerUOM": 7.17,
      "activationDate": "07-02-2024",
      "recordSource": "Offline",
      "isPromoActive": "N",
      "priceChangeCode": "H"
    },
    "isAvailable": true,
    "isPriceAvailable": true,
    "inPromo": false,
    "gtin": [
      "05410056181120",
      "05410056781122"
    ],
    "topCategoryName": "Kruidenierswaren/Droge voeding",
    "topCategoryId": "233",
    "businessDomain": "RETAIL_BE",
    "IsPrivateLabel": false,
    "IsBiffe": false,
    "WeightconversionFactor": "0",
    "IsWeightArticle": false,
    "nutriscoreLabel": "E",
    "IsBio": false,
    "CountryOfOrigin": "BELGIË",
    "IsExclusivelySoldInLuxembourg": false,
    "OrderUnit": "P",
    "ShortName": "DVL KNOFLOOKSAUS 300ML",
    "IsNew": false,
    "EcoscoreLabel": "D",
    "RecentQuanityOfStockUnits": "1",
    "LongName": "DEVOS LEMMENS saus knoflook 300ml",
    "AlcoholVolume": "0",
    "FicCode": "E",
    "EcoscoreValue": "29"
  },
  {
    "productId": "735491",
    "technicalArticleNumber": "4496896",
    "commercialArticleNumber": "21870",
    "name": "langkorrelrijst 10min",
    "description": "*10 min kooktijd",
    "brand": "BEN'S ORIGINAL",
    "seoBrand": "Ben's original",
    "thumbNail": "https://static.colruytgroup.com/images/200x200/std.lang.all/77/60/asset-2537760.jpg",
    "fullImage": "https://static.colruytgroup.com/images/500x500/std.lang.all/77/60/asset-2537760.jpg",
    "squareImage": "https://static.colruytgroup.com/images/500x500sq/std.lang.all/77/60/asset-2537760.jpg",
    "content": "1kg",
    "walkRouteSequenceNumber": 8363,
    "price": {
      "basicPrice": 4.35,
      "recommendedQuantity": "2.0",
      "measurementUnitPrice": 4.35,
      "measurementUnit": "K",
      "isRedPrice": false,
      "pricePerUOM": 4.35,
      "activationDate": "22-03-2024",
      "recordSource": "Offline",
      "isPromoActive": "N",
      "priceChangeCode": "H"
    },
    "isAvailable": true,
    "isPriceAvailable": true,
    "inPromo": false,
    "gtin": [
      "05410673005540",
      "15400141881001",
      "05410673005533"
    ],
    "topCategoryName": "Kruidenierswaren/Droge voeding",
    "topCategoryId": "233",
    "businessDomain": "RETAIL_BE",
    "IsPrivateLabel": false,
    "IsBiffe": false,
    "WeightconversionFactor": "0",
    "IsWeightArticle": false,
    "IsBio": false,
    "CountryOfOrigin": "BELGIË",
    "IsExclusivelySoldInLuxembourg": false,
    "OrderUnit": "P",
    "ShortName": "BEOR LANGKOR.RIJST 1KG",
    "IsNew": false,
    "RecentQuanityOfStockUnits": "1,12",
    "LongName": "BEN'S ORIGINAL langkorrelrijst 10min 1kg",
    "FicCode": "E"
  },
  {
    "productId": "9622",
    "technicalArticleNumber": "1123570",
    "commercialArticleNumber": "15431",
    "name": "toast melba sesam",
    "description": "*Toast, rechthoekig,\n7% sesamzaadjes\n*Vershoudzakjes\n5x6 stuks",
    "brand": "BONI BIO",
    "seoBrand": "Boni Selection Bio",
    "thumbNail": "https://static.colruytgroup.com/images/200x200/std.lang.all/21/84/asset-3342184.jpg",
    "fullImage": "https://static.colruytgroup.com/images/500x500/std.lang.all/21/84/asset-3342184.jpg",
    "squareImage": "https://static.colruytgroup.com/images/500x500sq/std.lang.all/21/84/asset-3342184.jpg",
    "content": "5x6st",
    "walkRouteSequenceNumber": 4494,
    "price": {
      "basicPrice": 0.99,
      "recommendedQuantity": "1.0",
      "measurementUnitPrice": 9.9,
      "measurementUnit": "K",
      "isRedPrice": false,
      "pricePerUOM": 9.9,
      "activationDate": "06-01-2024",
      "recordSource": "Offline",
      "isPromoActive": "N",
      "priceChangeCode": "L"
    },
    "isAvailable": true,
    "isPriceAvailable": true,
    "inPromo": false,
    "gtin": [
      "15400141929109",
      "05400141929102",
      "05400141368260",
      "15400141956402",
      "05400141154313",
      "05400141168921",
      "05400141254310",
      "05400141424744",
      "15400141368267"
    ],
    "topCategoryName": "Brood/Ontbijt",
    "topCategoryId": "124",
    "businessDomain": "RETAIL_BE",
    "IsPrivateLabel": true,
    "IsBiffe": false,
    "WeightconversionFactor": "0",
    "IsWeightArticle": false,
    "nutriscoreLabel": "C",
    "IsBio": true,
    "CountryOfOrigin": "NEDERLAND",
    "IsExclusivelySoldInLuxembourg": false,
    "OrderUnit": "P",
    "ShortName": "BSBIO MEL.TOAST SES.100",
    "IsNew": false,
    "EcoscoreLabel": "B",
    "RecentQuanityOfStockUnits": "1,14,1",
    "LongName": "BONI BIO toast melba sesam 5x6st",
    "AlcoholVolume": "0",
    "FicCode": "I",
    "EcoscoreValue": "79"
  },
  {
    "productId": "1080",
    "technicalArticleNumber": "15951",
    "commercialArticleNumber": "15951",
    "name": "cracker sesam",
    "description": "*Cracker, sesam,\nrechthoekig\n*10 vershoudzakjes",
    "brand": "LU PAROVITA",
    "seoBrand": "LU Parovita",
    "thumbNail": "https://static.colruytgroup.com/images/200x200/std.lang.all/34/93/asset-1903493.jpg",
    "fullImage": "https://static.colruytgroup.com/images/500x500/std.lang.all/34/93/asset-1903493.jpg",
    "squareImage": "https://static.colruytgroup.com/images/500x500sq/std.lang.all/34/93/asset-1903493.jpg",
    "content": "330g",
    "walkRouteSequenceNumber": 17073,
    "price": {
      "basicPrice": 3.99,
      "recommendedQuantity": "1.0",
      "measurementUnitPrice": 12.1,
      "measurementUnit": "K",
      "isRedPrice": false,
      "pricePerUOM": 12.1,
      "activationDate": "15-02-2024",
      "recordSource": "Offline",
      "isPromoActive": "N",
      "priceChangeCode": "E"
    },
    "isAvailable": true,
    "isPriceAvailable": true,
    "inPromo": false,
    "gtin": [
      "25410041430503",
      "00000025159516",
      "05410041188509"
    ],
    "topCategoryName": "Brood/Ontbijt",
    "topCategoryId": "124",
    "businessDomain": "RETAIL_BE",
    "IsPrivateLabel": false,
    "IsBiffe": false,
    "WeightconversionFactor": "0",
    "IsWeightArticle": false,
    "nutriscoreLabel": "D",
    "IsBio": false,
    "CountryOfOrigin": "POLEN",
    "IsExclusivelySoldInLuxembourg": false,
    "OrderUnit": "P",
    "ShortName": "LU PAROVITA SESAM 330GR",
    "IsNew": false,
    "RecentQuanityOfStockUnits": "1",
    "LongName": "LU PAROVITA cracker sesam 330g",
    "AlcoholVolume": "0",
    "FicCode": "E"
  },
  {
    "productId": "157917",
    "technicalArticleNumber": "3298284",
    "commercialArticleNumber": "26407",
    "name": "speltbloem",
    "description": "Speltbloem 1kg type 1050.",
    "brand": "BONI BIO",
    "seoBrand": "Boni Selection Bio",
    "thumbNail": "https://static.colruytgroup.com/images/200x200/std.lang.all/85/82/asset-2338582.jpg",
    "fullImage": "https://static.colruytgroup.com/images/500x500/std.lang.all/85/82/asset-2338582.jpg",
    "squareImage": "https://static.colruytgroup.com/images/500x500sq/std.lang.all/85/82/asset-2338582.jpg",
    "content": "1kg",
    "walkRouteSequenceNumber": 9601,
    "price": {
      "basicPrice": 3.79,
      "recommendedQuantity": "1.0",
      "measurementUnitPrice": 3.79,
      "measurementUnit": "K",
      "isRedPrice": false,
      "pricePerUOM": 3.79,
      "activationDate": "15-02-2024",
      "isPromoActive": "N",
      "priceChangeCode": "H"
    },
    "isAvailable": true,
    "isPriceAvailable": true,
    "inPromo": false,
    "gtin": [
      "05400141333053",
      "15400141975724",
      "15400141333050",
      "05400141405460",
      "05400141364576"
    ],
    "topCategoryName": "Kruidenierswaren/Droge voeding",
    "topCategoryId": "233",
    "businessDomain": "RETAIL_BE",
    "IsPrivateLabel": true,
    "IsBiffe": false,
    "WeightconversionFactor": "0",
    "IsWeightArticle": false,
    "nutriscoreLabel": "A",
    "IsBio": true,
    "CountryOfOrigin": "DUITSLAND",
    "IsExclusivelySoldInLuxembourg": false,
    "OrderUnit": "P",
    "ShortName": "BONI BIO SPELTBLOEM 1KG",
    "IsNew": false,
    "EcoscoreLabel": "A",
    "RecentQuanityOfStockUnits": "1,10",
    "LongName": "BONI BIO speltbloem 1kg",
    "AlcoholVolume": "0",
    "FicCode": "I",
    "EcoscoreValue": "100"
  },
  {
    "productId": "57573",
    "technicalArticleNumber": "2478654",
    "commercialArticleNumber": "38427",
    "name": "saus samourai TD",
    "brand": "DEVOS LEMMENS",
    "seoBrand": "Devos Lemmens",
    "thumbNail": "https://static.colruytgroup.com/images/200x200/std.lang.all/36/16/asset-383616.jpg",
    "fullImage": "https://static.colruytgroup.com/images/500x500/std.lang.all/36/16/asset-383616.jpg",
    "squareImage": "https://static.colruytgroup.com/images/500x500sq/std.lang.all/36/16/asset-383616.jpg",
    "content": "450ml",
    "walkRouteSequenceNumber": 8144,
    "price": {
      "basicPrice": 4.5,
      "recommendedQuantity": "1.0",
      "measurementUnitPrice": 10,
      "measurementUnit": "L",
      "isRedPrice": false,
      "pricePerUOM": 10,
      "activationDate": "19-03-2024",
      "recordSource": "Folder",
      "isPromoActive": "N",
      "priceChangeCode": "L"
    },
    "isAvailable": true,
    "isPriceAvailable": true,
    "inPromo": true,
    "promotion": [
      {
        "techPromoId": "100877COLR",
        "promotionId": "100877",
        "promotionType": "3",
        "isPersonalized": "N",
        "publicationStartDate": "13-03-2024",
        "publicationEndDate": "26-03-2024"
      }
    ],
    "gtin": [
      "05414972101446",
      "05414972701448"
    ],
    "topCategoryName": "Kruidenierswaren/Droge voeding",
    "topCategoryId": "233",
    "businessDomain": "RETAIL_BE",
    "IsPrivateLabel": false,
    "IsBiffe": false,
    "WeightconversionFactor": "0",
    "IsWeightArticle": false,
    "nutriscoreLabel": "D",
    "IsBio": false,
    "CountryOfOrigin": "BELGIË",
    "IsExclusivelySoldInLuxembourg": false,
    "OrderUnit": "P",
    "ShortName": "DVL SAMOURAI TD 450ML",
    "IsNew": false,
    "EcoscoreLabel": "D",
    "RecentQuanityOfStockUnits": "1,12",
    "LongName": "DEVOS LEMMENS saus samourai TD 450ml",
    "AlcoholVolume": "0",
    "FicCode": "E",
    "EcoscoreValue": "34"
  },
  {
    "productId": "22246",
    "technicalArticleNumber": "1964112",
    "commercialArticleNumber": "35576",
    "name": "mix voor cake natuur",
    "description": "*Eieren en boter\ntoevoegen",
    "brand": "DR.OETKER",
    "seoBrand": "Dr.Oetker",
    "thumbNail": "https://static.colruytgroup.com/images/200x200/std.lang.all/67/53/asset-1246753.jpg",
    "fullImage": "https://static.colruytgroup.com/images/500x500/std.lang.all/67/53/asset-1246753.jpg",
    "squareImage": "https://static.colruytgroup.com/images/500x500sq/std.lang.all/67/53/asset-1246753.jpg",
    "content": "400g",
    "walkRouteSequenceNumber": 9419,
    "price": {
      "basicPrice": 2.99,
      "recommendedQuantity": "1.0",
      "measurementUnitPrice": 7.48,
      "measurementUnit": "K",
      "isRedPrice": false,
      "pricePerUOM": 7.48,
      "activationDate": "20-03-2024",
      "recordSource": "Offline",
      "isPromoActive": "N",
      "priceChangeCode": "E"
    },
    "isAvailable": true,
    "isPriceAvailable": true,
    "inPromo": true,
    "promotion": [
      {
        "techPromoId": "100927COLR",
        "promotionId": "100927",
        "promotionType": "3",
        "isPersonalized": "N",
        "publicationStartDate": "13-03-2024",
        "publicationEndDate": "26-03-2024"
      }
    ],
    "gtin": [
      "05410231008020",
      "05410231017848"
    ],
    "topCategoryName": "Kruidenierswaren/Droge voeding",
    "topCategoryId": "233",
    "businessDomain": "RETAIL_BE",
    "IsPrivateLabel": false,
    "IsBiffe": false,
    "WeightconversionFactor": "0",
    "IsWeightArticle": false,
    "nutriscoreLabel": "E",
    "IsBio": false,
    "CountryOfOrigin": "BELGIË",
    "IsExclusivelySoldInLuxembourg": false,
    "OrderUnit": "P",
    "ShortName": "OETK CAKE 400G",
    "IsNew": false,
    "RecentQuanityOfStockUnits": "1",
    "LongName": "DR.OETKER mix voor cake natuur 400g",
    "AlcoholVolume": "0",
    "FicCode": "E"
  },
  {
    "productId": "620966",
    "technicalArticleNumber": "4300181",
    "commercialArticleNumber": "23558",
    "name": "penne rigate glutenvrij",
    "description": "*Glutenvrij",
    "brand": "BARILLA",
    "seoBrand": "Barilla",
    "thumbNail": "https://static.colruytgroup.com/images/200x200/std.lang.all/17/32/asset-3421732.jpg",
    "fullImage": "https://static.colruytgroup.com/images/500x500/std.lang.all/17/32/asset-3421732.jpg",
    "squareImage": "https://static.colruytgroup.com/images/500x500sq/std.lang.all/17/32/asset-3421732.jpg",
    "content": "400g",
    "walkRouteSequenceNumber": 8293,
    "price": {
      "basicPrice": 3.79,
      "recommendedQuantity": "1.0",
      "measurementUnitPrice": 9.48,
      "measurementUnit": "K",
      "isRedPrice": false,
      "pricePerUOM": 9.48,
      "activationDate": "14-03-2024",
      "recordSource": "Offline",
      "isPromoActive": "N",
      "priceChangeCode": "E"
    },
    "isAvailable": true,
    "isPriceAvailable": true,
    "inPromo": false,
    "gtin": [
      "08076809029285",
      "08076809545457"
    ],
    "topCategoryName": "Kruidenierswaren/Droge voeding",
    "topCategoryId": "233",
    "businessDomain": "RETAIL_BE",
    "IsPrivateLabel": false,
    "IsBiffe": false,
    "WeightconversionFactor": "0",
    "IsWeightArticle": false,
    "nutriscoreLabel": "B",
    "IsBio": false,
    "CountryOfOrigin": "ITALIË",
    "IsExclusivelySoldInLuxembourg": false,
    "OrderUnit": "P",
    "ShortName": "BARI PENNE RIGATE GV400",
    "IsNew": false,
    "EcoscoreLabel": "B",
    "RecentQuanityOfStockUnits": "1,14",
    "LongName": "BARILLA penne rigate glutenvrij 400g",
    "FicCode": "E",
    "EcoscoreValue": "65"
  },
  {
    "productId": "159392",
    "technicalArticleNumber": "3247322",
    "commercialArticleNumber": "8058",
    "name": "penne rigate spelt",
    "description": "*100% speltgraan\n*Eiwit: 12,5g/100g\n*Kooktijd : 6-7 min\n*Licht verteerbaar",
    "brand": "SOUBRY",
    "seoBrand": "Soubry",
    "thumbNail": "https://static.colruytgroup.com/images/200x200/std.lang.all/34/75/asset-543475.jpg",
    "fullImage": "https://static.colruytgroup.com/images/500x500/std.lang.all/34/75/asset-543475.jpg",
    "squareImage": "https://static.colruytgroup.com/images/500x500sq/std.lang.all/34/75/asset-543475.jpg",
    "content": "375g",
    "walkRouteSequenceNumber": 8304,
    "price": {
      "basicPrice": 1.99,
      "recommendedQuantity": "3.0",
      "measurementUnitPrice": 5.31,
      "measurementUnit": "K",
      "isRedPrice": false,
      "pricePerUOM": 5.31,
      "activationDate": "13-03-2024",
      "recordSource": "Offline",
      "isPromoActive": "N",
      "priceChangeCode": "E"
    },
    "isAvailable": true,
    "isPriceAvailable": true,
    "inPromo": false,
    "gtin": [
      "05410028028668",
      "05410028082660",
      "75410028084663",
      "05410028084664"
    ],
    "topCategoryName": "Kruidenierswaren/Droge voeding",
    "topCategoryId": "233",
    "businessDomain": "RETAIL_BE",
    "IsPrivateLabel": false,
    "IsBiffe": false,
    "WeightconversionFactor": "0",
    "IsWeightArticle": false,
    "nutriscoreLabel": "A",
    "IsBio": false,
    "CountryOfOrigin": "BELGIË",
    "IsExclusivelySoldInLuxembourg": false,
    "OrderUnit": "P",
    "ShortName": "SOUB PENNE RIG SPELT375",
    "IsNew": false,
    "EcoscoreLabel": "A",
    "RecentQuanityOfStockUnits": "1,3",
    "LongName": "SOUBRY penne rigate spelt 375g",
    "AlcoholVolume": "0",
    "FicCode": "E",
    "EcoscoreValue": "100"
  },
  {
    "productId": "826421",
    "technicalArticleNumber": "4663931",
    "commercialArticleNumber": "30104",
    "name": "tomatenroomsoep balletj.",
    "brand": "BUTTERFLY",
    "seoBrand": "Butterfly",
    "thumbNail": "https://static.colruytgroup.com/images/200x200/nl_be/49/14/asset-3034914.jpg",
    "fullImage": "https://static.colruytgroup.com/images/500x500/nl_be/49/14/asset-3034914.jpg",
    "squareImage": "https://static.colruytgroup.com/images/500x500sq/nl_be/49/14/asset-3034914.jpg",
    "content": "950ml",
    "walkRouteSequenceNumber": 6637,
    "price": {
      "basicPrice": 3.99,
      "recommendedQuantity": "1.0",
      "measurementUnitPrice": 4.2,
      "measurementUnit": "L",
      "isRedPrice": false,
      "pricePerUOM": 4.2,
      "activationDate": "28-02-2024",
      "recordSource": "Offline",
      "isPromoActive": "N",
      "priceChangeCode": "E"
    },
    "isAvailable": true,
    "isPriceAvailable": true,
    "inPromo": false,
    "gtin": [
      "05425010830150"
    ],
    "topCategoryName": "Bereidingen/Charcuterie/Vis/Veggie",
    "topCategoryId": "105",
    "businessDomain": "RETAIL_BE",
    "IsPrivateLabel": false,
    "IsBiffe": false,
    "WeightconversionFactor": "0",
    "IsWeightArticle": false,
    "nutriscoreLabel": "C",
    "IsBio": false,
    "CountryOfOrigin": "BELGIË",
    "IsExclusivelySoldInLuxembourg": false,
    "OrderUnit": "P",
    "ShortName": "BUTT TOMAT.SOEP 950ML",
    "IsNew": false,
    "EcoscoreLabel": "D",
    "RecentQuanityOfStockUnits": "1",
    "LongName": "BUTTERFLY tomatenroomsoep balletj. 950ml",
    "FicCode": "E",
    "EcoscoreValue": "32"
  },
  {
    "productId": "778733",
    "technicalArticleNumber": "4572383",
    "commercialArticleNumber": "28564",
    "name": "noodles thai chicken cup",
    "description": "*Instant noedels met\n*Thaïse kippensmaak",
    "brand": "AIKI",
    "seoBrand": "Aïki",
    "thumbNail": "https://static.colruytgroup.com/images/200x200/std.lang.all/36/94/asset-3353694.jpg",
    "fullImage": "https://static.colruytgroup.com/images/500x500/std.lang.all/36/94/asset-3353694.jpg",
    "squareImage": "https://static.colruytgroup.com/images/500x500sq/std.lang.all/36/94/asset-3353694.jpg",
    "content": "66,5g",
    "walkRouteSequenceNumber": 17035,
    "price": {
      "basicPrice": 1.49,
      "recommendedQuantity": "1.0",
      "measurementUnitPrice": 22.24,
      "measurementUnit": "K",
      "isRedPrice": false,
      "pricePerUOM": 22.24,
      "activationDate": "17-02-2024",
      "recordSource": "Offline",
      "isPromoActive": "N",
      "priceChangeCode": "E"
    },
    "isAvailable": true,
    "isPriceAvailable": true,
    "inPromo": false,
    "gtin": [
      "05414972730424",
      "05414972130422"
    ],
    "topCategoryName": "Kruidenierswaren/Droge voeding",
    "topCategoryId": "233",
    "businessDomain": "RETAIL_BE",
    "IsPrivateLabel": false,
    "IsBiffe": false,
    "WeightconversionFactor": "0",
    "IsWeightArticle": false,
    "nutriscoreLabel": "C",
    "IsBio": false,
    "CountryOfOrigin": "HONGARIJE",
    "IsExclusivelySoldInLuxembourg": false,
    "OrderUnit": "P",
    "ShortName": "AIKI NOO.TH.CHI.CUP66.5",
    "IsNew": false,
    "EcoscoreLabel": "B",
    "RecentQuanityOfStockUnits": "8,1",
    "LongName": "AIKI noodles thai chicken cup 66,5g",
    "FicCode": "E",
    "EcoscoreValue": "62"
  },
  {
    "productId": "909773",
    "technicalArticleNumber": "4759148",
    "commercialArticleNumber": "4460",
    "name": "frituurolie min.geur",
    "brand": "VANDEMOORTELE",
    "seoBrand": "Vandemoortele",
    "thumbNail": "https://static.colruytgroup.com/images/200x200/std.lang.all/85/61/asset-3328561.jpg",
    "fullImage": "https://static.colruytgroup.com/images/500x500/std.lang.all/85/61/asset-3328561.jpg",
    "squareImage": "https://static.colruytgroup.com/images/500x500sq/std.lang.all/85/61/asset-3328561.jpg",
    "content": "2L",
    "walkRouteSequenceNumber": 9150,
    "price": {
      "basicPrice": 8.99,
      "recommendedQuantity": "1.0",
      "measurementUnitPrice": 4.5,
      "measurementUnit": "L",
      "isRedPrice": false,
      "pricePerUOM": 4.5,
      "activationDate": "05-03-2024",
      "recordSource": "Offline",
      "isPromoActive": "N",
      "priceChangeCode": "E"
    },
    "isAvailable": true,
    "isPriceAvailable": true,
    "inPromo": false,
    "gtin": [
      "05410093157225"
    ],
    "topCategoryName": "Kruidenierswaren/Droge voeding",
    "topCategoryId": "233",
    "businessDomain": "RETAIL_BE",
    "IsPrivateLabel": false,
    "IsBiffe": false,
    "WeightconversionFactor": "0",
    "IsWeightArticle": false,
    "nutriscoreLabel": "C",
    "IsBio": false,
    "CountryOfOrigin": "NEDERLAND",
    "IsExclusivelySoldInLuxembourg": false,
    "OrderUnit": "P",
    "ShortName": "VDM FRIT.OL.MIND.GEUR2L",
    "IsNew": false,
    "EcoscoreLabel": "C",
    "RecentQuanityOfStockUnits": "1,6",
    "LongName": "VANDEMOORTELE frituurolie min.geur 2L",
    "AlcoholVolume": "0",
    "FicCode": "E",
    "EcoscoreValue": "41"
  },
  {
    "productId": "268720",
    "technicalArticleNumber": "3634853",
    "commercialArticleNumber": "19908",
    "name": "ketjap sesam wok",
    "brand": "BONI",
    "seoBrand": "Boni Selection",
    "thumbNail": "https://static.colruytgroup.com/images/200x200/std.lang.all/31/23/asset-2503123.jpg",
    "fullImage": "https://static.colruytgroup.com/images/500x500/std.lang.all/31/23/asset-2503123.jpg",
    "squareImage": "https://static.colruytgroup.com/images/500x500sq/std.lang.all/31/23/asset-2503123.jpg",
    "content": "200ml",
    "walkRouteSequenceNumber": 8483,
    "price": {
      "basicPrice": 2.54,
      "recommendedQuantity": "1.0",
      "measurementUnitPrice": 12.7,
      "measurementUnit": "L",
      "isRedPrice": false,
      "pricePerUOM": 12.7,
      "activationDate": "01-03-2024",
      "recordSource": "Offline",
      "isPromoActive": "N",
      "priceChangeCode": "E"
    },
    "isAvailable": true,
    "isPriceAvailable": true,
    "inPromo": false,
    "gtin": [
      "15400141635789",
      "05400141635782",
      "15400141290506",
      "15400141056539",
      "05400141290509",
      "05400141056532"
    ],
    "topCategoryName": "Kruidenierswaren/Droge voeding",
    "topCategoryId": "233",
    "businessDomain": "RETAIL_BE",
    "IsPrivateLabel": true,
    "IsBiffe": false,
    "WeightconversionFactor": "0",
    "IsWeightArticle": false,
    "nutriscoreLabel": "E",
    "IsBio": false,
    "CountryOfOrigin": "NEDERLAND",
    "IsExclusivelySoldInLuxembourg": false,
    "OrderUnit": "P",
    "ShortName": "BONI KETJ.SES.WOKS. 200",
    "IsNew": false,
    "EcoscoreLabel": "A",
    "RecentQuanityOfStockUnits": "1",
    "LongName": "BONI ketjap sesam wok 200ml",
    "AlcoholVolume": "0",
    "FicCode": "I",
    "EcoscoreValue": "97"
  },
  {
    "productId": "33937",
    "technicalArticleNumber": "1669426",
    "commercialArticleNumber": "13428",
    "name": "pickles Grand-Mère",
    "brand": "DIDDEN",
    "seoBrand": "Didden",
    "thumbNail": "https://static.colruytgroup.com/images/200x200/std.lang.all/85/27/asset-358527.jpg",
    "fullImage": "https://static.colruytgroup.com/images/500x500/std.lang.all/85/27/asset-358527.jpg",
    "squareImage": "https://static.colruytgroup.com/images/500x500sq/std.lang.all/85/27/asset-358527.jpg",
    "content": "470ml",
    "walkRouteSequenceNumber": 8242,
    "price": {
      "basicPrice": 3.29,
      "recommendedQuantity": "1.0",
      "measurementUnitPrice": 7,
      "measurementUnit": "L",
      "isRedPrice": false,
      "pricePerUOM": 7,
      "activationDate": "14-11-2023",
      "isPromoActive": "N",
      "priceChangeCode": "E"
    },
    "isAvailable": true,
    "isPriceAvailable": true,
    "inPromo": false,
    "gtin": [
      "05410951002841",
      "15410951002848"
    ],
    "topCategoryName": "Kruidenierswaren/Droge voeding",
    "topCategoryId": "233",
    "businessDomain": "RETAIL_BE",
    "IsPrivateLabel": false,
    "IsBiffe": false,
    "WeightconversionFactor": "0",
    "IsWeightArticle": false,
    "nutriscoreLabel": "D",
    "IsBio": false,
    "CountryOfOrigin": "BELGIË",
    "IsExclusivelySoldInLuxembourg": false,
    "OrderUnit": "P",
    "ShortName": "DIDDEN PICKLES 470ML",
    "IsNew": false,
    "EcoscoreLabel": "B",
    "RecentQuanityOfStockUnits": "1",
    "LongName": "DIDDEN pickles Grand-Mère 470ml",
    "AlcoholVolume": "0",
    "FicCode": "E",
    "EcoscoreValue": "66"
  },
  {
    "productId": "634413",
    "technicalArticleNumber": "4322740",
    "commercialArticleNumber": "16045",
    "name": "Mediterranea express rijst",
    "brand": "BONI",
    "seoBrand": "Boni Selection",
    "thumbNail": "https://static.colruytgroup.com/images/200x200/std.lang.all/38/78/asset-2513878.jpg",
    "fullImage": "https://static.colruytgroup.com/images/500x500/std.lang.all/38/78/asset-2513878.jpg",
    "squareImage": "https://static.colruytgroup.com/images/500x500sq/std.lang.all/38/78/asset-2513878.jpg",
    "content": "250g",
    "walkRouteSequenceNumber": 8417,
    "price": {
      "basicPrice": 1.49,
      "recommendedQuantity": "1.0",
      "quantityPrice": 1.11,
      "quantityPriceQuantity": "2.0",
      "measurementUnitPrice": 5.96,
      "measurementUnitQuantityPrice": 4.44,
      "measurementUnit": "K",
      "isRedPrice": false,
      "pricePerUOM": 5.96,
      "activationDate": "20-03-2024",
      "recordSource": "Offline",
      "isPromoActive": "N",
      "priceChangeCode": "E",
      "quantityPricePerUOM": 4.44,
      "quantityActivationDate": "20-03-2024",
      "quantityPriceChangeCode": "L"
    },
    "isAvailable": true,
    "isPriceAvailable": true,
    "inPromo": false,
    "gtin": [
      "15400141613121",
      "05400141613124"
    ],
    "topCategoryName": "Kruidenierswaren/Droge voeding",
    "topCategoryId": "233",
    "businessDomain": "RETAIL_BE",
    "IsPrivateLabel": true,
    "IsBiffe": false,
    "WeightconversionFactor": "0",
    "IsWeightArticle": false,
    "nutriscoreLabel": "B",
    "IsBio": false,
    "CountryOfOrigin": "FRANKRIJK",
    "IsExclusivelySoldInLuxembourg": false,
    "OrderUnit": "P",
    "ShortName": "BONI MEDIT.EXP.RIJST250",
    "IsNew": false,
    "EcoscoreLabel": "A",
    "RecentQuanityOfStockUnits": "1",
    "LongName": "BONI Mediterranea express rijst 250g",
    "FicCode": "I",
    "EcoscoreValue": "98"
  },
  {
    "productId": "267097",
    "technicalArticleNumber": "3645378",
    "commercialArticleNumber": "19089",
    "name": "Srira.chilisaus",
    "brand": "FLYING GOOSE",
    "seoBrand": "Flying Goose",
    "thumbNail": "https://static.colruytgroup.com/images/200x200/std.lang.all/13/71/asset-2821371.jpg",
    "fullImage": "https://static.colruytgroup.com/images/500x500/std.lang.all/13/71/asset-2821371.jpg",
    "squareImage": "https://static.colruytgroup.com/images/500x500sq/std.lang.all/13/71/asset-2821371.jpg",
    "content": "455ml",
    "walkRouteSequenceNumber": 8656,
    "price": {
      "basicPrice": 6.95,
      "recommendedQuantity": "1.0",
      "measurementUnitPrice": 15.28,
      "measurementUnit": "L",
      "isRedPrice": false,
      "pricePerUOM": 15.28,
      "activationDate": "02-03-2024",
      "isPromoActive": "N",
      "priceChangeCode": "L"
    },
    "isAvailable": true,
    "isPriceAvailable": true,
    "inPromo": false,
    "gtin": [
      "00087666052802",
      "08853662056012",
      "08853662058016"
    ],
    "topCategoryName": "Kruidenierswaren/Droge voeding",
    "topCategoryId": "233",
    "businessDomain": "RETAIL_BE",
    "IsPrivateLabel": false,
    "IsBiffe": false,
    "WeightconversionFactor": "0",
    "IsWeightArticle": false,
    "nutriscoreLabel": "E",
    "IsBio": false,
    "CountryOfOrigin": "THAILAND",
    "IsExclusivelySoldInLuxembourg": false,
    "OrderUnit": "P",
    "ShortName": "FG SRIRACHA CHILIS.455",
    "IsNew": false,
    "EcoscoreLabel": "B",
    "RecentQuanityOfStockUnits": "1",
    "LongName": "FLYING GOOSE Srira.chilisaus 455ml",
    "AlcoholVolume": "0",
    "FicCode": "E",
    "EcoscoreValue": "69"
  },
  {
    "productId": "26833",
    "technicalArticleNumber": "1979522",
    "commercialArticleNumber": "15325",
    "name": "beschuit 6granen",
    "description": "*Beschuiten,\nvierkant, meergranen\n*Met 93 % granen",
    "brand": "LU HEUDEBERT",
    "seoBrand": "LU Heudebert",
    "thumbNail": "https://static.colruytgroup.com/images/200x200/std.lang.all/09/48/asset-350948.jpg",
    "fullImage": "https://static.colruytgroup.com/images/500x500/std.lang.all/09/48/asset-350948.jpg",
    "squareImage": "https://static.colruytgroup.com/images/500x500sq/std.lang.all/09/48/asset-350948.jpg",
    "content": "300g",
    "walkRouteSequenceNumber": 17100,
    "price": {
      "basicPrice": 3.99,
      "recommendedQuantity": "1.0",
      "measurementUnitPrice": 13.3,
      "measurementUnit": "K",
      "isRedPrice": false,
      "pricePerUOM": 13.3,
      "activationDate": "20-03-2024",
      "recordSource": "Offline",
      "isPromoActive": "N",
      "priceChangeCode": "H"
    },
    "isAvailable": true,
    "isPriceAvailable": true,
    "inPromo": false,
    "gtin": [
      "05410041145700",
      "25410041145704"
    ],
    "topCategoryName": "Brood/Ontbijt",
    "topCategoryId": "124",
    "businessDomain": "RETAIL_BE",
    "IsPrivateLabel": false,
    "IsBiffe": false,
    "WeightconversionFactor": "0",
    "IsWeightArticle": false,
    "nutriscoreLabel": "D",
    "IsBio": false,
    "CountryOfOrigin": "FRANKRIJK",
    "IsExclusivelySoldInLuxembourg": false,
    "OrderUnit": "P",
    "ShortName": "LU HEUDEB BESCH 6GR300G",
    "IsNew": false,
    "RecentQuanityOfStockUnits": "1",
    "LongName": "LU HEUDEBERT beschuit 6granen 300g",
    "AlcoholVolume": "0",
    "FicCode": "E"
  },
  {
    "productId": "56221",
    "technicalArticleNumber": "2479235",
    "commercialArticleNumber": "39166",
    "name": "bouillon groenten vetarm",
    "description": "*Vetarme\ngroentebouillon in\nblokjes",
    "brand": "LIEBIG",
    "seoBrand": "Liebig",
    "thumbNail": "https://static.colruytgroup.com/images/200x200/std.lang.all/32/52/asset-1913252.jpg",
    "fullImage": "https://static.colruytgroup.com/images/500x500/std.lang.all/32/52/asset-1913252.jpg",
    "squareImage": "https://static.colruytgroup.com/images/500x500sq/std.lang.all/32/52/asset-1913252.jpg",
    "content": "14st",
    "walkRouteSequenceNumber": 6551,
    "price": {
      "basicPrice": 2.89,
      "recommendedQuantity": "3.0",
      "measurementUnitPrice": 20.65,
      "measurementUnit": "K",
      "isRedPrice": false,
      "pricePerUOM": 20.65,
      "activationDate": "21-03-2024",
      "recordSource": "Offline",
      "isPromoActive": "N",
      "priceChangeCode": "L"
    },
    "isAvailable": true,
    "isPriceAvailable": true,
    "inPromo": false,
    "gtin": [
      "05414972102733",
      "05414972702735",
      "05400141000795"
    ],
    "topCategoryName": "Kruidenierswaren/Droge voeding",
    "topCategoryId": "233",
    "businessDomain": "RETAIL_BE",
    "IsPrivateLabel": false,
    "IsBiffe": false,
    "WeightconversionFactor": "0",
    "IsWeightArticle": false,
    "nutriscoreLabel": "C",
    "IsBio": false,
    "CountryOfOrigin": "DUITSLAND",
    "IsExclusivelySoldInLuxembourg": false,
    "OrderUnit": "P",
    "ShortName": "LIEB VETAR.GROENT14TABS",
    "IsNew": false,
    "EcoscoreLabel": "B",
    "RecentQuanityOfStockUnits": "3,1",
    "LongName": "LIEBIG bouillon groenten vetarm 14st",
    "AlcoholVolume": "0",
    "FicCode": "E",
    "EcoscoreValue": "79"
  },
  {
    "productId": "868",
    "technicalArticleNumber": "13183",
    "commercialArticleNumber": "13183",
    "name": "kruiden bieslook",
    "brand": "BONI",
    "seoBrand": "Boni Selection",
    "thumbNail": "https://static.colruytgroup.com/images/200x200/std.lang.all/83/67/asset-3028367.jpg",
    "fullImage": "https://static.colruytgroup.com/images/500x500/std.lang.all/83/67/asset-3028367.jpg",
    "squareImage": "https://static.colruytgroup.com/images/500x500sq/std.lang.all/83/67/asset-3028367.jpg",
    "content": "5g",
    "walkRouteSequenceNumber": 6438,
    "price": {
      "basicPrice": 0.575,
      "recommendedQuantity": "1.0",
      "measurementUnitPrice": 115,
      "measurementUnit": "K",
      "isRedPrice": false,
      "pricePerUOM": 115,
      "activationDate": "17-02-2024",
      "recordSource": "Offline",
      "isPromoActive": "N",
      "priceChangeCode": "E"
    },
    "isAvailable": true,
    "isPriceAvailable": true,
    "inPromo": false,
    "gtin": [
      "15400141097969",
      "05400141097962",
      "05400141170146"
    ],
    "topCategoryName": "Kruidenierswaren/Droge voeding",
    "topCategoryId": "233",
    "businessDomain": "RETAIL_BE",
    "IsPrivateLabel": true,
    "IsBiffe": false,
    "WeightconversionFactor": "0",
    "IsWeightArticle": false,
    "nutriscoreLabel": "A",
    "IsBio": false,
    "CountryOfOrigin": "DUITSLAND",
    "IsExclusivelySoldInLuxembourg": false,
    "OrderUnit": "P",
    "ShortName": "BONI BIESLOOK5G",
    "IsNew": false,
    "EcoscoreLabel": "A",
    "RecentQuanityOfStockUnits": "1,12",
    "LongName": "BONI kruiden bieslook 5g",
    "AlcoholVolume": "0",
    "FicCode": "I",
    "EcoscoreValue": "100"
  },
  {
    "productId": "844836",
    "technicalArticleNumber": "4690467",
    "commercialArticleNumber": "2179",
    "name": "groen.jalapeños schijfjes",
    "brand": "POCO LOCO",
    "seoBrand": "Poco Loco",
    "thumbNail": "https://static.colruytgroup.com/images/200x200/std.lang.all/37/17/asset-3233717.jpg",
    "fullImage": "https://static.colruytgroup.com/images/500x500/std.lang.all/37/17/asset-3233717.jpg",
    "squareImage": "https://static.colruytgroup.com/images/500x500sq/std.lang.all/37/17/asset-3233717.jpg",
    "content": "225g",
    "walkRouteSequenceNumber": 8659,
    "price": {
      "basicPrice": 2.29,
      "recommendedQuantity": "1.0",
      "measurementUnitPrice": 10.18,
      "measurementUnit": "K",
      "isRedPrice": false,
      "pricePerUOM": 10.18,
      "activationDate": "31-01-2024",
      "isPromoActive": "N",
      "priceChangeCode": "H"
    },
    "isAvailable": true,
    "isPriceAvailable": true,
    "inPromo": false,
    "gtin": [
      "05412514937188",
      "15412514937185"
    ],
    "topCategoryName": "Chips/Borrelhapjes",
    "topCategoryId": "306",
    "businessDomain": "RETAIL_BE",
    "IsPrivateLabel": false,
    "IsBiffe": false,
    "WeightconversionFactor": "0",
    "IsWeightArticle": false,
    "IsBio": false,
    "CountryOfOrigin": "BELGIË",
    "IsExclusivelySoldInLuxembourg": false,
    "OrderUnit": "P",
    "ShortName": "POLO GROEN.JALAPENOS225",
    "IsNew": false,
    "EcoscoreLabel": "E",
    "RecentQuanityOfStockUnits": "1",
    "LongName": "POCO LOCO groen.jalapeños schijfjes 225g",
    "AlcoholVolume": "0",
    "FicCode": "E",
    "EcoscoreValue": "2"
  },
  {
    "productId": "513726",
    "technicalArticleNumber": "4083334",
    "commercialArticleNumber": "7757",
    "name": "Aioli",
    "description": "*Knoflooksaus",
    "brand": "BONI",
    "seoBrand": "Boni Selection",
    "thumbNail": "https://static.colruytgroup.com/images/200x200/std.lang.all/72/30/asset-2407230.jpg",
    "fullImage": "https://static.colruytgroup.com/images/500x500/std.lang.all/72/30/asset-2407230.jpg",
    "squareImage": "https://static.colruytgroup.com/images/500x500sq/std.lang.all/72/30/asset-2407230.jpg",
    "content": "150g",
    "walkRouteSequenceNumber": 7765,
    "price": {
      "basicPrice": 1.96,
      "recommendedQuantity": "1.0",
      "quantityPrice": 1.8,
      "quantityPriceQuantity": "3.0",
      "measurementUnitPrice": 13.07,
      "measurementUnitQuantityPrice": 12,
      "measurementUnit": "K",
      "isRedPrice": false,
      "pricePerUOM": 13.07,
      "activationDate": "07-03-2024",
      "recordSource": "Offline",
      "isPromoActive": "N",
      "priceChangeCode": "H",
      "quantityPricePerUOM": 12,
      "quantityActivationDate": "07-03-2024",
      "quantityPriceChangeCode": "E"
    },
    "isAvailable": true,
    "isPriceAvailable": true,
    "inPromo": false,
    "gtin": [
      "05400141279887",
      "15400141279884",
      "15400141420897",
      "15400141740759",
      "05400141437843",
      "05400141740752",
      "15400141437840"
    ],
    "topCategoryName": "Chips/Borrelhapjes",
    "topCategoryId": "306",
    "businessDomain": "RETAIL_BE",
    "IsPrivateLabel": true,
    "IsBiffe": false,
    "WeightconversionFactor": "0",
    "IsWeightArticle": false,
    "nutriscoreLabel": "D",
    "IsBio": false,
    "CountryOfOrigin": "BELGIË",
    "IsExclusivelySoldInLuxembourg": false,
    "OrderUnit": "P",
    "ShortName": "BONI AIOLI 150G",
    "IsNew": false,
    "EcoscoreLabel": "D",
    "RecentQuanityOfStockUnits": "1",
    "LongName": "BONI Aioli 150g",
    "FicCode": "I",
    "EcoscoreValue": "29"
  },
  {
    "productId": "872",
    "technicalArticleNumber": "13190",
    "commercialArticleNumber": "13190",
    "name": "kruiden gember",
    "description": "*Geeft smaak aan\nrijstgerechten,\npeperkoek en gebak",
    "brand": "BONI",
    "seoBrand": "Boni Selection",
    "thumbNail": "https://static.colruytgroup.com/images/200x200/std.lang.all/56/41/asset-3205641.jpg",
    "fullImage": "https://static.colruytgroup.com/images/500x500/std.lang.all/56/41/asset-3205641.jpg",
    "squareImage": "https://static.colruytgroup.com/images/500x500sq/std.lang.all/56/41/asset-3205641.jpg",
    "content": "35g",
    "walkRouteSequenceNumber": 6397,
    "price": {
      "basicPrice": 1.62,
      "recommendedQuantity": "1.0",
      "measurementUnitPrice": 46.29,
      "measurementUnit": "K",
      "isRedPrice": false,
      "pricePerUOM": 46.29,
      "activationDate": "30-01-2024",
      "recordSource": "Offline",
      "isPromoActive": "N",
      "priceChangeCode": "E"
    },
    "isAvailable": true,
    "isPriceAvailable": true,
    "inPromo": false,
    "gtin": [
      "15400141098775",
      "05400141098778",
      "05400141210187"
    ],
    "topCategoryName": "Kruidenierswaren/Droge voeding",
    "topCategoryId": "233",
    "businessDomain": "RETAIL_BE",
    "IsPrivateLabel": true,
    "IsBiffe": false,
    "WeightconversionFactor": "0",
    "IsWeightArticle": false,
    "nutriscoreLabel": "A",
    "IsBio": false,
    "CountryOfOrigin": "NIGER",
    "IsExclusivelySoldInLuxembourg": false,
    "OrderUnit": "P",
    "ShortName": "BONI GEMBER 35GR",
    "IsNew": false,
    "EcoscoreLabel": "A",
    "RecentQuanityOfStockUnits": "1",
    "LongName": "BONI kruiden gember 35g",
    "AlcoholVolume": "0",
    "FicCode": "I",
    "EcoscoreValue": "87"
  },
  {
    "productId": "686",
    "technicalArticleNumber": "12324",
    "commercialArticleNumber": "12324",
    "name": "bouillon fond gevogelte",
    "description": "*Gevogeltefond",
    "brand": "LACROIX",
    "seoBrand": "Lacroix",
    "thumbNail": "https://static.colruytgroup.com/images/200x200/std.lang.all/81/30/asset-388130.jpg",
    "fullImage": "https://static.colruytgroup.com/images/500x500/std.lang.all/81/30/asset-388130.jpg",
    "squareImage": "https://static.colruytgroup.com/images/500x500sq/std.lang.all/81/30/asset-388130.jpg",
    "content": "400ml",
    "walkRouteSequenceNumber": 6564,
    "price": {
      "basicPrice": 4.89,
      "recommendedQuantity": "2.0",
      "measurementUnitPrice": 12.23,
      "measurementUnit": "L",
      "isRedPrice": false,
      "pricePerUOM": 12.23,
      "activationDate": "16-03-2024",
      "recordSource": "Offline",
      "isPromoActive": "N",
      "priceChangeCode": "H"
    },
    "isAvailable": true,
    "isPriceAvailable": true,
    "inPromo": false,
    "gtin": [
      "00000025123241",
      "04009062800029",
      "05410056279759",
      "05410056779754",
      "05414972726571"
    ],
    "topCategoryName": "Kruidenierswaren/Droge voeding",
    "topCategoryId": "233",
    "businessDomain": "RETAIL_BE",
    "IsPrivateLabel": false,
    "IsBiffe": false,
    "WeightconversionFactor": "0",
    "IsWeightArticle": false,
    "nutriscoreLabel": "C",
    "IsBio": false,
    "CountryOfOrigin": "BELGIË",
    "IsExclusivelySoldInLuxembourg": false,
    "OrderUnit": "P",
    "ShortName": "LACROIX GEVOGELTE 400ML",
    "IsNew": false,
    "EcoscoreLabel": "B",
    "RecentQuanityOfStockUnits": "1,6,2",
    "LongName": "LACROIX bouillon fond gevogelte 400ml",
    "AlcoholVolume": "0",
    "FicCode": "E",
    "EcoscoreValue": "79"
  },
  {
    "productId": "808",
    "technicalArticleNumber": "13521",
    "commercialArticleNumber": "13521",
    "name": "Worcestershire saus",
    "brand": "LEA PERRINS",
    "seoBrand": "Lea Perrins",
    "thumbNail": "https://static.colruytgroup.com/images/200x200/std.lang.all/53/97/asset-355397.jpg",
    "fullImage": "https://static.colruytgroup.com/images/500x500/std.lang.all/53/97/asset-355397.jpg",
    "squareImage": "https://static.colruytgroup.com/images/500x500sq/std.lang.all/53/97/asset-355397.jpg",
    "content": "290ml",
    "walkRouteSequenceNumber": 8301,
    "price": {
      "basicPrice": 3.46,
      "recommendedQuantity": "1.0",
      "measurementUnitPrice": 11.94,
      "measurementUnit": "L",
      "isRedPrice": false,
      "pricePerUOM": 11.94,
      "activationDate": "17-02-2024",
      "recordSource": "Offline",
      "isPromoActive": "N",
      "priceChangeCode": "E"
    },
    "isAvailable": true,
    "isPriceAvailable": true,
    "inPromo": false,
    "gtin": [
      "05000111001540",
      "05000111604444"
    ],
    "topCategoryName": "Kruidenierswaren/Droge voeding",
    "topCategoryId": "233",
    "businessDomain": "RETAIL_BE",
    "IsPrivateLabel": false,
    "IsBiffe": false,
    "WeightconversionFactor": "0",
    "IsWeightArticle": false,
    "nutriscoreLabel": "E",
    "IsBio": false,
    "CountryOfOrigin": "VERENIGD KONINKRIJK",
    "IsExclusivelySoldInLuxembourg": false,
    "OrderUnit": "P",
    "ShortName": "LEA PER WORC SAUS 290ML",
    "IsNew": false,
    "RecentQuanityOfStockUnits": "1",
    "LongName": "LEA PERRINS Worcestershire saus 290ml",
    "AlcoholVolume": "0",
    "FicCode": "E"
  },
  {
    "productId": "11120",
    "technicalArticleNumber": "1384589",
    "commercialArticleNumber": "12192",
    "name": "kervelsoep met balletjes brik",
    "description": "*Kervelsoep\nmet balletjes",
    "brand": "LIEBIG",
    "seoBrand": "Liebig",
    "thumbNail": "https://static.colruytgroup.com/images/200x200/std.lang.all/37/59/asset-3453759.jpg",
    "fullImage": "https://static.colruytgroup.com/images/500x500/std.lang.all/37/59/asset-3453759.jpg",
    "squareImage": "https://static.colruytgroup.com/images/500x500sq/std.lang.all/37/59/asset-3453759.jpg",
    "content": "1L",
    "walkRouteSequenceNumber": 16934,
    "price": {
      "basicPrice": 3.69,
      "recommendedQuantity": "1.0",
      "measurementUnitPrice": 3.69,
      "measurementUnit": "L",
      "isRedPrice": false,
      "pricePerUOM": 3.69,
      "activationDate": "20-03-2024",
      "recordSource": "Offline",
      "isPromoActive": "N",
      "priceChangeCode": "H"
    },
    "isAvailable": true,
    "isPriceAvailable": true,
    "inPromo": false,
    "gtin": [
      "05410056188044",
      "05414972726595",
      "05414972705736",
      "05414972205731"
    ],
    "topCategoryName": "Kruidenierswaren/Droge voeding",
    "topCategoryId": "233",
    "businessDomain": "RETAIL_BE",
    "IsPrivateLabel": false,
    "IsBiffe": false,
    "WeightconversionFactor": "0",
    "IsWeightArticle": false,
    "nutriscoreLabel": "B",
    "IsBio": false,
    "CountryOfOrigin": "FRANKRIJK",
    "IsExclusivelySoldInLuxembourg": false,
    "OrderUnit": "P",
    "ShortName": "LIEB KERVEL BALLETJES1L",
    "IsNew": false,
    "EcoscoreLabel": "D",
    "RecentQuanityOfStockUnits": "2,1",
    "LongName": "LIEBIG kervelsoep met balletjes brik 1L",
    "AlcoholVolume": "0",
    "FicCode": "E",
    "EcoscoreValue": "32"
  },
  {
    "productId": "867686",
    "technicalArticleNumber": "4720626",
    "commercialArticleNumber": "12339",
    "name": "Ketjap",
    "brand": "SUZI WAN",
    "seoBrand": "Suzi Wan",
    "thumbNail": "https://static.colruytgroup.com/images/200x200/std.lang.all/61/94/asset-3256194.jpg",
    "fullImage": "https://static.colruytgroup.com/images/500x500/std.lang.all/61/94/asset-3256194.jpg",
    "squareImage": "https://static.colruytgroup.com/images/500x500sq/std.lang.all/61/94/asset-3256194.jpg",
    "content": "250ml",
    "walkRouteSequenceNumber": 8481,
    "price": {
      "basicPrice": 5.5,
      "recommendedQuantity": "1.0",
      "measurementUnitPrice": 22,
      "measurementUnit": "L",
      "isRedPrice": false,
      "pricePerUOM": 22,
      "activationDate": "15-02-2024",
      "recordSource": "Offline",
      "isPromoActive": "N",
      "priceChangeCode": "H"
    },
    "isAvailable": true,
    "isPriceAvailable": true,
    "inPromo": false,
    "gtin": [
      "04002359018084",
      "04002359017957"
    ],
    "topCategoryName": "Kruidenierswaren/Droge voeding",
    "topCategoryId": "233",
    "businessDomain": "RETAIL_BE",
    "IsPrivateLabel": false,
    "IsBiffe": false,
    "WeightconversionFactor": "0",
    "IsWeightArticle": false,
    "nutriscoreLabel": "E",
    "IsBio": false,
    "CountryOfOrigin": "NEDERLAND",
    "IsExclusivelySoldInLuxembourg": false,
    "OrderUnit": "P",
    "ShortName": "SW KETJAPSAUS 250ML",
    "IsNew": false,
    "EcoscoreLabel": "B",
    "RecentQuanityOfStockUnits": "1",
    "LongName": "SUZI WAN Ketjap 250ml",
    "AlcoholVolume": "0",
    "FicCode": "E",
    "EcoscoreValue": "77"
  },
  {
    "productId": "22325",
    "technicalArticleNumber": "1923681",
    "commercialArticleNumber": "13374",
    "name": "moster TD",
    "brand": "DEVOS LEMMENS",
    "seoBrand": "Devos Lemmens",
    "thumbNail": "https://static.colruytgroup.com/images/200x200/std.lang.all/61/47/asset-566147.jpg",
    "fullImage": "https://static.colruytgroup.com/images/500x500/std.lang.all/61/47/asset-566147.jpg",
    "squareImage": "https://static.colruytgroup.com/images/500x500sq/std.lang.all/61/47/asset-566147.jpg",
    "content": "450ml",
    "walkRouteSequenceNumber": 8239,
    "price": {
      "basicPrice": 5.85,
      "recommendedQuantity": "1.0",
      "measurementUnitPrice": 13,
      "measurementUnit": "L",
      "isRedPrice": false,
      "pricePerUOM": 13,
      "activationDate": "13-03-2024",
      "recordSource": "Offline",
      "isPromoActive": "N",
      "priceChangeCode": "E"
    },
    "isAvailable": true,
    "isPriceAvailable": true,
    "inPromo": true,
    "promotion": [
      {
        "techPromoId": "100877COLR",
        "promotionId": "100877",
        "promotionType": "3",
        "isPersonalized": "N",
        "publicationStartDate": "13-03-2024",
        "publicationEndDate": "26-03-2024"
      }
    ],
    "gtin": [
      "05410056796621",
      "05410056196629"
    ],
    "topCategoryName": "Kruidenierswaren/Droge voeding",
    "topCategoryId": "233",
    "businessDomain": "RETAIL_BE",
    "IsPrivateLabel": false,
    "IsBiffe": false,
    "WeightconversionFactor": "0",
    "IsWeightArticle": false,
    "nutriscoreLabel": "D",
    "IsBio": false,
    "CountryOfOrigin": "BELGIË",
    "IsExclusivelySoldInLuxembourg": false,
    "OrderUnit": "P",
    "ShortName": "DVL MOSTERD TD 450ML",
    "IsNew": false,
    "EcoscoreLabel": "C",
    "RecentQuanityOfStockUnits": "1,12",
    "LongName": "DEVOS LEMMENS moster TD 450ml",
    "AlcoholVolume": "0",
    "FicCode": "E",
    "EcoscoreValue": "54"
  },
  {
    "productId": "82",
    "technicalArticleNumber": "14286",
    "commercialArticleNumber": "14286",
    "name": "rijst volwaardig",
    "description": "*Losse rijst\n*kooktijd:30 minuten",
    "brand": "BONI",
    "seoBrand": "Boni Selection",
    "thumbNail": "https://static.colruytgroup.com/images/200x200/std.lang.all/38/87/asset-593887.jpg",
    "fullImage": "https://static.colruytgroup.com/images/500x500/std.lang.all/38/87/asset-593887.jpg",
    "squareImage": "https://static.colruytgroup.com/images/500x500sq/std.lang.all/38/87/asset-593887.jpg",
    "content": "2kg",
    "walkRouteSequenceNumber": 8324,
    "price": {
      "basicPrice": 4.98,
      "recommendedQuantity": "1.0",
      "measurementUnitPrice": 2.49,
      "measurementUnit": "K",
      "isRedPrice": false,
      "pricePerUOM": 2.49,
      "activationDate": "02-02-2024",
      "recordSource": "Offline",
      "isPromoActive": "N",
      "priceChangeCode": "E"
    },
    "isAvailable": true,
    "isPriceAvailable": true,
    "inPromo": false,
    "gtin": [
      "05400141239263",
      "15400141142867",
      "05400141142860",
      "05400141070248"
    ],
    "topCategoryName": "Kruidenierswaren/Droge voeding",
    "topCategoryId": "233",
    "businessDomain": "RETAIL_BE",
    "IsPrivateLabel": true,
    "IsBiffe": false,
    "WeightconversionFactor": "0",
    "IsWeightArticle": false,
    "nutriscoreLabel": "A",
    "IsBio": false,
    "CountryOfOrigin": "NEDERLAND",
    "IsExclusivelySoldInLuxembourg": false,
    "OrderUnit": "P",
    "ShortName": "BONI VOLWAARD RIJST 2KG",
    "IsNew": false,
    "EcoscoreLabel": "D",
    "RecentQuanityOfStockUnits": "1",
    "LongName": "BONI rijst volwaardig 2kg",
    "AlcoholVolume": "0",
    "FicCode": "I",
    "EcoscoreValue": "26"
  },
  {
    "productId": "811035",
    "technicalArticleNumber": "4635760",
    "commercialArticleNumber": "4611",
    "name": "m.griss.wave par.kaas",
    "description": "*Grissini met\nparmezaanse kaas\n& zout\n*Eindejaars-\nassortiment",
    "brand": "DELI DI PAOLO",
    "seoBrand": "DELI DI PAOLO",
    "thumbNail": "https://static.colruytgroup.com/images/200x200/std.lang.all/41/53/asset-2854153.jpg",
    "fullImage": "https://static.colruytgroup.com/images/500x500/std.lang.all/41/53/asset-2854153.jpg",
    "squareImage": "https://static.colruytgroup.com/images/500x500sq/std.lang.all/41/53/asset-2854153.jpg",
    "content": "150g",
    "walkRouteSequenceNumber": 4488,
    "price": {
      "basicPrice": 2.49,
      "recommendedQuantity": "1.0",
      "measurementUnitPrice": 16.6,
      "measurementUnit": "K",
      "isRedPrice": false,
      "pricePerUOM": 16.6,
      "activationDate": "14-11-2023",
      "isPromoActive": "N",
      "priceChangeCode": "E"
    },
    "isAvailable": true,
    "isPriceAvailable": true,
    "inPromo": false,
    "gtin": [
      "08718247442676",
      "08718247442683"
    ],
    "topCategoryName": "Brood/Ontbijt",
    "topCategoryId": "124",
    "businessDomain": "RETAIL_BE",
    "IsPrivateLabel": false,
    "IsBiffe": false,
    "WeightconversionFactor": "0",
    "IsWeightArticle": false,
    "nutriscoreLabel": "D",
    "IsBio": false,
    "CountryOfOrigin": "ITALIË",
    "IsExclusivelySoldInLuxembourg": false,
    "OrderUnit": "P",
    "ShortName": "DEDP GRISS.PAR.KAAS150G",
    "IsNew": false,
    "EcoscoreLabel": "B",
    "RecentQuanityOfStockUnits": "1",
    "LongName": "DELI DI PAOLO m.griss.wave par.kaas 150g",
    "FicCode": "E",
    "EcoscoreValue": "67"
  },
  {
    "productId": "858873",
    "technicalArticleNumber": "4709149",
    "commercialArticleNumber": "31723",
    "name": "mosterd L'Originale",
    "brand": "MAILLE",
    "seoBrand": "Maille",
    "thumbNail": "https://static.colruytgroup.com/images/200x200/std.lang.all/07/84/asset-3210784.jpg",
    "fullImage": "https://static.colruytgroup.com/images/500x500/std.lang.all/07/84/asset-3210784.jpg",
    "squareImage": "https://static.colruytgroup.com/images/500x500sq/std.lang.all/07/84/asset-3210784.jpg",
    "content": "360g",
    "walkRouteSequenceNumber": 8246,
    "price": {
      "basicPrice": 3.7,
      "recommendedQuantity": "1.0",
      "measurementUnitPrice": 10.28,
      "measurementUnit": "K",
      "isRedPrice": false,
      "pricePerUOM": 10.28,
      "activationDate": "30-01-2024",
      "recordSource": "Online",
      "isPromoActive": "N",
      "priceChangeCode": "H"
    },
    "isAvailable": true,
    "isPriceAvailable": true,
    "inPromo": false,
    "gtin": [
      "08720182556738",
      "08720182556745"
    ],
    "topCategoryName": "Kruidenierswaren/Droge voeding",
    "topCategoryId": "233",
    "businessDomain": "RETAIL_BE",
    "IsPrivateLabel": false,
    "IsBiffe": false,
    "WeightconversionFactor": "0",
    "IsWeightArticle": false,
    "nutriscoreLabel": "E",
    "IsBio": false,
    "CountryOfOrigin": "FRANKRIJK",
    "IsExclusivelySoldInLuxembourg": false,
    "OrderUnit": "P",
    "ShortName": "MAIL MOSTERD ORIGIN.360",
    "IsNew": false,
    "EcoscoreLabel": "C",
    "RecentQuanityOfStockUnits": "1",
    "LongName": "MAILLE mosterd L'Originale 360g",
    "AlcoholVolume": "0",
    "FicCode": "E",
    "EcoscoreValue": "54"
  },
  {
    "productId": "630162",
    "technicalArticleNumber": "4315685",
    "commercialArticleNumber": "6245",
    "name": "guacamole 300 g V",
    "brand": "BONI",
    "seoBrand": "Boni Selection",
    "thumbNail": "https://static.colruytgroup.com/images/200x200/std.lang.all/49/73/asset-2354973.jpg",
    "fullImage": "https://static.colruytgroup.com/images/500x500/std.lang.all/49/73/asset-2354973.jpg",
    "squareImage": "https://static.colruytgroup.com/images/500x500sq/std.lang.all/49/73/asset-2354973.jpg",
    "walkRouteSequenceNumber": 4776,
    "price": {
      "basicPrice": 1.59,
      "recommendedQuantity": "1.0",
      "measurementUnitPrice": 5.3,
      "measurementUnit": "K",
      "isRedPrice": false,
      "pricePerUOM": 5.3,
      "activationDate": "19-03-2024",
      "recordSource": "Offline",
      "isPromoActive": "N",
      "priceChangeCode": "E"
    },
    "isAvailable": true,
    "isPriceAvailable": true,
    "inPromo": false,
    "gtin": [
      "05400141469646",
      "15400141469643"
    ],
    "topCategoryName": "Chips/Borrelhapjes",
    "topCategoryId": "306",
    "businessDomain": "RETAIL_BE",
    "IsPrivateLabel": true,
    "IsBiffe": false,
    "WeightconversionFactor": "0",
    "IsWeightArticle": false,
    "nutriscoreLabel": "C",
    "IsBio": false,
    "CountryOfOrigin": "BELGIË",
    "IsExclusivelySoldInLuxembourg": false,
    "OrderUnit": "P",
    "ShortName": "BONI GUACAMOLE 300G",
    "IsNew": false,
    "EcoscoreLabel": "B",
    "RecentQuanityOfStockUnits": "1,12",
    "LongName": "BONI guacamole 300 g V",
    "FicCode": "I",
    "EcoscoreValue": "66"
  },
  {
    "productId": "12588",
    "technicalArticleNumber": "1315147",
    "commercialArticleNumber": "13657",
    "name": "kruiden oregano",
    "brand": "BONI",
    "seoBrand": "Boni Selection",
    "thumbNail": "https://static.colruytgroup.com/images/200x200/std.lang.all/10/87/asset-521087.jpg",
    "fullImage": "https://static.colruytgroup.com/images/500x500/std.lang.all/10/87/asset-521087.jpg",
    "squareImage": "https://static.colruytgroup.com/images/500x500sq/std.lang.all/10/87/asset-521087.jpg",
    "content": "150g",
    "walkRouteSequenceNumber": 6506,
    "price": {
      "basicPrice": 4.29,
      "recommendedQuantity": "1.0",
      "measurementUnitPrice": 28.6,
      "measurementUnit": "K",
      "isRedPrice": false,
      "pricePerUOM": 28.6,
      "activationDate": "23-01-2024",
      "isPromoActive": "N",
      "priceChangeCode": "L"
    },
    "isAvailable": true,
    "isPriceAvailable": true,
    "inPromo": false,
    "gtin": [
      "15400141961796",
      "05400141098402",
      "05400141636574"
    ],
    "topCategoryName": "Kruidenierswaren/Droge voeding",
    "topCategoryId": "233",
    "businessDomain": "RETAIL_BE",
    "IsPrivateLabel": true,
    "IsBiffe": false,
    "WeightconversionFactor": "0",
    "IsWeightArticle": false,
    "IsBio": false,
    "CountryOfOrigin": "TURKIJE",
    "IsExclusivelySoldInLuxembourg": false,
    "OrderUnit": "P",
    "ShortName": "BONI OREGANO 150G",
    "IsNew": false,
    "RecentQuanityOfStockUnits": "1,4",
    "LongName": "BONI kruiden oregano 150g",
    "AlcoholVolume": "0",
    "FicCode": "I"
  },
  {
    "productId": "14449",
    "technicalArticleNumber": "1632613",
    "commercialArticleNumber": "12187",
    "name": "9 groentenweelde brik",
    "description": "*Groentesoep",
    "brand": "LIEBIG",
    "seoBrand": "Liebig",
    "thumbNail": "https://static.colruytgroup.com/images/200x200/nl_be/65/13/asset-2366513.jpg",
    "fullImage": "https://static.colruytgroup.com/images/500x500/nl_be/65/13/asset-2366513.jpg",
    "squareImage": "https://static.colruytgroup.com/images/500x500sq/nl_be/65/13/asset-2366513.jpg",
    "content": "1L",
    "walkRouteSequenceNumber": 16887,
    "price": {
      "basicPrice": 3.19,
      "recommendedQuantity": "2.0",
      "measurementUnitPrice": 3.19,
      "measurementUnit": "L",
      "isRedPrice": false,
      "pricePerUOM": 3.19,
      "activationDate": "12-03-2024",
      "recordSource": "Offline",
      "isPromoActive": "N",
      "priceChangeCode": "H"
    },
    "isAvailable": true,
    "isPriceAvailable": true,
    "inPromo": false,
    "gtin": [
      "05414972101521",
      "05414972726625",
      "05414972205724",
      "05414972705729",
      "05410056184176",
      "05414972706092"
    ],
    "topCategoryName": "Kruidenierswaren/Droge voeding",
    "topCategoryId": "233",
    "businessDomain": "RETAIL_BE",
    "IsPrivateLabel": false,
    "IsBiffe": false,
    "WeightconversionFactor": "0",
    "IsWeightArticle": false,
    "nutriscoreLabel": "B",
    "IsBio": false,
    "CountryOfOrigin": "FRANKRIJK",
    "IsExclusivelySoldInLuxembourg": false,
    "OrderUnit": "P",
    "ShortName": "LIEB 9GROENTENWEELDE 1L",
    "IsNew": false,
    "EcoscoreLabel": "B",
    "RecentQuanityOfStockUnits": "1,2,8,8",
    "LongName": "LIEBIG 9 groentenweelde brik 1L",
    "AlcoholVolume": "0",
    "FicCode": "E",
    "EcoscoreValue": "78"
  },
  {
    "productId": "99493",
    "technicalArticleNumber": "2916152",
    "commercialArticleNumber": "34012",
    "name": "geroosterd brood",
    "description": "*Sneetjes geroosterd tarwebrood\n*Met 97 % granen",
    "brand": "LU HEUDEBERT",
    "seoBrand": "LU Heudebert",
    "thumbNail": "https://static.colruytgroup.com/images/200x200/std.lang.all/37/17/asset-2723717.jpg",
    "fullImage": "https://static.colruytgroup.com/images/500x500/std.lang.all/37/17/asset-2723717.jpg",
    "squareImage": "https://static.colruytgroup.com/images/500x500sq/std.lang.all/37/17/asset-2723717.jpg",
    "content": "500g",
    "walkRouteSequenceNumber": 17079,
    "price": {
      "basicPrice": 4.55,
      "recommendedQuantity": "1.0",
      "measurementUnitPrice": 9.1,
      "measurementUnit": "K",
      "isRedPrice": false,
      "pricePerUOM": 9.1,
      "activationDate": "17-02-2024",
      "recordSource": "Offline",
      "isPromoActive": "N",
      "priceChangeCode": "E"
    },
    "isAvailable": true,
    "isPriceAvailable": true,
    "inPromo": false,
    "gtin": [
      "07622210100580",
      "07622210191106"
    ],
    "topCategoryName": "Brood/Ontbijt",
    "topCategoryId": "124",
    "businessDomain": "RETAIL_BE",
    "IsPrivateLabel": false,
    "IsBiffe": false,
    "WeightconversionFactor": "0",
    "IsWeightArticle": false,
    "nutriscoreLabel": "D",
    "IsBio": false,
    "CountryOfOrigin": "FRANKRIJK",
    "IsExclusivelySoldInLuxembourg": false,
    "OrderUnit": "P",
    "ShortName": "LU HEUD.GER.BROOD 500G",
    "InSeason": true,
    "IsNew": false,
    "RecentQuanityOfStockUnits": "1",
    "LongName": "LU HEUDEBERT geroosterd brood 500g",
    "AlcoholVolume": "0",
    "StartSeasonDate": "10/06/2020",
    "FicCode": "E"
  },
  {
    "productId": "23768",
    "technicalArticleNumber": "1953038",
    "commercialArticleNumber": "13818",
    "name": "saus americaine chef",
    "brand": "LA WILLIAM",
    "seoBrand": "La William",
    "thumbNail": "https://static.colruytgroup.com/images/200x200/std.lang.all/03/29/asset-530329.jpg",
    "fullImage": "https://static.colruytgroup.com/images/500x500/std.lang.all/03/29/asset-530329.jpg",
    "squareImage": "https://static.colruytgroup.com/images/500x500sq/std.lang.all/03/29/asset-530329.jpg",
    "content": "300ml",
    "walkRouteSequenceNumber": 8160,
    "price": {
      "basicPrice": 3.45,
      "recommendedQuantity": "1.0",
      "quantityPrice": 2.58,
      "quantityPriceQuantity": "2.0",
      "measurementUnitPrice": 11.5,
      "measurementUnitQuantityPrice": 8.6,
      "measurementUnit": "L",
      "isRedPrice": false,
      "pricePerUOM": 11.5,
      "activationDate": "20-03-2024",
      "recordSource": "Offline",
      "isPromoActive": "N",
      "priceChangeCode": "E",
      "quantityPricePerUOM": 8.6,
      "quantityActivationDate": "20-03-2024",
      "quantityPriceChangeCode": "L"
    },
    "isAvailable": true,
    "isPriceAvailable": true,
    "inPromo": false,
    "gtin": [
      "05410426109150",
      "05410426109167"
    ],
    "topCategoryName": "Kruidenierswaren/Droge voeding",
    "topCategoryId": "233",
    "businessDomain": "RETAIL_BE",
    "IsPrivateLabel": false,
    "IsBiffe": false,
    "WeightconversionFactor": "0",
    "IsWeightArticle": false,
    "IsBio": false,
    "CountryOfOrigin": "BELGIË",
    "IsExclusivelySoldInLuxembourg": false,
    "OrderUnit": "P",
    "ShortName": "WILLIAM AMER.CHEF 300ML",
    "IsNew": false,
    "EcoscoreLabel": "B",
    "RecentQuanityOfStockUnits": "1,12",
    "LongName": "LA WILLIAM saus americaine chef 300ml",
    "AlcoholVolume": "0",
    "FicCode": "E",
    "EcoscoreValue": "76"
  },
  {
    "productId": "18697",
    "technicalArticleNumber": "1717191",
    "commercialArticleNumber": "12221",
    "name": "soep asperge crème",
    "description": "*Soep in blik\n*Snelle maaltijd\n*Snelle maaltijd\n*Groentensoep\n*Warm gerecht",
    "brand": "KNORR",
    "seoBrand": "Knorr",
    "thumbNail": "https://static.colruytgroup.com/images/200x200/nl_be/53/49/asset-2795349.jpg",
    "fullImage": "https://static.colruytgroup.com/images/500x500/nl_be/53/49/asset-2795349.jpg",
    "squareImage": "https://static.colruytgroup.com/images/500x500sq/nl_be/53/49/asset-2795349.jpg",
    "content": "515ml",
    "walkRouteSequenceNumber": 16894,
    "price": {
      "basicPrice": 2.59,
      "recommendedQuantity": "2.0",
      "measurementUnitPrice": 5.03,
      "measurementUnit": "L",
      "isRedPrice": false,
      "pricePerUOM": 5.03,
      "activationDate": "13-03-2024",
      "recordSource": "Offline",
      "isPromoActive": "N",
      "priceChangeCode": "H"
    },
    "isAvailable": true,
    "isPriceAvailable": true,
    "inPromo": false,
    "gtin": [
      "05400141122213",
      "08722700083160",
      "08722700700241",
      "08710522616994",
      "08710522617007"
    ],
    "topCategoryName": "Kruidenierswaren/Droge voeding",
    "topCategoryId": "233",
    "businessDomain": "RETAIL_BE",
    "IsPrivateLabel": false,
    "IsBiffe": false,
    "WeightconversionFactor": "0",
    "IsWeightArticle": false,
    "nutriscoreLabel": "C",
    "IsBio": false,
    "CountryOfOrigin": "NEDERLAND",
    "IsExclusivelySoldInLuxembourg": false,
    "OrderUnit": "P",
    "ShortName": "KNORR ASPERGECREME515ML",
    "InSeason": true,
    "IsNew": false,
    "EcoscoreLabel": "B",
    "RecentQuanityOfStockUnits": "1",
    "LongName": "KNORR soep asperge crème 515ml",
    "AlcoholVolume": "0",
    "StartSeasonDate": "08/04/2019",
    "FicCode": "E",
    "EcoscoreValue": "69"
  },
  {
    "productId": "37163",
    "technicalArticleNumber": "1843606",
    "commercialArticleNumber": "15088",
    "name": "penne volkoren",
    "description": "*100% volkoren tarwe\n*Bron van vezels\n*Eiwit : 13,5g/100g\n*Kooktijd : 7-8 min",
    "brand": "SOUBRY",
    "seoBrand": "Soubry",
    "thumbNail": "https://static.colruytgroup.com/images/200x200/std.lang.all/44/07/asset-334407.jpg",
    "fullImage": "https://static.colruytgroup.com/images/500x500/std.lang.all/44/07/asset-334407.jpg",
    "squareImage": "https://static.colruytgroup.com/images/500x500sq/std.lang.all/44/07/asset-334407.jpg",
    "content": "500g",
    "walkRouteSequenceNumber": 8308,
    "price": {
      "basicPrice": 1.85,
      "recommendedQuantity": "1.0",
      "measurementUnitPrice": 3.7,
      "measurementUnit": "K",
      "isRedPrice": false,
      "pricePerUOM": 3.7,
      "activationDate": "22-03-2024",
      "recordSource": "Offline",
      "isPromoActive": "N",
      "priceChangeCode": "H"
    },
    "isAvailable": true,
    "isPriceAvailable": true,
    "inPromo": false,
    "gtin": [
      "05410028050669",
      "65410028050661"
    ],
    "topCategoryName": "Kruidenierswaren/Droge voeding",
    "topCategoryId": "233",
    "businessDomain": "RETAIL_BE",
    "IsPrivateLabel": false,
    "IsBiffe": false,
    "WeightconversionFactor": "0",
    "IsWeightArticle": false,
    "nutriscoreLabel": "A",
    "IsBio": false,
    "CountryOfOrigin": "BELGIË",
    "IsExclusivelySoldInLuxembourg": false,
    "OrderUnit": "P",
    "ShortName": "SOUBRY VOLK PENNE 500G",
    "IsNew": false,
    "EcoscoreLabel": "A",
    "RecentQuanityOfStockUnits": "1,12",
    "LongName": "SOUBRY penne volkoren 500g",
    "AlcoholVolume": "0",
    "FicCode": "E",
    "EcoscoreValue": "99"
  },
  {
    "productId": "778754",
    "technicalArticleNumber": "4572405",
    "commercialArticleNumber": "28567",
    "name": "noodles curry bag",
    "description": "*Instant noedels met\n*Currysmaak",
    "brand": "AIKI",
    "seoBrand": "Aïki",
    "thumbNail": "https://static.colruytgroup.com/images/200x200/std.lang.all/15/78/asset-3201578.jpg",
    "fullImage": "https://static.colruytgroup.com/images/500x500/std.lang.all/15/78/asset-3201578.jpg",
    "squareImage": "https://static.colruytgroup.com/images/500x500sq/std.lang.all/15/78/asset-3201578.jpg",
    "content": "80,5g",
    "walkRouteSequenceNumber": 17022,
    "price": {
      "basicPrice": 1.59,
      "recommendedQuantity": "1.0",
      "measurementUnitPrice": 19.88,
      "measurementUnit": "K",
      "isRedPrice": false,
      "pricePerUOM": 19.88,
      "activationDate": "28-02-2024",
      "recordSource": "Offline",
      "isPromoActive": "N",
      "priceChangeCode": "H"
    },
    "isAvailable": true,
    "isPriceAvailable": true,
    "inPromo": false,
    "gtin": [
      "05414972330181",
      "05414972730479",
      "05414972130477",
      "05414972630182"
    ],
    "topCategoryName": "Kruidenierswaren/Droge voeding",
    "topCategoryId": "233",
    "businessDomain": "RETAIL_BE",
    "IsPrivateLabel": false,
    "IsBiffe": false,
    "WeightconversionFactor": "0",
    "IsWeightArticle": false,
    "nutriscoreLabel": "C",
    "IsBio": false,
    "CountryOfOrigin": "HONGARIJE",
    "IsExclusivelySoldInLuxembourg": false,
    "OrderUnit": "P",
    "ShortName": "AIKI NOODLES CURRY80.5G",
    "IsNew": false,
    "EcoscoreLabel": "B",
    "RecentQuanityOfStockUnits": "1,11",
    "LongName": "AIKI noodles curry bag 80,5g",
    "FicCode": "E",
    "EcoscoreValue": "62"
  },
  {
    "productId": "291493",
    "technicalArticleNumber": "3689552",
    "commercialArticleNumber": "19580",
    "name": "saus bechamel Brik",
    "description": "*Droge saus\n*Zachte smaak\n*Makkelijk doseren\n*Warm gerechten\n*Klaar voor gebruik",
    "brand": "KNORR",
    "seoBrand": "Knorr",
    "thumbNail": "https://static.colruytgroup.com/images/200x200/std.lang.all/46/25/asset-2804625.jpg",
    "fullImage": "https://static.colruytgroup.com/images/500x500/std.lang.all/46/25/asset-2804625.jpg",
    "squareImage": "https://static.colruytgroup.com/images/500x500sq/std.lang.all/46/25/asset-2804625.jpg",
    "content": "500ml",
    "walkRouteSequenceNumber": 8282,
    "price": {
      "basicPrice": 3.75,
      "recommendedQuantity": "2.0",
      "measurementUnitPrice": 7.5,
      "measurementUnit": "L",
      "isRedPrice": false,
      "pricePerUOM": 7.5,
      "activationDate": "22-03-2024",
      "recordSource": "Offline",
      "isPromoActive": "N",
      "priceChangeCode": "H"
    },
    "isAvailable": true,
    "isPriceAvailable": true,
    "inPromo": false,
    "gtin": [
      "08720182596574",
      "08714100793329",
      "08720182596581",
      "08714100793336",
      "05400141002546"
    ],
    "topCategoryName": "Kruidenierswaren/Droge voeding",
    "topCategoryId": "233",
    "businessDomain": "RETAIL_BE",
    "IsPrivateLabel": false,
    "IsBiffe": false,
    "WeightconversionFactor": "0",
    "IsWeightArticle": false,
    "nutriscoreLabel": "C",
    "IsBio": false,
    "CountryOfOrigin": "ITALIË",
    "IsExclusivelySoldInLuxembourg": false,
    "OrderUnit": "P",
    "ShortName": "KNOR TETRA BECHAMEL 500",
    "IsNew": false,
    "EcoscoreLabel": "B",
    "RecentQuanityOfStockUnits": "1,12",
    "LongName": "KNORR saus bechamel Brik 500ml",
    "AlcoholVolume": "0",
    "FicCode": "E",
    "EcoscoreValue": "67"
  },
  {
    "productId": "42524",
    "technicalArticleNumber": "2532541",
    "commercialArticleNumber": "14444",
    "name": "soep Class.tom.balletjes brik",
    "description": "*Tomatensoep\n*Soep in brik\n*Klaar voor gebruik\n*Warm gerecht\n*Makkelijk bereiden",
    "brand": "KNORR",
    "seoBrand": "Knorr",
    "thumbNail": "https://static.colruytgroup.com/images/200x200/nl_be/39/97/asset-2883997.jpg",
    "fullImage": "https://static.colruytgroup.com/images/500x500/nl_be/39/97/asset-2883997.jpg",
    "squareImage": "https://static.colruytgroup.com/images/500x500sq/nl_be/39/97/asset-2883997.jpg",
    "content": "1L",
    "walkRouteSequenceNumber": 16954,
    "price": {
      "basicPrice": 2.49,
      "recommendedQuantity": "2.0",
      "measurementUnitPrice": 2.49,
      "measurementUnit": "L",
      "isRedPrice": false,
      "pricePerUOM": 2.49,
      "activationDate": "13-03-2024",
      "recordSource": "Offline",
      "isPromoActive": "N",
      "priceChangeCode": "E"
    },
    "isAvailable": true,
    "isPriceAvailable": true,
    "inPromo": true,
    "promotion": [
      {
        "techPromoId": "100943COLR",
        "promotionId": "100943",
        "promotionType": "3",
        "isPersonalized": "N",
        "publicationStartDate": "13-03-2024",
        "publicationEndDate": "26-03-2024"
      }
    ],
    "gtin": [
      "05400141017106",
      "08714100769003",
      "08714100768990"
    ],
    "topCategoryName": "Kruidenierswaren/Droge voeding",
    "topCategoryId": "233",
    "businessDomain": "RETAIL_BE",
    "IsPrivateLabel": false,
    "IsBiffe": false,
    "WeightconversionFactor": "0",
    "IsWeightArticle": false,
    "nutriscoreLabel": "C",
    "IsBio": false,
    "CountryOfOrigin": "FRANKRIJK",
    "IsExclusivelySoldInLuxembourg": false,
    "OrderUnit": "P",
    "ShortName": "KN TOMAAT BALLETJES 1L",
    "IsNew": false,
    "EcoscoreLabel": "D",
    "RecentQuanityOfStockUnits": "2,1,8",
    "LongName": "KNORR soep Class.tom.balletjes brik 1L",
    "AlcoholVolume": "0",
    "FicCode": "E",
    "EcoscoreValue": "32"
  },
  {
    "productId": "189516",
    "technicalArticleNumber": "3461542",
    "commercialArticleNumber": "50330",
    "name": "vinaigrette mosterd",
    "brand": "BONI",
    "seoBrand": "Boni Selection",
    "thumbNail": "https://static.colruytgroup.com/images/200x200/std.lang.all/31/18/asset-2503118.jpg",
    "fullImage": "https://static.colruytgroup.com/images/500x500/std.lang.all/31/18/asset-2503118.jpg",
    "squareImage": "https://static.colruytgroup.com/images/500x500sq/std.lang.all/31/18/asset-2503118.jpg",
    "content": "450ml",
    "walkRouteSequenceNumber": 8062,
    "price": {
      "basicPrice": 1.34,
      "recommendedQuantity": "1.0",
      "measurementUnitPrice": 2.98,
      "measurementUnit": "L",
      "isRedPrice": false,
      "pricePerUOM": 2.98,
      "activationDate": "01-03-2024",
      "recordSource": "Offline",
      "isPromoActive": "N",
      "priceChangeCode": "E"
    },
    "isAvailable": true,
    "isPriceAvailable": true,
    "inPromo": false,
    "gtin": [
      "05400141500103",
      "15400141500100",
      "15400141355502",
      "15400141731665",
      "05400141731668",
      "15400141836841",
      "05400141381849",
      "05400141355505"
    ],
    "topCategoryName": "Kruidenierswaren/Droge voeding",
    "topCategoryId": "233",
    "businessDomain": "RETAIL_BE",
    "IsPrivateLabel": true,
    "IsBiffe": false,
    "WeightconversionFactor": "0",
    "IsWeightArticle": false,
    "nutriscoreLabel": "E",
    "IsBio": false,
    "CountryOfOrigin": "BELGIË",
    "IsExclusivelySoldInLuxembourg": false,
    "OrderUnit": "P",
    "ShortName": "BONI VINAIGR.MOSTERD450",
    "IsNew": false,
    "EcoscoreLabel": "B",
    "RecentQuanityOfStockUnits": "1",
    "LongName": "BONI vinaigrette mosterd 450ml",
    "AlcoholVolume": "0",
    "FicCode": "I",
    "EcoscoreValue": "71"
  },
  {
    "productId": "699",
    "technicalArticleNumber": "12625",
    "commercialArticleNumber": "12625",
    "name": "soep tomaten suprême",
    "description": "*Tomatensuprême\nmet croutons",
    "brand": "ROYCO CRUNCHY",
    "seoBrand": "Royco Crunchy",
    "thumbNail": "https://static.colruytgroup.com/images/200x200/std.lang.all/37/22/asset-3353722.jpg",
    "fullImage": "https://static.colruytgroup.com/images/500x500/std.lang.all/37/22/asset-3353722.jpg",
    "squareImage": "https://static.colruytgroup.com/images/500x500sq/std.lang.all/37/22/asset-3353722.jpg",
    "content": "20st",
    "walkRouteSequenceNumber": 16912,
    "price": {
      "basicPrice": 11.6,
      "recommendedQuantity": "1.0",
      "measurementUnitPrice": 28.02,
      "measurementUnit": "K",
      "isRedPrice": false,
      "pricePerUOM": 28.02,
      "activationDate": "15-03-2024",
      "recordSource": "Offline",
      "isPromoActive": "N",
      "priceChangeCode": "E"
    },
    "isAvailable": true,
    "isPriceAvailable": true,
    "inPromo": false,
    "gtin": [
      "05410056186941",
      "05410056786943"
    ],
    "topCategoryName": "Kruidenierswaren/Droge voeding",
    "topCategoryId": "233",
    "businessDomain": "RETAIL_BE",
    "IsPrivateLabel": false,
    "IsBiffe": false,
    "WeightconversionFactor": "0",
    "IsWeightArticle": false,
    "nutriscoreLabel": "C",
    "IsBio": false,
    "CountryOfOrigin": "NEDERLAND",
    "IsExclusivelySoldInLuxembourg": false,
    "OrderUnit": "P",
    "ShortName": "RMS.CRUNCHY TOM.SUPR20Z",
    "IsNew": false,
    "EcoscoreLabel": "B",
    "RecentQuanityOfStockUnits": "1,8",
    "LongName": "ROYCO CRUNCHY soep tomaten suprême 20st",
    "AlcoholVolume": "0",
    "FicCode": "E",
    "EcoscoreValue": "77"
  },
  {
    "productId": "3132",
    "technicalArticleNumber": "1044713",
    "commercialArticleNumber": "14515",
    "name": "volkorenspaghetti",
    "description": "*kooktijd:12 minuten\n*Eiwit: 13,5 g/100 g",
    "brand": "BONI BIO",
    "seoBrand": "Boni Selection Bio",
    "thumbNail": "https://static.colruytgroup.com/images/200x200/std.lang.all/06/55/asset-3330655.jpg",
    "fullImage": "https://static.colruytgroup.com/images/500x500/std.lang.all/06/55/asset-3330655.jpg",
    "squareImage": "https://static.colruytgroup.com/images/500x500sq/std.lang.all/06/55/asset-3330655.jpg",
    "content": "500g",
    "walkRouteSequenceNumber": 8165,
    "price": {
      "basicPrice": 1.09,
      "recommendedQuantity": "2.0",
      "measurementUnitPrice": 2.18,
      "measurementUnit": "K",
      "isRedPrice": false,
      "pricePerUOM": 2.18,
      "activationDate": "11-01-2024",
      "recordSource": "Offline",
      "isPromoActive": "N",
      "priceChangeCode": "E"
    },
    "isAvailable": true,
    "isPriceAvailable": true,
    "inPromo": false,
    "gtin": [
      "15400141806530",
      "05400141806533",
      "05400141255256",
      "05400141243284",
      "05400141070309",
      "05400141057645",
      "05400141379266",
      "15400141243281",
      "15400141868453",
      "05400141656541"
    ],
    "topCategoryName": "Kruidenierswaren/Droge voeding",
    "topCategoryId": "233",
    "businessDomain": "RETAIL_BE",
    "IsPrivateLabel": true,
    "IsBiffe": false,
    "WeightconversionFactor": "0",
    "IsWeightArticle": false,
    "nutriscoreLabel": "A",
    "IsBio": true,
    "CountryOfOrigin": "BELGIË",
    "IsExclusivelySoldInLuxembourg": false,
    "OrderUnit": "P",
    "ShortName": "UB BONI BIO VOL.SPAG500",
    "IsNew": false,
    "EcoscoreLabel": "A",
    "RecentQuanityOfStockUnits": "2,1",
    "LongName": "BONI BIO volkorenspaghetti 500g",
    "AlcoholVolume": "0",
    "FicCode": "I",
    "EcoscoreValue": "100"
  },
  {
    "productId": "52382",
    "technicalArticleNumber": "2204699",
    "commercialArticleNumber": "15497",
    "name": "bloem meergranenbrood",
    "description": "*Geschikt voor\nmeergranenbrood\n*Geschikt voor de\nbroodmachine",
    "brand": "BONI",
    "seoBrand": "Boni Selection",
    "thumbNail": "https://static.colruytgroup.com/images/200x200/std.lang.all/40/33/asset-1344033.jpg",
    "fullImage": "https://static.colruytgroup.com/images/500x500/std.lang.all/40/33/asset-1344033.jpg",
    "squareImage": "https://static.colruytgroup.com/images/500x500sq/std.lang.all/40/33/asset-1344033.jpg",
    "content": "5kg",
    "walkRouteSequenceNumber": 9612,
    "price": {
      "basicPrice": 8.49,
      "recommendedQuantity": "1.0",
      "measurementUnitPrice": 1.7,
      "measurementUnit": "K",
      "isRedPrice": false,
      "pricePerUOM": 1.7,
      "activationDate": "26-01-2024",
      "isPromoActive": "N",
      "priceChangeCode": "L"
    },
    "isAvailable": true,
    "isPriceAvailable": true,
    "inPromo": false,
    "gtin": [
      "05400141166262",
      "05400141377729",
      "05400141331745"
    ],
    "topCategoryName": "Kruidenierswaren/Droge voeding",
    "topCategoryId": "233",
    "businessDomain": "RETAIL_BE",
    "IsPrivateLabel": true,
    "IsBiffe": false,
    "WeightconversionFactor": "0",
    "IsWeightArticle": false,
    "nutriscoreLabel": "A",
    "IsBio": false,
    "CountryOfOrigin": "BELGIË",
    "IsExclusivelySoldInLuxembourg": false,
    "OrderUnit": "P",
    "ShortName": "BONI MULTIGRAAN 5KG",
    "IsNew": false,
    "EcoscoreLabel": "B",
    "RecentQuanityOfStockUnits": "1",
    "LongName": "BONI bloem meergranenbrood 5kg",
    "AlcoholVolume": "0",
    "FicCode": "I",
    "EcoscoreValue": "76"
  },
  {
    "productId": "10555",
    "technicalArticleNumber": "1395757",
    "commercialArticleNumber": "12194",
    "name": "erwtensoep spekblokjes brik",
    "description": "*Erwtensoep\nmet spekblokjes",
    "brand": "LIEBIG",
    "seoBrand": "Liebig",
    "thumbNail": "https://static.colruytgroup.com/images/200x200/nl_be/35/78/asset-3353578.jpg",
    "fullImage": "https://static.colruytgroup.com/images/500x500/nl_be/35/78/asset-3353578.jpg",
    "squareImage": "https://static.colruytgroup.com/images/500x500sq/nl_be/35/78/asset-3353578.jpg",
    "content": "1L",
    "walkRouteSequenceNumber": 16886,
    "price": {
      "basicPrice": 3.69,
      "recommendedQuantity": "1.0",
      "measurementUnitPrice": 3.69,
      "measurementUnit": "L",
      "isRedPrice": false,
      "pricePerUOM": 3.69,
      "activationDate": "15-03-2024",
      "recordSource": "Offline",
      "isPromoActive": "N",
      "priceChangeCode": "L"
    },
    "isAvailable": true,
    "isPriceAvailable": true,
    "inPromo": false,
    "gtin": [
      "05400141038781",
      "05410056188068",
      "05414972726632",
      "05414972705750",
      "05414972205755"
    ],
    "topCategoryName": "Kruidenierswaren/Droge voeding",
    "topCategoryId": "233",
    "businessDomain": "RETAIL_BE",
    "IsPrivateLabel": false,
    "IsBiffe": false,
    "WeightconversionFactor": "0",
    "IsWeightArticle": false,
    "nutriscoreLabel": "B",
    "IsBio": false,
    "CountryOfOrigin": "FRANKRIJK",
    "IsExclusivelySoldInLuxembourg": false,
    "OrderUnit": "P",
    "ShortName": "LIEBIG ERWTEN SPEK 1L",
    "IsNew": false,
    "EcoscoreLabel": "D",
    "RecentQuanityOfStockUnits": "1,2,8",
    "LongName": "LIEBIG erwtensoep spekblokjes brik 1L",
    "AlcoholVolume": "0",
    "FicCode": "E",
    "EcoscoreValue": "32"
  },
  {
    "productId": "893",
    "technicalArticleNumber": "13642",
    "commercialArticleNumber": "13642",
    "name": "kruiden spaghetti",
    "brand": "BONI",
    "seoBrand": "Boni Selection",
    "thumbNail": "https://static.colruytgroup.com/images/200x200/std.lang.all/19/52/asset-1381952.jpg",
    "fullImage": "https://static.colruytgroup.com/images/500x500/std.lang.all/19/52/asset-1381952.jpg",
    "squareImage": "https://static.colruytgroup.com/images/500x500sq/std.lang.all/19/52/asset-1381952.jpg",
    "content": "620g",
    "walkRouteSequenceNumber": 6425,
    "price": {
      "basicPrice": 7.49,
      "recommendedQuantity": "1.0",
      "measurementUnitPrice": 12.09,
      "measurementUnit": "K",
      "isRedPrice": false,
      "pricePerUOM": 12.09,
      "activationDate": "23-01-2024",
      "isPromoActive": "N",
      "priceChangeCode": "L"
    },
    "isAvailable": true,
    "isPriceAvailable": true,
    "inPromo": false,
    "gtin": [
      "05400141126259",
      "05400141168389",
      "05400141359626",
      "15400141126256",
      "15400141359623"
    ],
    "topCategoryName": "Kruidenierswaren/Droge voeding",
    "topCategoryId": "233",
    "businessDomain": "RETAIL_BE",
    "IsPrivateLabel": true,
    "IsBiffe": false,
    "WeightconversionFactor": "0",
    "IsWeightArticle": false,
    "nutriscoreLabel": "E",
    "IsBio": false,
    "CountryOfOrigin": "BELGIË",
    "IsExclusivelySoldInLuxembourg": false,
    "OrderUnit": "P",
    "ShortName": "BONI SPAGH KRUIDEN 620G",
    "IsNew": false,
    "EcoscoreLabel": "E",
    "RecentQuanityOfStockUnits": "1,1",
    "LongName": "BONI kruiden spaghetti 620g",
    "AlcoholVolume": "0",
    "FicCode": "I",
    "EcoscoreValue": "7"
  },
  {
    "productId": "11129",
    "technicalArticleNumber": "1385263",
    "commercialArticleNumber": "13608",
    "name": "saus cocktail",
    "brand": "BONI",
    "seoBrand": "Boni Selection",
    "thumbNail": "https://static.colruytgroup.com/images/200x200/std.lang.all/01/24/asset-2330124.jpg",
    "fullImage": "https://static.colruytgroup.com/images/500x500/std.lang.all/01/24/asset-2330124.jpg",
    "squareImage": "https://static.colruytgroup.com/images/500x500sq/std.lang.all/01/24/asset-2330124.jpg",
    "content": "500ml",
    "walkRouteSequenceNumber": 8139,
    "price": {
      "basicPrice": 2.98,
      "recommendedQuantity": "1.0",
      "measurementUnitPrice": 5.96,
      "measurementUnit": "L",
      "isRedPrice": false,
      "pricePerUOM": 5.96,
      "activationDate": "14-02-2024",
      "recordSource": "Offline",
      "isPromoActive": "N",
      "priceChangeCode": "E"
    },
    "isAvailable": true,
    "isPriceAvailable": true,
    "inPromo": false,
    "gtin": [
      "15400141902737",
      "05400141902730",
      "05400141191516",
      "05400141359114",
      "15400141958383",
      "15400141359111"
    ],
    "topCategoryName": "Kruidenierswaren/Droge voeding",
    "topCategoryId": "233",
    "businessDomain": "RETAIL_BE",
    "IsPrivateLabel": true,
    "IsBiffe": false,
    "WeightconversionFactor": "0",
    "IsWeightArticle": false,
    "nutriscoreLabel": "E",
    "IsBio": false,
    "CountryOfOrigin": "BELGIË",
    "IsExclusivelySoldInLuxembourg": false,
    "OrderUnit": "P",
    "ShortName": "BONI COCKTAILSAUS 500ML",
    "IsNew": false,
    "EcoscoreLabel": "C",
    "RecentQuanityOfStockUnits": "1",
    "LongName": "BONI saus cocktail 500ml",
    "AlcoholVolume": "0",
    "FicCode": "I",
    "EcoscoreValue": "47"
  },
  {
    "productId": "159926",
    "technicalArticleNumber": "3283624",
    "commercialArticleNumber": "38547",
    "name": "hannibal saus TD",
    "brand": "BONI",
    "seoBrand": "Boni Selection",
    "thumbNail": "https://static.colruytgroup.com/images/200x200/std.lang.all/56/72/asset-2475672.jpg",
    "fullImage": "https://static.colruytgroup.com/images/500x500/std.lang.all/56/72/asset-2475672.jpg",
    "squareImage": "https://static.colruytgroup.com/images/500x500sq/std.lang.all/56/72/asset-2475672.jpg",
    "content": "300ml",
    "walkRouteSequenceNumber": 8123,
    "price": {
      "basicPrice": 2.39,
      "recommendedQuantity": "1.0",
      "quantityPrice": 1.79,
      "quantityPriceQuantity": "2.0",
      "measurementUnitPrice": 7.97,
      "measurementUnitQuantityPrice": 5.97,
      "measurementUnit": "L",
      "isRedPrice": false,
      "pricePerUOM": 7.97,
      "activationDate": "20-03-2024",
      "recordSource": "Offline",
      "isPromoActive": "N",
      "priceChangeCode": "E",
      "quantityPricePerUOM": 5.97,
      "quantityActivationDate": "20-03-2024",
      "quantityPriceChangeCode": "H"
    },
    "isAvailable": true,
    "isPriceAvailable": true,
    "inPromo": false,
    "gtin": [
      "15400141057284",
      "05400141301595",
      "05400141212297",
      "05400141057287",
      "15400141899709",
      "05400141899702"
    ],
    "topCategoryName": "Kruidenierswaren/Droge voeding",
    "topCategoryId": "233",
    "businessDomain": "RETAIL_BE",
    "IsPrivateLabel": true,
    "IsBiffe": false,
    "WeightconversionFactor": "0",
    "IsWeightArticle": false,
    "nutriscoreLabel": "E",
    "IsBio": false,
    "CountryOfOrigin": "BELGIË",
    "IsExclusivelySoldInLuxembourg": false,
    "OrderUnit": "P",
    "ShortName": "BONI HANNIBAL TD 300ML",
    "InSeason": true,
    "IsNew": false,
    "EcoscoreLabel": "C",
    "RecentQuanityOfStockUnits": "10,1",
    "LongName": "BONI hannibal saus TD 300ml",
    "AlcoholVolume": "0",
    "StartSeasonDate": "23/02/2018",
    "FicCode": "I",
    "EcoscoreValue": "55"
  },
  {
    "productId": "9806",
    "technicalArticleNumber": "1383080",
    "commercialArticleNumber": "12255",
    "name": "Mexicaanse Fajita saus",
    "description": "*Fajitasaus",
    "brand": "POCO LOCO",
    "seoBrand": "Poco Loco",
    "thumbNail": "https://static.colruytgroup.com/images/200x200/std.lang.all/23/65/asset-1762365.jpg",
    "fullImage": "https://static.colruytgroup.com/images/500x500/std.lang.all/23/65/asset-1762365.jpg",
    "squareImage": "https://static.colruytgroup.com/images/500x500sq/std.lang.all/23/65/asset-1762365.jpg",
    "content": "430g",
    "walkRouteSequenceNumber": 8661,
    "price": {
      "basicPrice": 2.39,
      "recommendedQuantity": "1.0",
      "measurementUnitPrice": 5.56,
      "measurementUnit": "K",
      "isRedPrice": false,
      "pricePerUOM": 5.56,
      "activationDate": "14-11-2023",
      "isPromoActive": "N",
      "priceChangeCode": "E"
    },
    "isAvailable": true,
    "isPriceAvailable": true,
    "inPromo": false,
    "gtin": [
      "05412514999841",
      "15412514999848"
    ],
    "topCategoryName": "Kruidenierswaren/Droge voeding",
    "topCategoryId": "233",
    "businessDomain": "RETAIL_BE",
    "IsPrivateLabel": false,
    "IsBiffe": false,
    "WeightconversionFactor": "0",
    "IsWeightArticle": false,
    "nutriscoreLabel": "D",
    "IsBio": false,
    "CountryOfOrigin": "BELGIË",
    "IsExclusivelySoldInLuxembourg": false,
    "OrderUnit": "P",
    "ShortName": "POCO LO FAJITA SAUS430G",
    "IsNew": false,
    "EcoscoreLabel": "C",
    "RecentQuanityOfStockUnits": "1",
    "LongName": "POCO LOCO Mexicaanse Fajita saus 430g",
    "AlcoholVolume": "0",
    "FicCode": "E",
    "EcoscoreValue": "58"
  },
  {
    "productId": "693466",
    "technicalArticleNumber": "4421554",
    "commercialArticleNumber": "25745",
    "name": "vanillestokje",
    "brand": "BONI",
    "seoBrand": "Boni Selection",
    "thumbNail": "https://static.colruytgroup.com/images/200x200/std.lang.all/09/30/asset-2640930.jpg",
    "fullImage": "https://static.colruytgroup.com/images/500x500/std.lang.all/09/30/asset-2640930.jpg",
    "squareImage": "https://static.colruytgroup.com/images/500x500sq/std.lang.all/09/30/asset-2640930.jpg",
    "content": "2st",
    "walkRouteSequenceNumber": 6408,
    "price": {
      "basicPrice": 5.49,
      "recommendedQuantity": "1.0",
      "measurementUnitPrice": 2.75,
      "measurementUnit": "S",
      "isRedPrice": false,
      "pricePerUOM": 2.75,
      "activationDate": "21-03-2024",
      "isPromoActive": "N",
      "priceChangeCode": "H"
    },
    "isAvailable": true,
    "isPriceAvailable": true,
    "inPromo": false,
    "gtin": [
      "05400141839623",
      "15400141839620"
    ],
    "topCategoryName": "Kruidenierswaren/Droge voeding",
    "topCategoryId": "233",
    "businessDomain": "RETAIL_BE",
    "IsPrivateLabel": true,
    "IsBiffe": false,
    "WeightconversionFactor": "0",
    "IsWeightArticle": false,
    "IsBio": false,
    "CountryOfOrigin": "MADAGASKAR",
    "IsExclusivelySoldInLuxembourg": false,
    "OrderUnit": "P",
    "ShortName": "BONI VANILLESTOKJE 2ST",
    "IsNew": false,
    "EcoscoreLabel": "B",
    "RecentQuanityOfStockUnits": "1",
    "LongName": "BONI vanillestokje 2st",
    "FicCode": "I",
    "EcoscoreValue": "63"
  },
  {
    "productId": "220320",
    "technicalArticleNumber": "3492596",
    "commercialArticleNumber": "16207",
    "name": "zwarte peper gemalen",
    "brand": "BONI",
    "seoBrand": "Boni Selection",
    "thumbNail": "https://static.colruytgroup.com/images/200x200/std.lang.all/23/00/asset-972300.jpg",
    "fullImage": "https://static.colruytgroup.com/images/500x500/std.lang.all/23/00/asset-972300.jpg",
    "squareImage": "https://static.colruytgroup.com/images/500x500sq/std.lang.all/23/00/asset-972300.jpg",
    "content": "200g",
    "walkRouteSequenceNumber": 6445,
    "price": {
      "basicPrice": 3.4,
      "recommendedQuantity": "1.0",
      "measurementUnitPrice": 17,
      "measurementUnit": "K",
      "isRedPrice": false,
      "pricePerUOM": 17,
      "activationDate": "21-02-2024",
      "recordSource": "Offline",
      "isPromoActive": "N",
      "priceChangeCode": "H"
    },
    "isAvailable": true,
    "isPriceAvailable": true,
    "inPromo": false,
    "gtin": [
      "05400141397956",
      "05400141405729"
    ],
    "topCategoryName": "Kruidenierswaren/Droge voeding",
    "topCategoryId": "233",
    "businessDomain": "RETAIL_BE",
    "IsPrivateLabel": true,
    "IsBiffe": false,
    "WeightconversionFactor": "0",
    "IsWeightArticle": false,
    "nutriscoreLabel": "A",
    "IsBio": false,
    "CountryOfOrigin": "INDONESIË",
    "IsExclusivelySoldInLuxembourg": false,
    "OrderUnit": "P",
    "ShortName": "BONI GEM. ZW. PEPER200G",
    "IsNew": false,
    "EcoscoreLabel": "E",
    "RecentQuanityOfStockUnits": "12,1",
    "LongName": "BONI zwarte peper gemalen 200g",
    "AlcoholVolume": "0",
    "FicCode": "I",
    "EcoscoreValue": "6"
  },
  {
    "productId": "55427",
    "technicalArticleNumber": "2398198",
    "commercialArticleNumber": "36643",
    "name": "8 groentenweelde bal. brik",
    "description": "*Groentesoep met\nballetjes",
    "brand": "LIEBIG",
    "seoBrand": "Liebig",
    "thumbNail": "https://static.colruytgroup.com/images/200x200/nl_be/25/84/asset-1582584.jpg",
    "fullImage": "https://static.colruytgroup.com/images/500x500/nl_be/25/84/asset-1582584.jpg",
    "squareImage": "https://static.colruytgroup.com/images/500x500sq/nl_be/25/84/asset-1582584.jpg",
    "content": "1L",
    "walkRouteSequenceNumber": 16935,
    "price": {
      "basicPrice": 3.99,
      "recommendedQuantity": "1.0",
      "measurementUnitPrice": 3.99,
      "measurementUnit": "L",
      "isRedPrice": false,
      "pricePerUOM": 3.99,
      "activationDate": "23-03-2024",
      "recordSource": "Offline",
      "isPromoActive": "N",
      "priceChangeCode": "H"
    },
    "isAvailable": true,
    "isPriceAvailable": true,
    "inPromo": false,
    "gtin": [
      "05414972100210",
      "05414972705835"
    ],
    "topCategoryName": "Kruidenierswaren/Droge voeding",
    "topCategoryId": "233",
    "businessDomain": "RETAIL_BE",
    "IsPrivateLabel": false,
    "IsBiffe": false,
    "WeightconversionFactor": "0",
    "IsWeightArticle": false,
    "nutriscoreLabel": "C",
    "IsBio": false,
    "CountryOfOrigin": "FRANKRIJK",
    "IsExclusivelySoldInLuxembourg": false,
    "OrderUnit": "P",
    "ShortName": "LIEB 8GROENTENWE.BAL.1L",
    "IsNew": false,
    "EcoscoreLabel": "D",
    "RecentQuanityOfStockUnits": "1,8",
    "LongName": "LIEBIG 8 groentenweelde bal. brik 1L",
    "AlcoholVolume": "0",
    "FicCode": "E",
    "EcoscoreValue": "32"
  },
  {
    "productId": "869",
    "technicalArticleNumber": "13186",
    "commercialArticleNumber": "13186",
    "name": "kruiden kruidentuiltje",
    "description": "*Geeft smaak aan\nsoep, bouillon en\nstoofvlees",
    "brand": "BONI",
    "seoBrand": "Boni Selection",
    "thumbNail": "https://static.colruytgroup.com/images/200x200/std.lang.all/56/40/asset-3205640.jpg",
    "fullImage": "https://static.colruytgroup.com/images/500x500/std.lang.all/56/40/asset-3205640.jpg",
    "squareImage": "https://static.colruytgroup.com/images/500x500sq/std.lang.all/56/40/asset-3205640.jpg",
    "content": "15g",
    "walkRouteSequenceNumber": 6435,
    "price": {
      "basicPrice": 1.49,
      "recommendedQuantity": "1.0",
      "measurementUnitPrice": 99.34,
      "measurementUnit": "K",
      "isRedPrice": false,
      "pricePerUOM": 99.34,
      "activationDate": "05-03-2024",
      "recordSource": "Offline",
      "isPromoActive": "N",
      "priceChangeCode": "H"
    },
    "isAvailable": true,
    "isPriceAvailable": true,
    "inPromo": false,
    "gtin": [
      "05400141097504",
      "05400141189803",
      "05400141231861",
      "05400141055351",
      "35400141055352"
    ],
    "topCategoryName": "Kruidenierswaren/Droge voeding",
    "topCategoryId": "233",
    "businessDomain": "RETAIL_BE",
    "IsPrivateLabel": true,
    "IsBiffe": false,
    "WeightconversionFactor": "0",
    "IsWeightArticle": false,
    "IsBio": false,
    "CountryOfOrigin": "BELGIË",
    "IsExclusivelySoldInLuxembourg": false,
    "OrderUnit": "P",
    "ShortName": "BONI KRUIDENTUILTJE 15G",
    "IsNew": false,
    "EcoscoreLabel": "C",
    "RecentQuanityOfStockUnits": "1",
    "LongName": "BONI kruiden kruidentuiltje 15g",
    "AlcoholVolume": "0",
    "FicCode": "I",
    "EcoscoreValue": "41"
  },
  {
    "productId": "194330",
    "technicalArticleNumber": "3443259",
    "commercialArticleNumber": "23808",
    "name": "kruiden groene peper",
    "brand": "BONI",
    "seoBrand": "Boni Selection",
    "thumbNail": "https://static.colruytgroup.com/images/200x200/std.lang.all/24/30/asset-2022430.jpg",
    "fullImage": "https://static.colruytgroup.com/images/500x500/std.lang.all/24/30/asset-2022430.jpg",
    "squareImage": "https://static.colruytgroup.com/images/500x500sq/std.lang.all/24/30/asset-2022430.jpg",
    "content": "190g",
    "walkRouteSequenceNumber": 6469,
    "price": {
      "basicPrice": 3.4,
      "recommendedQuantity": "1.0",
      "measurementUnitPrice": 26.16,
      "measurementUnit": "K",
      "isRedPrice": false,
      "pricePerUOM": 26.16,
      "activationDate": "30-01-2024",
      "recordSource": "Offline",
      "isPromoActive": "N",
      "priceChangeCode": "H"
    },
    "isAvailable": true,
    "isPriceAvailable": true,
    "inPromo": false,
    "gtin": [
      "15400141298458",
      "05400141298451",
      "05400141378375",
      "15400141834113",
      "05400141057393"
    ],
    "topCategoryName": "Kruidenierswaren/Droge voeding",
    "topCategoryId": "233",
    "businessDomain": "RETAIL_BE",
    "IsPrivateLabel": true,
    "IsBiffe": false,
    "WeightconversionFactor": "0",
    "IsWeightArticle": false,
    "nutriscoreLabel": "D",
    "IsBio": false,
    "CountryOfOrigin": "MADAGASKAR",
    "IsExclusivelySoldInLuxembourg": false,
    "OrderUnit": "P",
    "ShortName": "BONI GROENE PEPER 190G",
    "IsNew": false,
    "EcoscoreLabel": "E",
    "RecentQuanityOfStockUnits": "1,12",
    "LongName": "BONI kruiden groene peper 190g",
    "AlcoholVolume": "0",
    "FicCode": "I",
    "EcoscoreValue": "15"
  },
  {
    "productId": "9744",
    "technicalArticleNumber": "1124213",
    "commercialArticleNumber": "13145",
    "name": "azijn natuur 8°",
    "description": "*Koude bereidingen,\nhuishoudelijk\ngebruik",
    "brand": "BONI BIO",
    "seoBrand": "Boni Selection Bio",
    "thumbNail": "https://static.colruytgroup.com/images/200x200/std.lang.all/62/04/asset-2176204.jpg",
    "fullImage": "https://static.colruytgroup.com/images/500x500/std.lang.all/62/04/asset-2176204.jpg",
    "squareImage": "https://static.colruytgroup.com/images/500x500sq/std.lang.all/62/04/asset-2176204.jpg",
    "content": "1L",
    "walkRouteSequenceNumber": 9146,
    "price": {
      "basicPrice": 1.69,
      "recommendedQuantity": "1.0",
      "measurementUnitPrice": 1.69,
      "measurementUnit": "L",
      "isRedPrice": false,
      "pricePerUOM": 1.69,
      "activationDate": "25-11-2023",
      "recordSource": "Offline",
      "isPromoActive": "N",
      "priceChangeCode": "H"
    },
    "isAvailable": true,
    "isPriceAvailable": true,
    "inPromo": false,
    "gtin": [
      "15400141387640",
      "15400141191414",
      "05400141387643",
      "05400141191417",
      "05400141156065"
    ],
    "topCategoryName": "Kruidenierswaren/Droge voeding",
    "topCategoryId": "233",
    "businessDomain": "RETAIL_BE",
    "IsPrivateLabel": true,
    "IsBiffe": false,
    "WeightconversionFactor": "0",
    "IsWeightArticle": false,
    "nutriscoreLabel": "A",
    "IsBio": true,
    "CountryOfOrigin": "FRANKRIJK",
    "IsExclusivelySoldInLuxembourg": false,
    "OrderUnit": "P",
    "ShortName": "BONI BIO AZIJN WIT8G 1L",
    "IsNew": false,
    "EcoscoreLabel": "A",
    "RecentQuanityOfStockUnits": "1",
    "LongName": "BONI BIO azijn natuur 8° 1L",
    "AlcoholVolume": "0",
    "FicCode": "I",
    "EcoscoreValue": "100"
  },
  {
    "productId": "42419",
    "technicalArticleNumber": "2426527",
    "commercialArticleNumber": "22893",
    "name": "Mélange ital.spagh. zakje",
    "description": "*Spagetti kruiden\n*Kruidenmix\n*Italiaanse keuken\n*In een zakje\n*Klaar voor gebruik",
    "brand": "KNORR",
    "seoBrand": "Knorr",
    "thumbNail": "https://static.colruytgroup.com/images/200x200/std.lang.all/46/13/asset-2804613.jpg",
    "fullImage": "https://static.colruytgroup.com/images/500x500/std.lang.all/46/13/asset-2804613.jpg",
    "squareImage": "https://static.colruytgroup.com/images/500x500sq/std.lang.all/46/13/asset-2804613.jpg",
    "content": "66g",
    "walkRouteSequenceNumber": 8278,
    "price": {
      "basicPrice": 1.79,
      "recommendedQuantity": "5.0",
      "measurementUnitPrice": 27.13,
      "measurementUnit": "K",
      "isRedPrice": false,
      "pricePerUOM": 27.13,
      "activationDate": "29-02-2024",
      "recordSource": "Offline",
      "isPromoActive": "N",
      "priceChangeCode": "H"
    },
    "isAvailable": true,
    "isPriceAvailable": true,
    "inPromo": false,
    "gtin": [
      "08718114898292",
      "05400141228939",
      "08718114996608",
      "15400141228936"
    ],
    "topCategoryName": "Kruidenierswaren/Droge voeding",
    "topCategoryId": "233",
    "businessDomain": "RETAIL_BE",
    "IsPrivateLabel": false,
    "IsBiffe": false,
    "WeightconversionFactor": "0",
    "IsWeightArticle": false,
    "IsBio": false,
    "CountryOfOrigin": "DUITSLAND",
    "IsExclusivelySoldInLuxembourg": false,
    "OrderUnit": "P",
    "ShortName": "KNORR MEL SPAGH ITAL",
    "IsNew": false,
    "EcoscoreLabel": "E",
    "RecentQuanityOfStockUnits": "5,1,15",
    "LongName": "KNORR Mélange ital.spagh. zakje 66g",
    "AlcoholVolume": "0",
    "FicCode": "E",
    "EcoscoreValue": "2"
  },
  {
    "productId": "742569",
    "technicalArticleNumber": "4508715",
    "commercialArticleNumber": "28143",
    "name": "olijven zonder pit Hercules",
    "description": "*Groen\n*Ontpit\n*Griekenland\n*Met paprikapasta,\nkruidige marinade",
    "brand": "BONI",
    "seoBrand": "Boni Selection",
    "thumbNail": "https://static.colruytgroup.com/images/200x200/std.lang.all/51/55/asset-2855155.jpg",
    "fullImage": "https://static.colruytgroup.com/images/500x500/std.lang.all/51/55/asset-2855155.jpg",
    "squareImage": "https://static.colruytgroup.com/images/500x500sq/std.lang.all/51/55/asset-2855155.jpg",
    "content": "145g",
    "walkRouteSequenceNumber": 7679,
    "price": {
      "basicPrice": 2.89,
      "recommendedQuantity": "1.0",
      "quantityPrice": 2.66,
      "quantityPriceQuantity": "3.0",
      "measurementUnitPrice": 19.94,
      "measurementUnitQuantityPrice": 18.35,
      "measurementUnit": "K",
      "isRedPrice": false,
      "pricePerUOM": 19.94,
      "activationDate": "17-11-2023",
      "isPromoActive": "N",
      "priceChangeCode": "E",
      "quantityPricePerUOM": 18.35,
      "quantityActivationDate": "17-11-2023",
      "quantityPriceChangeCode": "E"
    },
    "isAvailable": true,
    "isPriceAvailable": true,
    "inPromo": false,
    "gtin": [
      "05400141991017"
    ],
    "topCategoryName": "Chips/Borrelhapjes",
    "topCategoryId": "306",
    "businessDomain": "RETAIL_BE",
    "IsPrivateLabel": true,
    "IsBiffe": false,
    "WeightconversionFactor": "0",
    "IsWeightArticle": false,
    "nutriscoreLabel": "C",
    "IsBio": false,
    "CountryOfOrigin": "GRIEKENLAND",
    "IsExclusivelySoldInLuxembourg": false,
    "OrderUnit": "P",
    "ShortName": "BONI GRO.GR.OLI.PAP145G",
    "IsNew": false,
    "EcoscoreLabel": "B",
    "RecentQuanityOfStockUnits": "1",
    "LongName": "BONI olijven zonder pit Hercules 145g",
    "AlcoholVolume": "0",
    "FicCode": "I",
    "EcoscoreValue": "75"
  },
  {
    "productId": "66",
    "technicalArticleNumber": "14115",
    "commercialArticleNumber": "14115",
    "name": "pudding vanille",
    "description": "Instantpudding zonder koken.\nVanillesmaak. Voor 4 porties.",
    "brand": "DR.OETKER SAROMA",
    "seoBrand": "Dr.Oetker Saroma",
    "thumbNail": "https://static.colruytgroup.com/images/200x200/std.lang.all/18/72/asset-3141872.jpg",
    "fullImage": "https://static.colruytgroup.com/images/500x500/std.lang.all/18/72/asset-3141872.jpg",
    "squareImage": "https://static.colruytgroup.com/images/500x500sq/std.lang.all/18/72/asset-3141872.jpg",
    "content": "74g",
    "walkRouteSequenceNumber": 9589,
    "price": {
      "basicPrice": 0.69,
      "recommendedQuantity": "4.0",
      "measurementUnitPrice": 9.33,
      "measurementUnit": "K",
      "isRedPrice": false,
      "pricePerUOM": 9.33,
      "activationDate": "14-11-2023",
      "recordSource": "Offline",
      "isPromoActive": "N",
      "priceChangeCode": "E"
    },
    "isAvailable": true,
    "isPriceAvailable": true,
    "inPromo": false,
    "gtin": [
      "05410231063647",
      "05410231063623",
      "05410231064149",
      "05410231064125"
    ],
    "topCategoryName": "Kruidenierswaren/Droge voeding",
    "topCategoryId": "233",
    "businessDomain": "RETAIL_BE",
    "IsPrivateLabel": false,
    "IsBiffe": false,
    "WeightconversionFactor": "0",
    "IsWeightArticle": false,
    "nutriscoreLabel": "C",
    "IsBio": false,
    "CountryOfOrigin": "DUITSLAND",
    "IsExclusivelySoldInLuxembourg": false,
    "OrderUnit": "P",
    "ShortName": "OETK SAR.VANIL PUD 74G",
    "IsNew": false,
    "RecentQuanityOfStockUnits": "4,1",
    "LongName": "DR.OETKER SAROMA pudding vanille 74g",
    "AlcoholVolume": "0",
    "FicCode": "E"
  },
  {
    "productId": "61904",
    "technicalArticleNumber": "2768367",
    "commercialArticleNumber": "43269",
    "name": "frituurolie Excellence",
    "description": "*Frituren\n*100% zonnebloemolie\n*14 bakbeurten",
    "brand": "VANDEMOORTELE",
    "seoBrand": "Vandemoortele Excellence",
    "thumbNail": "https://static.colruytgroup.com/images/200x200/std.lang.all/72/52/asset-707252.jpg",
    "fullImage": "https://static.colruytgroup.com/images/500x500/std.lang.all/72/52/asset-707252.jpg",
    "squareImage": "https://static.colruytgroup.com/images/500x500sq/std.lang.all/72/52/asset-707252.jpg",
    "content": "2L",
    "walkRouteSequenceNumber": 9132,
    "price": {
      "basicPrice": 11.85,
      "recommendedQuantity": "1.0",
      "measurementUnitPrice": 5.93,
      "measurementUnit": "L",
      "isRedPrice": false,
      "pricePerUOM": 5.93,
      "activationDate": "31-01-2024",
      "recordSource": "Offline",
      "isPromoActive": "N",
      "priceChangeCode": "E"
    },
    "isAvailable": true,
    "isPriceAvailable": true,
    "inPromo": false,
    "gtin": [
      "05410093157201",
      "05410093157195"
    ],
    "topCategoryName": "Kruidenierswaren/Droge voeding",
    "topCategoryId": "233",
    "businessDomain": "RETAIL_BE",
    "IsPrivateLabel": false,
    "IsBiffe": false,
    "WeightconversionFactor": "0",
    "IsWeightArticle": false,
    "nutriscoreLabel": "B",
    "IsBio": false,
    "CountryOfOrigin": "NEDERLAND",
    "IsExclusivelySoldInLuxembourg": false,
    "OrderUnit": "P",
    "ShortName": "VDM EXCELL FRIT OLIE 2L",
    "InSeason": true,
    "IsNew": false,
    "EcoscoreLabel": "C",
    "RecentQuanityOfStockUnits": "1,6",
    "LongName": "VANDEMOORTELE frituurolie Excellence 2L",
    "AlcoholVolume": "0",
    "StartSeasonDate": "07/12/2021",
    "FicCode": "E",
    "EcoscoreValue": "42"
  },
  {
    "productId": "678294",
    "technicalArticleNumber": "4395993",
    "commercialArticleNumber": "24472",
    "name": "vulling",
    "brand": "CANDEREL",
    "seoBrand": "Canderel",
    "thumbNail": "https://static.colruytgroup.com/images/200x200/std.lang.all/89/32/asset-2338932.jpg",
    "fullImage": "https://static.colruytgroup.com/images/500x500/std.lang.all/89/32/asset-2338932.jpg",
    "squareImage": "https://static.colruytgroup.com/images/500x500sq/std.lang.all/89/32/asset-2338932.jpg",
    "content": "600st",
    "walkRouteSequenceNumber": 9182,
    "price": {
      "basicPrice": 6.87,
      "recommendedQuantity": "1.0",
      "measurementUnitPrice": 134.71,
      "measurementUnit": "K",
      "isRedPrice": false,
      "pricePerUOM": 134.71,
      "activationDate": "11-01-2024",
      "recordSource": "Offline",
      "isPromoActive": "N",
      "priceChangeCode": "E"
    },
    "isAvailable": true,
    "isPriceAvailable": true,
    "inPromo": true,
    "promotion": [
      {
        "techPromoId": "100867COLR",
        "promotionId": "100867",
        "promotionType": "3",
        "isPersonalized": "N",
        "publicationStartDate": "13-03-2024",
        "publicationEndDate": "26-03-2024"
      }
    ],
    "gtin": [
      "17640110702991",
      "07640110702994"
    ],
    "topCategoryName": "Kruidenierswaren/Droge voeding",
    "topCategoryId": "233",
    "businessDomain": "RETAIL_BE",
    "IsPrivateLabel": false,
    "IsBiffe": false,
    "WeightconversionFactor": "0",
    "IsWeightArticle": false,
    "nutriscoreLabel": "D",
    "IsBio": false,
    "CountryOfOrigin": "TSJECHIË (REPUBLIEK)",
    "IsExclusivelySoldInLuxembourg": false,
    "OrderUnit": "P",
    "ShortName": "CAND VULLING 600ST",
    "IsNew": false,
    "RecentQuanityOfStockUnits": "1",
    "LongName": "CANDEREL vulling 600st",
    "FicCode": "E"
  },
  {
    "productId": "869904",
    "technicalArticleNumber": "4723343",
    "commercialArticleNumber": "19973",
    "name": "Olijven Pesto",
    "brand": "BONI",
    "seoBrand": "Boni Selection",
    "thumbNail": "https://static.colruytgroup.com/images/200x200/std.lang.all/91/66/asset-3329166.jpg",
    "fullImage": "https://static.colruytgroup.com/images/500x500/std.lang.all/91/66/asset-3329166.jpg",
    "squareImage": "https://static.colruytgroup.com/images/500x500sq/std.lang.all/91/66/asset-3329166.jpg",
    "content": "150g",
    "walkRouteSequenceNumber": 7653,
    "price": {
      "basicPrice": 2.86,
      "recommendedQuantity": "1.0",
      "quantityPrice": 2.63,
      "quantityPriceQuantity": "3.0",
      "measurementUnitPrice": 19.07,
      "measurementUnitQuantityPrice": 17.54,
      "measurementUnit": "K",
      "isRedPrice": false,
      "pricePerUOM": 19.07,
      "activationDate": "23-03-2024",
      "recordSource": "Offline",
      "isPromoActive": "N",
      "priceChangeCode": "H",
      "quantityPricePerUOM": 17.54,
      "quantityActivationDate": "23-03-2024",
      "quantityPriceChangeCode": "H"
    },
    "isAvailable": true,
    "isPriceAvailable": true,
    "inPromo": false,
    "gtin": [
      "15400141712695",
      "05400141712698"
    ],
    "topCategoryName": "Chips/Borrelhapjes",
    "topCategoryId": "306",
    "businessDomain": "RETAIL_BE",
    "IsPrivateLabel": true,
    "IsBiffe": false,
    "WeightconversionFactor": "0",
    "IsWeightArticle": false,
    "nutriscoreLabel": "C",
    "IsBio": false,
    "CountryOfOrigin": "BELGIË",
    "IsExclusivelySoldInLuxembourg": false,
    "OrderUnit": "P",
    "ShortName": "BONI OLIJVEN PESTO 150G",
    "IsNew": false,
    "EcoscoreLabel": "A",
    "RecentQuanityOfStockUnits": "1",
    "LongName": "BONI Olijven Pesto 150g",
    "FicCode": "I",
    "EcoscoreValue": "97"
  },
  {
    "productId": "10888",
    "technicalArticleNumber": "1344938",
    "commercialArticleNumber": "12304",
    "name": "bouillon rund fles",
    "description": "*Bouillon met\nrunderextract",
    "brand": "OXO",
    "seoBrand": "Oxo",
    "thumbNail": "https://static.colruytgroup.com/images/200x200/std.lang.all/62/77/asset-376277.jpg",
    "fullImage": "https://static.colruytgroup.com/images/500x500/std.lang.all/62/77/asset-376277.jpg",
    "squareImage": "https://static.colruytgroup.com/images/500x500sq/std.lang.all/62/77/asset-376277.jpg",
    "content": "240ml",
    "walkRouteSequenceNumber": 6523,
    "price": {
      "basicPrice": 5.09,
      "recommendedQuantity": "1.0",
      "measurementUnitPrice": 21.21,
      "measurementUnit": "L",
      "isRedPrice": false,
      "pricePerUOM": 21.21,
      "activationDate": "14-02-2024",
      "recordSource": "Offline",
      "isPromoActive": "N",
      "priceChangeCode": "L"
    },
    "isAvailable": true,
    "isPriceAvailable": true,
    "inPromo": false,
    "gtin": [
      "05410056785731",
      "05410056185739"
    ],
    "topCategoryName": "Kruidenierswaren/Droge voeding",
    "topCategoryId": "233",
    "businessDomain": "RETAIL_BE",
    "IsPrivateLabel": false,
    "IsBiffe": false,
    "WeightconversionFactor": "0",
    "IsWeightArticle": false,
    "nutriscoreLabel": "C",
    "IsBio": false,
    "CountryOfOrigin": "BELGIË",
    "IsExclusivelySoldInLuxembourg": false,
    "OrderUnit": "P",
    "ShortName": "OXO BOUILLON RUND 240ML",
    "IsNew": false,
    "EcoscoreLabel": "B",
    "RecentQuanityOfStockUnits": "1",
    "LongName": "OXO bouillon rund fles 240ml",
    "AlcoholVolume": "0",
    "FicCode": "E",
    "EcoscoreValue": "79"
  },
  {
    "productId": "288045",
    "technicalArticleNumber": "3687168",
    "commercialArticleNumber": "36223",
    "name": "dip zoete aardappel",
    "brand": "BONI",
    "seoBrand": "Boni Selection",
    "thumbNail": "https://static.colruytgroup.com/images/200x200/std.lang.all/68/24/asset-2706824.jpg",
    "fullImage": "https://static.colruytgroup.com/images/500x500/std.lang.all/68/24/asset-2706824.jpg",
    "squareImage": "https://static.colruytgroup.com/images/500x500sq/std.lang.all/68/24/asset-2706824.jpg",
    "content": "150g",
    "walkRouteSequenceNumber": 7764,
    "price": {
      "basicPrice": 2.59,
      "recommendedQuantity": "1.0",
      "quantityPrice": 2.38,
      "quantityPriceQuantity": "3.0",
      "measurementUnitPrice": 17.27,
      "measurementUnitQuantityPrice": 15.87,
      "measurementUnit": "K",
      "isRedPrice": false,
      "pricePerUOM": 17.27,
      "activationDate": "13-03-2024",
      "isPromoActive": "N",
      "priceChangeCode": "E",
      "quantityPricePerUOM": 15.87,
      "quantityActivationDate": "13-03-2024",
      "quantityPriceChangeCode": "E"
    },
    "isAvailable": true,
    "isPriceAvailable": true,
    "inPromo": false,
    "gtin": [
      "05400141212709",
      "05400141347173",
      "05400141444643"
    ],
    "topCategoryName": "Chips/Borrelhapjes",
    "topCategoryId": "306",
    "businessDomain": "RETAIL_BE",
    "IsPrivateLabel": true,
    "IsBiffe": false,
    "WeightconversionFactor": "0",
    "IsWeightArticle": false,
    "nutriscoreLabel": "C",
    "IsBio": false,
    "CountryOfOrigin": "BELGIË",
    "IsExclusivelySoldInLuxembourg": false,
    "OrderUnit": "P",
    "ShortName": "BS ZOET AARDAPPDIP 150G",
    "IsNew": false,
    "EcoscoreLabel": "B",
    "RecentQuanityOfStockUnits": "1,1",
    "LongName": "BONI dip zoete aardappel 150g",
    "AlcoholVolume": "0",
    "FicCode": "I",
    "EcoscoreValue": "79"
  },
  {
    "productId": "669892",
    "technicalArticleNumber": "4381472",
    "commercialArticleNumber": "24345",
    "name": "suikerklontjes ind.verpakt",
    "brand": "BONI",
    "seoBrand": "Boni Selection",
    "thumbNail": "https://static.colruytgroup.com/images/200x200/std.lang.all/72/94/asset-3207294.jpg",
    "fullImage": "https://static.colruytgroup.com/images/500x500/std.lang.all/72/94/asset-3207294.jpg",
    "squareImage": "https://static.colruytgroup.com/images/500x500sq/std.lang.all/72/94/asset-3207294.jpg",
    "content": "300g",
    "walkRouteSequenceNumber": 9202,
    "price": {
      "basicPrice": 1.79,
      "recommendedQuantity": "1.0",
      "measurementUnitPrice": 5.97,
      "measurementUnit": "K",
      "isRedPrice": false,
      "pricePerUOM": 5.97,
      "activationDate": "17-02-2024",
      "recordSource": "Offline",
      "isPromoActive": "N",
      "priceChangeCode": "E"
    },
    "isAvailable": true,
    "isPriceAvailable": true,
    "inPromo": false,
    "gtin": [
      "05400141475753",
      "15400141475750"
    ],
    "topCategoryName": "Kruidenierswaren/Droge voeding",
    "topCategoryId": "233",
    "businessDomain": "RETAIL_BE",
    "IsPrivateLabel": true,
    "IsBiffe": false,
    "WeightconversionFactor": "0",
    "IsWeightArticle": false,
    "nutriscoreLabel": "E",
    "IsBio": false,
    "CountryOfOrigin": "DUITSLAND",
    "IsExclusivelySoldInLuxembourg": false,
    "OrderUnit": "P",
    "ShortName": "BONI WIKKELKLONTJES 300",
    "IsNew": false,
    "EcoscoreLabel": "A",
    "RecentQuanityOfStockUnits": "1,10",
    "LongName": "BONI suikerklontjes ind.verpakt 300g",
    "FicCode": "I",
    "EcoscoreValue": "94"
  },
  {
    "productId": "570992",
    "technicalArticleNumber": "4216168",
    "commercialArticleNumber": "4032",
    "name": "conchiglione",
    "brand": "GAROFALO",
    "seoBrand": "Garofalo",
    "thumbNail": "https://static.colruytgroup.com/images/200x200/std.lang.all/91/19/asset-1969119.jpg",
    "fullImage": "https://static.colruytgroup.com/images/500x500/std.lang.all/91/19/asset-1969119.jpg",
    "squareImage": "https://static.colruytgroup.com/images/500x500sq/std.lang.all/91/19/asset-1969119.jpg",
    "content": "500g",
    "walkRouteSequenceNumber": 8206,
    "price": {
      "basicPrice": 2.95,
      "recommendedQuantity": "1.0",
      "measurementUnitPrice": 5.9,
      "measurementUnit": "K",
      "isRedPrice": false,
      "pricePerUOM": 5.9,
      "activationDate": "14-11-2023",
      "isPromoActive": "N",
      "priceChangeCode": "E"
    },
    "isAvailable": true,
    "isPriceAvailable": true,
    "inPromo": false,
    "gtin": [
      "08000139208126",
      "08000139924859",
      "08000139934087",
      "08000139934070",
      "08000139930355"
    ],
    "topCategoryName": "Kruidenierswaren/Droge voeding",
    "topCategoryId": "233",
    "businessDomain": "RETAIL_BE",
    "IsPrivateLabel": false,
    "IsBiffe": false,
    "WeightconversionFactor": "0",
    "IsWeightArticle": false,
    "IsBio": false,
    "CountryOfOrigin": "ITALIË",
    "IsExclusivelySoldInLuxembourg": false,
    "OrderUnit": "P",
    "ShortName": "GARO CONCHIGLIONE 500G",
    "IsNew": false,
    "RecentQuanityOfStockUnits": "1",
    "LongName": "GAROFALO conchiglione 500g",
    "FicCode": "E"
  },
  {
    "productId": "34147",
    "technicalArticleNumber": "1824422",
    "commercialArticleNumber": "12307",
    "name": "sambal oelek",
    "description": "*Sambal Oelek",
    "brand": "SUZI WAN",
    "seoBrand": "Suzi Wan",
    "thumbNail": "https://static.colruytgroup.com/images/200x200/std.lang.all/45/40/asset-2274540.jpg",
    "fullImage": "https://static.colruytgroup.com/images/500x500/std.lang.all/45/40/asset-2274540.jpg",
    "squareImage": "https://static.colruytgroup.com/images/500x500sq/std.lang.all/45/40/asset-2274540.jpg",
    "content": "100g",
    "walkRouteSequenceNumber": 8493,
    "price": {
      "basicPrice": 2.99,
      "recommendedQuantity": "1.0",
      "measurementUnitPrice": 29.9,
      "measurementUnit": "K",
      "isRedPrice": false,
      "pricePerUOM": 29.9,
      "activationDate": "05-03-2024",
      "recordSource": "Offline",
      "isPromoActive": "N",
      "priceChangeCode": "H"
    },
    "isAvailable": true,
    "isPriceAvailable": true,
    "inPromo": false,
    "gtin": [
      "03233783625000",
      "03233783625048"
    ],
    "topCategoryName": "Kruidenierswaren/Droge voeding",
    "topCategoryId": "233",
    "businessDomain": "RETAIL_BE",
    "IsPrivateLabel": false,
    "IsBiffe": false,
    "WeightconversionFactor": "0",
    "IsWeightArticle": false,
    "nutriscoreLabel": "D",
    "IsBio": false,
    "CountryOfOrigin": "NEDERLAND",
    "IsExclusivelySoldInLuxembourg": false,
    "OrderUnit": "P",
    "ShortName": "SW SAMBAL OELEK 100GR",
    "IsNew": false,
    "EcoscoreLabel": "C",
    "RecentQuanityOfStockUnits": "1",
    "LongName": "SUZI WAN sambal oelek 100g",
    "AlcoholVolume": "0",
    "FicCode": "E",
    "EcoscoreValue": "58"
  },
  {
    "productId": "44963",
    "technicalArticleNumber": "2420156",
    "commercialArticleNumber": "21148",
    "name": "saus black pepper TD",
    "brand": "DEVOS LEMMENS",
    "seoBrand": "Devos Lemmens",
    "thumbNail": "https://static.colruytgroup.com/images/200x200/std.lang.all/18/95/asset-1781895.jpg",
    "fullImage": "https://static.colruytgroup.com/images/500x500/std.lang.all/18/95/asset-1781895.jpg",
    "squareImage": "https://static.colruytgroup.com/images/500x500sq/std.lang.all/18/95/asset-1781895.jpg",
    "content": "300ml",
    "walkRouteSequenceNumber": 8133,
    "price": {
      "basicPrice": 4.15,
      "recommendedQuantity": "1.0",
      "measurementUnitPrice": 13.84,
      "measurementUnit": "L",
      "isRedPrice": false,
      "pricePerUOM": 13.84,
      "activationDate": "13-03-2024",
      "recordSource": "Offline",
      "isPromoActive": "N",
      "priceChangeCode": "H"
    },
    "isAvailable": true,
    "isPriceAvailable": true,
    "inPromo": false,
    "gtin": [
      "05414972100524",
      "05414972700526"
    ],
    "topCategoryName": "Kruidenierswaren/Droge voeding",
    "topCategoryId": "233",
    "businessDomain": "RETAIL_BE",
    "IsPrivateLabel": false,
    "IsBiffe": false,
    "WeightconversionFactor": "0",
    "IsWeightArticle": false,
    "nutriscoreLabel": "D",
    "IsBio": false,
    "CountryOfOrigin": "BELGIË",
    "IsExclusivelySoldInLuxembourg": false,
    "OrderUnit": "P",
    "ShortName": "DVL BLACK PEP SQ 300ML",
    "InSeason": true,
    "IsNew": false,
    "EcoscoreLabel": "B",
    "RecentQuanityOfStockUnits": "1,12",
    "LongName": "DEVOS LEMMENS saus black pepper TD 300ml",
    "AlcoholVolume": "0",
    "StartSeasonDate": "09/02/2011",
    "FicCode": "E",
    "EcoscoreValue": "70"
  },
  {
    "productId": "18692",
    "technicalArticleNumber": "1717177",
    "commercialArticleNumber": "12218",
    "name": "soep malse kip",
    "description": "*Soep in blik\n*Snelle maaltijd\n*Snelle maaltijd\n*Groentensoep\n*Warm gerecht",
    "brand": "KNORR",
    "seoBrand": "Knorr",
    "thumbNail": "https://static.colruytgroup.com/images/200x200/nl_be/53/44/asset-2795344.jpg",
    "fullImage": "https://static.colruytgroup.com/images/500x500/nl_be/53/44/asset-2795344.jpg",
    "squareImage": "https://static.colruytgroup.com/images/500x500sq/nl_be/53/44/asset-2795344.jpg",
    "content": "515ml",
    "walkRouteSequenceNumber": 16897,
    "price": {
      "basicPrice": 2.49,
      "recommendedQuantity": "2.0",
      "measurementUnitPrice": 4.84,
      "measurementUnit": "L",
      "isRedPrice": false,
      "pricePerUOM": 4.84,
      "activationDate": "13-03-2024",
      "recordSource": "Offline",
      "isPromoActive": "N",
      "priceChangeCode": "H"
    },
    "isAvailable": true,
    "isPriceAvailable": true,
    "inPromo": false,
    "gtin": [
      "05400141122183",
      "08722700700425",
      "08722700083368"
    ],
    "topCategoryName": "Kruidenierswaren/Droge voeding",
    "topCategoryId": "233",
    "businessDomain": "RETAIL_BE",
    "IsPrivateLabel": false,
    "IsBiffe": false,
    "WeightconversionFactor": "0",
    "IsWeightArticle": false,
    "nutriscoreLabel": "C",
    "IsBio": false,
    "CountryOfOrigin": "NEDERLAND",
    "IsExclusivelySoldInLuxembourg": false,
    "OrderUnit": "P",
    "ShortName": "KNORR KIPPENSOEP 515ML",
    "IsNew": false,
    "EcoscoreLabel": "B",
    "RecentQuanityOfStockUnits": "1,2",
    "LongName": "KNORR soep malse kip 515ml",
    "AlcoholVolume": "0",
    "FicCode": "E",
    "EcoscoreValue": "79"
  },
  {
    "productId": "539756",
    "technicalArticleNumber": "4137565",
    "commercialArticleNumber": "9649",
    "name": "al dente tagliatelli",
    "description": "*100% harde tarwe\n*Al dente beet\n*Eiwit : 13,5g/100g\n*Kooktijd : 5 min",
    "brand": "SOUBRY",
    "seoBrand": "Soubry",
    "thumbNail": "https://static.colruytgroup.com/images/200x200/std.lang.all/44/74/asset-1914474.jpg",
    "fullImage": "https://static.colruytgroup.com/images/500x500/std.lang.all/44/74/asset-1914474.jpg",
    "squareImage": "https://static.colruytgroup.com/images/500x500sq/std.lang.all/44/74/asset-1914474.jpg",
    "content": "375g",
    "walkRouteSequenceNumber": 8286,
    "price": {
      "basicPrice": 1.49,
      "recommendedQuantity": "4.0",
      "measurementUnitPrice": 3.98,
      "measurementUnit": "K",
      "isRedPrice": false,
      "pricePerUOM": 3.98,
      "activationDate": "06-03-2024",
      "recordSource": "Offline",
      "isPromoActive": "N",
      "priceChangeCode": "L"
    },
    "isAvailable": true,
    "isPriceAvailable": true,
    "inPromo": false,
    "gtin": [
      "05410028171449",
      "05410028170442",
      "75410028171448",
      "45410028170471"
    ],
    "topCategoryName": "Kruidenierswaren/Droge voeding",
    "topCategoryId": "233",
    "businessDomain": "RETAIL_BE",
    "IsPrivateLabel": false,
    "IsBiffe": false,
    "WeightconversionFactor": "0",
    "IsWeightArticle": false,
    "nutriscoreLabel": "A",
    "IsBio": false,
    "CountryOfOrigin": "BELGIË",
    "IsExclusivelySoldInLuxembourg": false,
    "OrderUnit": "P",
    "ShortName": "SOUB AL DEN.TAGLIATE375",
    "IsNew": false,
    "EcoscoreLabel": "A",
    "RecentQuanityOfStockUnits": "1,4,24",
    "LongName": "SOUBRY al dente tagliatelli 375g",
    "FicCode": "E",
    "EcoscoreValue": "97"
  },
  {
    "productId": "25",
    "technicalArticleNumber": "14892",
    "commercialArticleNumber": "14892",
    "name": "bloem wit brood",
    "description": "*Witte tarwebloem\n*Voor wit brood\n*Zonder bewaarmiddel\n*Ook voor\nbroodbakmachine",
    "brand": "SOUBRY",
    "seoBrand": "Soubry",
    "thumbNail": "https://static.colruytgroup.com/images/200x200/nl_be/90/59/asset-1089059.jpg",
    "fullImage": "https://static.colruytgroup.com/images/500x500/nl_be/90/59/asset-1089059.jpg",
    "squareImage": "https://static.colruytgroup.com/images/500x500sq/nl_be/90/59/asset-1089059.jpg",
    "content": "5kg",
    "walkRouteSequenceNumber": 9726,
    "price": {
      "basicPrice": 6.55,
      "recommendedQuantity": "1.0",
      "measurementUnitPrice": 1.31,
      "measurementUnit": "K",
      "isRedPrice": false,
      "pricePerUOM": 1.31,
      "activationDate": "17-02-2024",
      "recordSource": "Offline",
      "isPromoActive": "N",
      "priceChangeCode": "E"
    },
    "isAvailable": true,
    "isPriceAvailable": true,
    "inPromo": false,
    "gtin": [
      "15410028811649",
      "05410028811604"
    ],
    "topCategoryName": "Kruidenierswaren/Droge voeding",
    "topCategoryId": "233",
    "businessDomain": "RETAIL_BE",
    "IsPrivateLabel": false,
    "IsBiffe": false,
    "WeightconversionFactor": "0",
    "IsWeightArticle": false,
    "nutriscoreLabel": "A",
    "IsBio": false,
    "CountryOfOrigin": "BELGIË",
    "IsExclusivelySoldInLuxembourg": false,
    "OrderUnit": "P",
    "ShortName": "SOUBRY BLOEM WIT BR 5KG",
    "IsNew": false,
    "EcoscoreLabel": "A",
    "RecentQuanityOfStockUnits": "1,2",
    "LongName": "SOUBRY bloem wit brood 5kg",
    "AlcoholVolume": "0",
    "FicCode": "E",
    "EcoscoreValue": "100"
  },
  {
    "productId": "147209",
    "technicalArticleNumber": "3321363",
    "commercialArticleNumber": "31769",
    "name": "trio tapenade",
    "description": "*Sweetbite tapenade,\nkaastapenade en\nroomkaastapenade met\nzoete peper",
    "brand": "BONI",
    "seoBrand": "Boni Selection",
    "thumbNail": "https://static.colruytgroup.com/images/200x200/std.lang.all/32/56/asset-2943256.jpg",
    "fullImage": "https://static.colruytgroup.com/images/500x500/std.lang.all/32/56/asset-2943256.jpg",
    "squareImage": "https://static.colruytgroup.com/images/500x500sq/std.lang.all/32/56/asset-2943256.jpg",
    "content": "210g",
    "walkRouteSequenceNumber": 6791,
    "price": {
      "basicPrice": 2.99,
      "recommendedQuantity": "1.0",
      "quantityPrice": 2.75,
      "quantityPriceQuantity": "3.0",
      "measurementUnitPrice": 14.24,
      "measurementUnitQuantityPrice": 13.1,
      "measurementUnit": "K",
      "isRedPrice": false,
      "pricePerUOM": 14.24,
      "activationDate": "17-11-2023",
      "isPromoActive": "N",
      "priceChangeCode": "E",
      "quantityPricePerUOM": 13.1,
      "quantityActivationDate": "17-11-2023",
      "quantityPriceChangeCode": "E"
    },
    "isAvailable": true,
    "isPriceAvailable": true,
    "inPromo": false,
    "gtin": [
      "15400141351771",
      "15400141751373",
      "05400141442519",
      "05400141351774",
      "05400141272468",
      "05400141165791",
      "05400141751376",
      "15400141442516"
    ],
    "topCategoryName": "Chips/Borrelhapjes",
    "topCategoryId": "306",
    "businessDomain": "RETAIL_BE",
    "IsPrivateLabel": true,
    "IsBiffe": false,
    "WeightconversionFactor": "0",
    "IsWeightArticle": false,
    "nutriscoreLabel": "D",
    "IsBio": false,
    "CountryOfOrigin": "BELGIË",
    "IsExclusivelySoldInLuxembourg": false,
    "OrderUnit": "P",
    "ShortName": "BONI TRIO TAPENADE",
    "IsNew": false,
    "EcoscoreLabel": "C",
    "RecentQuanityOfStockUnits": "1",
    "LongName": "BONI trio tapenade 210g",
    "AlcoholVolume": "0",
    "FicCode": "I",
    "EcoscoreValue": "53"
  },
  {
    "productId": "85992",
    "technicalArticleNumber": "2937432",
    "commercialArticleNumber": "38569",
    "name": "vinaigr.honing-most.",
    "brand": "VANDEMOORTELE",
    "seoBrand": "Vandemoortele",
    "thumbNail": "https://static.colruytgroup.com/images/200x200/std.lang.all/09/05/asset-3240905.jpg",
    "fullImage": "https://static.colruytgroup.com/images/500x500/std.lang.all/09/05/asset-3240905.jpg",
    "squareImage": "https://static.colruytgroup.com/images/500x500sq/std.lang.all/09/05/asset-3240905.jpg",
    "content": "450ml",
    "walkRouteSequenceNumber": 8060,
    "price": {
      "basicPrice": 3.29,
      "recommendedQuantity": "1.0",
      "measurementUnitPrice": 7.32,
      "measurementUnit": "L",
      "isRedPrice": false,
      "pricePerUOM": 7.32,
      "activationDate": "21-11-2023",
      "recordSource": "Offline",
      "isPromoActive": "N",
      "priceChangeCode": "H"
    },
    "isAvailable": true,
    "isPriceAvailable": true,
    "inPromo": false,
    "gtin": [
      "05410093149756",
      "05410093149749"
    ],
    "topCategoryName": "Kruidenierswaren/Droge voeding",
    "topCategoryId": "233",
    "businessDomain": "RETAIL_BE",
    "IsPrivateLabel": false,
    "IsBiffe": false,
    "WeightconversionFactor": "0",
    "IsWeightArticle": false,
    "nutriscoreLabel": "E",
    "IsBio": false,
    "CountryOfOrigin": "BELGIË",
    "IsExclusivelySoldInLuxembourg": false,
    "OrderUnit": "P",
    "ShortName": "VDM VIN HON MOST 450ML",
    "IsNew": false,
    "EcoscoreLabel": "D",
    "RecentQuanityOfStockUnits": "1,12",
    "LongName": "VANDEMOORTELE vinaigr.honing-most. 450ml",
    "AlcoholVolume": "0",
    "FicCode": "E",
    "EcoscoreValue": "39"
  },
  {
    "productId": "336296",
    "technicalArticleNumber": "3805144",
    "commercialArticleNumber": "14253",
    "name": "witte wijnazijn",
    "brand": "ETOILE",
    "seoBrand": "L'Étoile",
    "thumbNail": "https://static.colruytgroup.com/images/200x200/std.lang.all/04/10/asset-2700410.jpg",
    "fullImage": "https://static.colruytgroup.com/images/500x500/std.lang.all/04/10/asset-2700410.jpg",
    "squareImage": "https://static.colruytgroup.com/images/500x500sq/std.lang.all/04/10/asset-2700410.jpg",
    "content": "500ml",
    "walkRouteSequenceNumber": 9140,
    "price": {
      "basicPrice": 1.99,
      "recommendedQuantity": "1.0",
      "measurementUnitPrice": 3.98,
      "measurementUnit": "L",
      "isRedPrice": false,
      "pricePerUOM": 3.98,
      "activationDate": "14-07-2023",
      "isPromoActive": "N",
      "priceChangeCode": "H"
    },
    "isAvailable": true,
    "isPriceAvailable": true,
    "inPromo": false,
    "gtin": [
      "03104188002638",
      "03104185002631"
    ],
    "topCategoryName": "Kruidenierswaren/Droge voeding",
    "topCategoryId": "233",
    "businessDomain": "RETAIL_BE",
    "IsPrivateLabel": false,
    "IsBiffe": false,
    "WeightconversionFactor": "0",
    "IsWeightArticle": false,
    "nutriscoreLabel": "A",
    "IsBio": false,
    "CountryOfOrigin": "FRANKRIJK",
    "IsExclusivelySoldInLuxembourg": false,
    "OrderUnit": "P",
    "ShortName": "ETOI WITTE WIJNAZIJN500",
    "IsNew": false,
    "EcoscoreLabel": "A",
    "RecentQuanityOfStockUnits": "1",
    "LongName": "ETOILE witte wijnazijn 500ml",
    "AlcoholVolume": "0",
    "FicCode": "E",
    "EcoscoreValue": "89"
  },
  {
    "productId": "129253",
    "technicalArticleNumber": "3253860",
    "commercialArticleNumber": "4417",
    "name": "soep tomatenvelouté brik",
    "description": "*Tomaatvelouté",
    "brand": "BONI",
    "seoBrand": "Boni Selection",
    "thumbNail": "https://static.colruytgroup.com/images/200x200/std.lang.all/07/58/asset-700758.jpg",
    "fullImage": "https://static.colruytgroup.com/images/500x500/std.lang.all/07/58/asset-700758.jpg",
    "squareImage": "https://static.colruytgroup.com/images/500x500sq/std.lang.all/07/58/asset-700758.jpg",
    "content": "1L",
    "walkRouteSequenceNumber": 16862,
    "price": {
      "basicPrice": 2.19,
      "recommendedQuantity": "2.0",
      "measurementUnitPrice": 2.19,
      "measurementUnit": "L",
      "isRedPrice": false,
      "pricePerUOM": 2.19,
      "activationDate": "08-03-2024",
      "recordSource": "Offline",
      "isPromoActive": "N",
      "priceChangeCode": "E"
    },
    "isAvailable": true,
    "isPriceAvailable": true,
    "inPromo": false,
    "gtin": [
      "15400141871521",
      "15400141264736",
      "05400141264739",
      "05400141207507",
      "05400141029260"
    ],
    "topCategoryName": "Kruidenierswaren/Droge voeding",
    "topCategoryId": "233",
    "businessDomain": "RETAIL_BE",
    "IsPrivateLabel": true,
    "IsBiffe": false,
    "WeightconversionFactor": "0",
    "IsWeightArticle": false,
    "nutriscoreLabel": "C",
    "IsBio": false,
    "CountryOfOrigin": "FRANKRIJK",
    "IsExclusivelySoldInLuxembourg": false,
    "OrderUnit": "P",
    "ShortName": "BONI TOMAAT VELOUTE 1L",
    "IsNew": false,
    "EcoscoreLabel": "A",
    "RecentQuanityOfStockUnits": "1,2,8",
    "LongName": "BONI soep tomatenvelouté brik 1L",
    "AlcoholVolume": "0",
    "FicCode": "I",
    "EcoscoreValue": "89"
  },
  {
    "productId": "39308",
    "technicalArticleNumber": "1833097",
    "commercialArticleNumber": "12230",
    "name": "minestrone brik",
    "description": "*Minestrone",
    "brand": "LIEBIG",
    "seoBrand": "Liebig",
    "thumbNail": "https://static.colruytgroup.com/images/200x200/nl_be/35/80/asset-3353580.jpg",
    "fullImage": "https://static.colruytgroup.com/images/500x500/nl_be/35/80/asset-3353580.jpg",
    "squareImage": "https://static.colruytgroup.com/images/500x500sq/nl_be/35/80/asset-3353580.jpg",
    "content": "1L",
    "walkRouteSequenceNumber": 16936,
    "price": {
      "basicPrice": 3.19,
      "recommendedQuantity": "1.0",
      "measurementUnitPrice": 3.19,
      "measurementUnit": "L",
      "isRedPrice": false,
      "pricePerUOM": 3.19,
      "activationDate": "20-03-2024",
      "recordSource": "Offline",
      "isPromoActive": "N",
      "priceChangeCode": "L"
    },
    "isAvailable": true,
    "isPriceAvailable": true,
    "inPromo": false,
    "gtin": [
      "05410056195363",
      "05414972705811"
    ],
    "topCategoryName": "Kruidenierswaren/Droge voeding",
    "topCategoryId": "233",
    "businessDomain": "RETAIL_BE",
    "IsPrivateLabel": false,
    "IsBiffe": false,
    "WeightconversionFactor": "0",
    "IsWeightArticle": false,
    "nutriscoreLabel": "B",
    "IsBio": false,
    "CountryOfOrigin": "FRANKRIJK",
    "IsExclusivelySoldInLuxembourg": false,
    "OrderUnit": "P",
    "ShortName": "LIEB MINESTRONE 1L",
    "IsNew": false,
    "EcoscoreLabel": "B",
    "RecentQuanityOfStockUnits": "1,8",
    "LongName": "LIEBIG minestrone brik 1L",
    "AlcoholVolume": "0",
    "FicCode": "E",
    "EcoscoreValue": "77"
  },
  {
    "productId": "881110",
    "technicalArticleNumber": "4738466",
    "commercialArticleNumber": "32381",
    "name": "Spaghetti n°180",
    "brand": "GRANORO",
    "seoBrand": "Granoro",
    "thumbNail": "https://static.colruytgroup.com/images/200x200/std.lang.all/79/34/asset-3377934.jpg",
    "fullImage": "https://static.colruytgroup.com/images/500x500/std.lang.all/79/34/asset-3377934.jpg",
    "squareImage": "https://static.colruytgroup.com/images/500x500sq/std.lang.all/79/34/asset-3377934.jpg",
    "content": "500g",
    "walkRouteSequenceNumber": 8354,
    "price": {
      "basicPrice": 1.39,
      "recommendedQuantity": "1.0",
      "measurementUnitPrice": 2.78,
      "measurementUnit": "K",
      "isRedPrice": false,
      "pricePerUOM": 2.78,
      "activationDate": "28-02-2024",
      "isPromoActive": "N",
      "priceChangeCode": "E"
    },
    "isAvailable": true,
    "isPriceAvailable": true,
    "inPromo": false,
    "gtin": [
      "18007290341805",
      "08007290931801"
    ],
    "topCategoryName": "Kruidenierswaren/Droge voeding",
    "topCategoryId": "233",
    "businessDomain": "RETAIL_BE",
    "IsPrivateLabel": false,
    "IsBiffe": false,
    "WeightconversionFactor": "0",
    "IsWeightArticle": false,
    "IsBio": false,
    "CountryOfOrigin": "ITALIË",
    "IsExclusivelySoldInLuxembourg": false,
    "OrderUnit": "P",
    "ShortName": "GRANO SPAGHET.N180 500",
    "IsNew": false,
    "RecentQuanityOfStockUnits": "1",
    "LongName": "GRANORO Spaghetti n°180 500g",
    "AlcoholVolume": "0",
    "FicCode": "E"
  },
  {
    "productId": "778724",
    "technicalArticleNumber": "4572374",
    "commercialArticleNumber": "28562",
    "name": "noodles curry XL cup",
    "description": "*Instant noedels met\n*Currysmaak",
    "brand": "AIKI",
    "seoBrand": "Aïki",
    "thumbNail": "https://static.colruytgroup.com/images/200x200/std.lang.all/36/93/asset-3353693.jpg",
    "fullImage": "https://static.colruytgroup.com/images/500x500/std.lang.all/36/93/asset-3353693.jpg",
    "squareImage": "https://static.colruytgroup.com/images/500x500sq/std.lang.all/36/93/asset-3353693.jpg",
    "content": "82,5g",
    "walkRouteSequenceNumber": 17017,
    "price": {
      "basicPrice": 2.35,
      "recommendedQuantity": "1.0",
      "measurementUnitPrice": 28.32,
      "measurementUnit": "K",
      "isRedPrice": false,
      "pricePerUOM": 28.32,
      "activationDate": "16-02-2024",
      "recordSource": "Offline",
      "isPromoActive": "N",
      "priceChangeCode": "H"
    },
    "isAvailable": true,
    "isPriceAvailable": true,
    "inPromo": false,
    "gtin": [
      "05414972130453",
      "05414972730455"
    ],
    "topCategoryName": "Kruidenierswaren/Droge voeding",
    "topCategoryId": "233",
    "businessDomain": "RETAIL_BE",
    "IsPrivateLabel": false,
    "IsBiffe": false,
    "WeightconversionFactor": "0",
    "IsWeightArticle": false,
    "nutriscoreLabel": "C",
    "IsBio": false,
    "CountryOfOrigin": "HONGARIJE",
    "IsExclusivelySoldInLuxembourg": false,
    "OrderUnit": "P",
    "ShortName": "AIKI NOODL.CURRY XL82.5",
    "IsNew": false,
    "EcoscoreLabel": "B",
    "RecentQuanityOfStockUnits": "1,8",
    "LongName": "AIKI noodles curry XL cup 82,5g",
    "FicCode": "E",
    "EcoscoreValue": "62"
  },
  {
    "productId": "134161",
    "technicalArticleNumber": "3195661",
    "commercialArticleNumber": "6564",
    "name": "soep pompoen",
    "description": "*Klassieke\npompoensoep",
    "brand": "ROYCO",
    "seoBrand": "Royco",
    "thumbNail": "https://static.colruytgroup.com/images/200x200/std.lang.all/37/27/asset-3353727.jpg",
    "fullImage": "https://static.colruytgroup.com/images/500x500/std.lang.all/37/27/asset-3353727.jpg",
    "squareImage": "https://static.colruytgroup.com/images/500x500sq/std.lang.all/37/27/asset-3353727.jpg",
    "content": "3st",
    "walkRouteSequenceNumber": 16960,
    "price": {
      "basicPrice": 1.95,
      "recommendedQuantity": "1.0",
      "measurementUnitPrice": 39,
      "measurementUnit": "K",
      "isRedPrice": false,
      "pricePerUOM": 39,
      "activationDate": "20-03-2024",
      "recordSource": "Offline",
      "isPromoActive": "N",
      "priceChangeCode": "H"
    },
    "isAvailable": true,
    "isPriceAvailable": true,
    "inPromo": true,
    "promotion": [
      {
        "techPromoId": "100866COLR",
        "promotionId": "100866",
        "promotionType": "3",
        "isPersonalized": "N",
        "publicationStartDate": "13-03-2024",
        "publicationEndDate": "26-03-2024"
      }
    ],
    "gtin": [
      "05414972710464",
      "05414972110462"
    ],
    "topCategoryName": "Kruidenierswaren/Droge voeding",
    "topCategoryId": "233",
    "businessDomain": "RETAIL_BE",
    "IsPrivateLabel": false,
    "IsBiffe": false,
    "WeightconversionFactor": "0",
    "IsWeightArticle": false,
    "nutriscoreLabel": "C",
    "IsBio": false,
    "CountryOfOrigin": "NEDERLAND",
    "IsExclusivelySoldInLuxembourg": false,
    "OrderUnit": "P",
    "ShortName": "RMS CLASSIC POMPOEN 3Z",
    "IsNew": false,
    "EcoscoreLabel": "B",
    "RecentQuanityOfStockUnits": "1,24",
    "LongName": "ROYCO soep pompoen 3st",
    "AlcoholVolume": "0",
    "FicCode": "E",
    "EcoscoreValue": "75"
  },
  {
    "productId": "23235",
    "technicalArticleNumber": "2176747",
    "commercialArticleNumber": "14925",
    "name": "Provençaalse kruiden",
    "brand": "BONI BIO",
    "seoBrand": "Boni Selection Bio",
    "thumbNail": "https://static.colruytgroup.com/images/200x200/std.lang.all/83/85/asset-3028385.jpg",
    "fullImage": "https://static.colruytgroup.com/images/500x500/std.lang.all/83/85/asset-3028385.jpg",
    "squareImage": "https://static.colruytgroup.com/images/500x500sq/std.lang.all/83/85/asset-3028385.jpg",
    "content": "15g",
    "walkRouteSequenceNumber": 6461,
    "price": {
      "basicPrice": 1.35,
      "recommendedQuantity": "1.0",
      "measurementUnitPrice": 90,
      "measurementUnit": "K",
      "isRedPrice": false,
      "pricePerUOM": 90,
      "activationDate": "13-03-2024",
      "isPromoActive": "Y",
      "priceChangeCode": "E"
    },
    "isAvailable": true,
    "isPriceAvailable": true,
    "inPromo": true,
    "promotion": [
      {
        "techPromoId": "100942COLR",
        "promotionId": "100942",
        "promotionType": "3",
        "isPersonalized": "N",
        "publicationStartDate": "13-03-2024",
        "publicationEndDate": "26-03-2024"
      }
    ],
    "gtin": [
      "05400141368239",
      "15400141368236",
      "05400141097481",
      "05400141156140",
      "05400141265644",
      "35400141368230",
      "05400141116748"
    ],
    "topCategoryName": "Kruidenierswaren/Droge voeding",
    "topCategoryId": "233",
    "businessDomain": "RETAIL_BE",
    "IsPrivateLabel": true,
    "IsBiffe": false,
    "WeightconversionFactor": "0",
    "IsWeightArticle": false,
    "IsBio": true,
    "CountryOfOrigin": "BELGIË",
    "IsExclusivelySoldInLuxembourg": false,
    "OrderUnit": "P",
    "ShortName": "BS BIO PROV.KRUIDEN 15G",
    "IsNew": false,
    "EcoscoreLabel": "B",
    "RecentQuanityOfStockUnits": "1",
    "LongName": "BONI BIO Provençaalse kruiden 15g",
    "AlcoholVolume": "0",
    "FicCode": "I",
    "EcoscoreValue": "73"
  },
  {
    "productId": "765035",
    "technicalArticleNumber": "4545990",
    "commercialArticleNumber": "7566",
    "name": "Mezze",
    "brand": "BONI",
    "seoBrand": "Boni Selection",
    "thumbNail": "https://static.colruytgroup.com/images/200x200/std.lang.all/46/89/asset-2744689.jpg",
    "fullImage": "https://static.colruytgroup.com/images/500x500/std.lang.all/46/89/asset-2744689.jpg",
    "squareImage": "https://static.colruytgroup.com/images/500x500sq/std.lang.all/46/89/asset-2744689.jpg",
    "content": "370g",
    "walkRouteSequenceNumber": 6716,
    "price": {
      "basicPrice": 4.49,
      "recommendedQuantity": "1.0",
      "measurementUnitPrice": 12.14,
      "measurementUnit": "K",
      "isRedPrice": false,
      "pricePerUOM": 12.14,
      "activationDate": "17-11-2023",
      "isPromoActive": "N",
      "priceChangeCode": "E"
    },
    "isAvailable": true,
    "isPriceAvailable": true,
    "inPromo": false,
    "gtin": [
      "15400141771319",
      "15400141839941",
      "05400141771312",
      "05400141839944"
    ],
    "topCategoryName": "Chips/Borrelhapjes",
    "topCategoryId": "306",
    "businessDomain": "RETAIL_BE",
    "IsPrivateLabel": true,
    "IsBiffe": false,
    "WeightconversionFactor": "0",
    "IsWeightArticle": false,
    "nutriscoreLabel": "D",
    "IsBio": false,
    "CountryOfOrigin": "BELGIË",
    "IsExclusivelySoldInLuxembourg": false,
    "OrderUnit": "P",
    "ShortName": "BONI MEZZE 370G",
    "IsNew": false,
    "RecentQuanityOfStockUnits": "1",
    "LongName": "BONI Mezze 370g",
    "FicCode": "I"
  },
  {
    "productId": "41661",
    "technicalArticleNumber": "2424836",
    "commercialArticleNumber": "22854",
    "name": "dressing light",
    "description": "*Mayonaise\n*Lichte saus\n*Scharreleieren\n*Kruiden\n*Zachte smaak",
    "brand": "EFFI",
    "seoBrand": "Effi",
    "thumbNail": "https://static.colruytgroup.com/images/200x200/std.lang.all/46/12/asset-2804612.jpg",
    "fullImage": "https://static.colruytgroup.com/images/500x500/std.lang.all/46/12/asset-2804612.jpg",
    "squareImage": "https://static.colruytgroup.com/images/500x500sq/std.lang.all/46/12/asset-2804612.jpg",
    "content": "450ml",
    "walkRouteSequenceNumber": 8067,
    "price": {
      "basicPrice": 4.38,
      "recommendedQuantity": "1.0",
      "quantityPrice": 2.62,
      "quantityPriceQuantity": "3.0",
      "measurementUnitPrice": 9.74,
      "measurementUnitQuantityPrice": 5.83,
      "measurementUnit": "L",
      "isRedPrice": false,
      "pricePerUOM": 9.74,
      "activationDate": "13-03-2024",
      "recordSource": "Offline",
      "isPromoActive": "N",
      "priceChangeCode": "E",
      "quantityPricePerUOM": 5.83,
      "quantityActivationDate": "13-03-2024",
      "quantityPriceChangeCode": "L"
    },
    "isAvailable": true,
    "isPriceAvailable": true,
    "inPromo": false,
    "gtin": [
      "08712566010523",
      "08712566061686"
    ],
    "topCategoryName": "Kruidenierswaren/Droge voeding",
    "topCategoryId": "233",
    "businessDomain": "RETAIL_BE",
    "IsPrivateLabel": false,
    "IsBiffe": false,
    "WeightconversionFactor": "0",
    "IsWeightArticle": false,
    "nutriscoreLabel": "B",
    "IsBio": false,
    "CountryOfOrigin": "BELGIË",
    "IsExclusivelySoldInLuxembourg": false,
    "OrderUnit": "P",
    "ShortName": "EFFI DRES.LIGHT 450ML",
    "IsNew": false,
    "EcoscoreLabel": "D",
    "RecentQuanityOfStockUnits": "1,12",
    "LongName": "EFFI dressing light 450ml",
    "AlcoholVolume": "0",
    "FicCode": "E",
    "EcoscoreValue": "34"
  },
  {
    "productId": "846",
    "technicalArticleNumber": "13150",
    "commercialArticleNumber": "13150",
    "name": "kruiden dille",
    "brand": "BONI",
    "seoBrand": "Boni Selection",
    "thumbNail": "https://static.colruytgroup.com/images/200x200/std.lang.all/80/20/asset-3028020.jpg",
    "fullImage": "https://static.colruytgroup.com/images/500x500/std.lang.all/80/20/asset-3028020.jpg",
    "squareImage": "https://static.colruytgroup.com/images/500x500sq/std.lang.all/80/20/asset-3028020.jpg",
    "content": "12g",
    "walkRouteSequenceNumber": 6436,
    "price": {
      "basicPrice": 0.66,
      "recommendedQuantity": "1.0",
      "measurementUnitPrice": 55,
      "measurementUnit": "K",
      "isRedPrice": false,
      "pricePerUOM": 55,
      "activationDate": "10-02-2024",
      "recordSource": "Offline",
      "isPromoActive": "N",
      "priceChangeCode": "H"
    },
    "isAvailable": true,
    "isPriceAvailable": true,
    "inPromo": false,
    "gtin": [
      "05400141097511",
      "05400141170160",
      "15400141097518"
    ],
    "topCategoryName": "Kruidenierswaren/Droge voeding",
    "topCategoryId": "233",
    "businessDomain": "RETAIL_BE",
    "IsPrivateLabel": true,
    "IsBiffe": false,
    "WeightconversionFactor": "0",
    "IsWeightArticle": false,
    "nutriscoreLabel": "A",
    "IsBio": false,
    "CountryOfOrigin": "HONGARIJE",
    "IsExclusivelySoldInLuxembourg": false,
    "OrderUnit": "P",
    "ShortName": "BONI DILLE 12G",
    "IsNew": false,
    "EcoscoreLabel": "A",
    "RecentQuanityOfStockUnits": "1",
    "LongName": "BONI kruiden dille 12g",
    "AlcoholVolume": "0",
    "FicCode": "I",
    "EcoscoreValue": "97"
  },
  {
    "productId": "227302",
    "technicalArticleNumber": "3550619",
    "commercialArticleNumber": "50840",
    "name": "rietsuikerklontjes",
    "brand": "TIENSE SUIKER",
    "seoBrand": "Tiense Suiker",
    "thumbNail": "https://static.colruytgroup.com/images/200x200/std.lang.all/83/56/asset-978356.jpg",
    "fullImage": "https://static.colruytgroup.com/images/500x500/std.lang.all/83/56/asset-978356.jpg",
    "squareImage": "https://static.colruytgroup.com/images/500x500sq/std.lang.all/83/56/asset-978356.jpg",
    "content": "750g",
    "walkRouteSequenceNumber": 9199,
    "price": {
      "basicPrice": 4.09,
      "recommendedQuantity": "1.0",
      "measurementUnitPrice": 5.46,
      "measurementUnit": "K",
      "isRedPrice": false,
      "pricePerUOM": 5.46,
      "activationDate": "07-02-2024",
      "recordSource": "Offline",
      "isPromoActive": "N",
      "priceChangeCode": "H"
    },
    "isAvailable": true,
    "isPriceAvailable": true,
    "inPromo": false,
    "gtin": [
      "05410256080803",
      "05410256180800"
    ],
    "topCategoryName": "Kruidenierswaren/Droge voeding",
    "topCategoryId": "233",
    "businessDomain": "RETAIL_BE",
    "IsPrivateLabel": false,
    "IsBiffe": false,
    "WeightconversionFactor": "0",
    "IsWeightArticle": false,
    "nutriscoreLabel": "E",
    "IsBio": false,
    "CountryOfOrigin": "BELGIË",
    "IsExclusivelySoldInLuxembourg": false,
    "OrderUnit": "P",
    "ShortName": "TIENEN RIETS.KLONT.750G",
    "IsNew": false,
    "EcoscoreLabel": "B",
    "RecentQuanityOfStockUnits": "1,5",
    "LongName": "TIENSE SUIKER rietsuikerklontjes 750g",
    "AlcoholVolume": "0",
    "FicCode": "E",
    "EcoscoreValue": "60"
  },
  {
    "productId": "25115",
    "technicalArticleNumber": "2176754",
    "commercialArticleNumber": "14937",
    "name": "witte peper molen",
    "brand": "BONI",
    "seoBrand": "Boni Selection",
    "thumbNail": "https://static.colruytgroup.com/images/200x200/std.lang.all/86/30/asset-1758630.jpg",
    "fullImage": "https://static.colruytgroup.com/images/500x500/std.lang.all/86/30/asset-1758630.jpg",
    "squareImage": "https://static.colruytgroup.com/images/500x500sq/std.lang.all/86/30/asset-1758630.jpg",
    "content": "50g",
    "walkRouteSequenceNumber": 6440,
    "price": {
      "basicPrice": 2.29,
      "recommendedQuantity": "1.0",
      "measurementUnitPrice": 45.8,
      "measurementUnit": "K",
      "isRedPrice": false,
      "pricePerUOM": 45.8,
      "activationDate": "15-03-2024",
      "recordSource": "Offline",
      "isPromoActive": "N",
      "priceChangeCode": "L"
    },
    "isAvailable": true,
    "isPriceAvailable": true,
    "inPromo": false,
    "gtin": [
      "05400141208078",
      "15400141208075",
      "05400141099041"
    ],
    "topCategoryName": "Kruidenierswaren/Droge voeding",
    "topCategoryId": "233",
    "businessDomain": "RETAIL_BE",
    "IsPrivateLabel": true,
    "IsBiffe": false,
    "WeightconversionFactor": "0",
    "IsWeightArticle": false,
    "nutriscoreLabel": "A",
    "IsBio": false,
    "CountryOfOrigin": "DUITSLAND",
    "IsExclusivelySoldInLuxembourg": false,
    "OrderUnit": "P",
    "ShortName": "BONI WIT PEPER MOL 50G",
    "IsNew": false,
    "EcoscoreLabel": "E",
    "RecentQuanityOfStockUnits": "1",
    "LongName": "BONI witte peper molen 50g",
    "AlcoholVolume": "0",
    "FicCode": "I",
    "EcoscoreValue": "14"
  },
  {
    "productId": "570973",
    "technicalArticleNumber": "4216149",
    "commercialArticleNumber": "3957",
    "name": "casarecce",
    "brand": "GAROFALO",
    "seoBrand": "Garofalo",
    "thumbNail": "https://static.colruytgroup.com/images/200x200/std.lang.all/25/54/asset-2342554.jpg",
    "fullImage": "https://static.colruytgroup.com/images/500x500/std.lang.all/25/54/asset-2342554.jpg",
    "squareImage": "https://static.colruytgroup.com/images/500x500sq/std.lang.all/25/54/asset-2342554.jpg",
    "content": "500g",
    "walkRouteSequenceNumber": 8211,
    "price": {
      "basicPrice": 2.85,
      "recommendedQuantity": "1.0",
      "measurementUnitPrice": 5.7,
      "measurementUnit": "K",
      "isRedPrice": false,
      "pricePerUOM": 5.7,
      "activationDate": "19-03-2024",
      "isPromoActive": "N",
      "priceChangeCode": "H"
    },
    "isAvailable": true,
    "isPriceAvailable": true,
    "inPromo": false,
    "gtin": [
      "08000139206320",
      "08000139932465",
      "08000139932458",
      "08000139910753"
    ],
    "topCategoryName": "Kruidenierswaren/Droge voeding",
    "topCategoryId": "233",
    "businessDomain": "RETAIL_BE",
    "IsPrivateLabel": false,
    "IsBiffe": false,
    "WeightconversionFactor": "0",
    "IsWeightArticle": false,
    "nutriscoreLabel": "A",
    "IsBio": false,
    "CountryOfOrigin": "ITALIË",
    "IsExclusivelySoldInLuxembourg": false,
    "OrderUnit": "P",
    "ShortName": "GARO CASARECCE 500G",
    "IsNew": false,
    "EcoscoreLabel": "B",
    "RecentQuanityOfStockUnits": "1,10",
    "LongName": "GAROFALO casarecce 500g",
    "FicCode": "E",
    "EcoscoreValue": "60"
  },
  {
    "productId": "13757",
    "technicalArticleNumber": "1230455",
    "commercialArticleNumber": "13148",
    "name": "olijfolie extra vierge",
    "description": "*Warme bereidingen\n*Spanje",
    "brand": "BORGES",
    "seoBrand": "Borges",
    "thumbNail": "https://static.colruytgroup.com/images/200x200/std.lang.all/75/16/asset-3367516.jpg",
    "fullImage": "https://static.colruytgroup.com/images/500x500/std.lang.all/75/16/asset-3367516.jpg",
    "squareImage": "https://static.colruytgroup.com/images/500x500sq/std.lang.all/75/16/asset-3367516.jpg",
    "content": "2L",
    "walkRouteSequenceNumber": 8793,
    "price": {
      "basicPrice": 24.99,
      "recommendedQuantity": "1.0",
      "measurementUnitPrice": 12.5,
      "measurementUnit": "L",
      "isRedPrice": false,
      "pricePerUOM": 12.5,
      "activationDate": "08-02-2024",
      "isPromoActive": "N",
      "priceChangeCode": "H"
    },
    "isAvailable": true,
    "isPriceAvailable": true,
    "inPromo": false,
    "gtin": [
      "18410179099979",
      "08410179099972"
    ],
    "topCategoryName": "Kruidenierswaren/Droge voeding",
    "topCategoryId": "233",
    "businessDomain": "RETAIL_BE",
    "IsPrivateLabel": false,
    "IsBiffe": false,
    "WeightconversionFactor": "0",
    "IsWeightArticle": false,
    "IsBio": false,
    "CountryOfOrigin": "BELGIË",
    "IsExclusivelySoldInLuxembourg": false,
    "OrderUnit": "P",
    "ShortName": "BORGES OLIJFOLIE EXT 2L",
    "IsNew": false,
    "RecentQuanityOfStockUnits": "1",
    "LongName": "BORGES olijfolie extra vierge 2L",
    "AlcoholVolume": "0",
    "FicCode": "E"
  },
  {
    "productId": "350562",
    "technicalArticleNumber": "3857329",
    "commercialArticleNumber": "22014",
    "name": "Muhammara dip",
    "brand": "BONI",
    "seoBrand": "Boni Selection",
    "thumbNail": "https://static.colruytgroup.com/images/200x200/std.lang.all/28/63/asset-2352863.jpg",
    "fullImage": "https://static.colruytgroup.com/images/500x500/std.lang.all/28/63/asset-2352863.jpg",
    "squareImage": "https://static.colruytgroup.com/images/500x500sq/std.lang.all/28/63/asset-2352863.jpg",
    "content": "200g",
    "walkRouteSequenceNumber": 7767,
    "price": {
      "basicPrice": 2.99,
      "recommendedQuantity": "1.0",
      "quantityPrice": 2.75,
      "quantityPriceQuantity": "3.0",
      "measurementUnitPrice": 14.95,
      "measurementUnitQuantityPrice": 13.75,
      "measurementUnit": "K",
      "isRedPrice": false,
      "pricePerUOM": 14.95,
      "activationDate": "02-11-2022",
      "isPromoActive": "N",
      "priceChangeCode": "E",
      "quantityPricePerUOM": 13.75,
      "quantityActivationDate": "02-11-2022",
      "quantityPriceChangeCode": "H"
    },
    "isAvailable": true,
    "isPriceAvailable": true,
    "inPromo": false,
    "gtin": [
      "15400141637462",
      "15400141440260",
      "05400141440263",
      "05400141637465",
      "15400141354468",
      "05400141354461",
      "15400141226888",
      "05400141226881"
    ],
    "topCategoryName": "Chips/Borrelhapjes",
    "topCategoryId": "306",
    "businessDomain": "RETAIL_BE",
    "IsPrivateLabel": true,
    "IsBiffe": false,
    "WeightconversionFactor": "0",
    "IsWeightArticle": false,
    "nutriscoreLabel": "C",
    "IsBio": false,
    "CountryOfOrigin": "NEDERLAND",
    "IsExclusivelySoldInLuxembourg": false,
    "OrderUnit": "P",
    "ShortName": "BONI MUHAMMARA DIP 200G",
    "IsNew": false,
    "EcoscoreLabel": "B",
    "RecentQuanityOfStockUnits": "1",
    "LongName": "BONI Muhammara dip 200g",
    "AlcoholVolume": "0",
    "FicCode": "I",
    "EcoscoreValue": "70"
  },
  {
    "productId": "111",
    "technicalArticleNumber": "13624",
    "commercialArticleNumber": "13624",
    "name": "pastasaus arrabbiata",
    "brand": "MIRACOLI",
    "seoBrand": "Miracoli",
    "thumbNail": "https://static.colruytgroup.com/images/200x200/std.lang.all/08/13/asset-2260813.jpg",
    "fullImage": "https://static.colruytgroup.com/images/500x500/std.lang.all/08/13/asset-2260813.jpg",
    "squareImage": "https://static.colruytgroup.com/images/500x500sq/std.lang.all/08/13/asset-2260813.jpg",
    "content": "750g",
    "walkRouteSequenceNumber": 8330,
    "price": {
      "basicPrice": 4.49,
      "recommendedQuantity": "1.0",
      "measurementUnitPrice": 5.99,
      "measurementUnit": "K",
      "isRedPrice": false,
      "pricePerUOM": 5.99,
      "activationDate": "21-03-2024",
      "recordSource": "Offline",
      "isPromoActive": "N",
      "priceChangeCode": "H"
    },
    "isAvailable": true,
    "isPriceAvailable": true,
    "inPromo": true,
    "promotion": [
      {
        "techPromoId": "100956COLR",
        "promotionId": "100956",
        "promotionType": "4",
        "isPersonalized": "N",
        "publicationStartDate": "13-03-2024",
        "publicationEndDate": "26-03-2024"
      }
    ],
    "gtin": [
      "04002359673948",
      "05400141017151",
      "04002359000119"
    ],
    "topCategoryName": "Kruidenierswaren/Droge voeding",
    "topCategoryId": "233",
    "businessDomain": "RETAIL_BE",
    "IsPrivateLabel": false,
    "IsBiffe": false,
    "WeightconversionFactor": "0",
    "IsWeightArticle": false,
    "nutriscoreLabel": "B",
    "IsBio": false,
    "CountryOfOrigin": "BELGIË",
    "IsExclusivelySoldInLuxembourg": false,
    "OrderUnit": "P",
    "ShortName": "MIRA ARRABBIATA 750G",
    "IsNew": false,
    "RecentQuanityOfStockUnits": "2,1",
    "LongName": "MIRACOLI pastasaus arrabbiata 750g",
    "AlcoholVolume": "0",
    "FicCode": "E"
  },
  {
    "productId": "867",
    "technicalArticleNumber": "13182",
    "commercialArticleNumber": "13182",
    "name": "kruiden dragon",
    "description": "*Geeft smaak aan\nvinaigrettes en\nbereidingen met\ngevogelte",
    "brand": "BONI",
    "seoBrand": "Boni Selection",
    "thumbNail": "https://static.colruytgroup.com/images/200x200/std.lang.all/83/66/asset-3028366.jpg",
    "fullImage": "https://static.colruytgroup.com/images/500x500/std.lang.all/83/66/asset-3028366.jpg",
    "squareImage": "https://static.colruytgroup.com/images/500x500sq/std.lang.all/83/66/asset-3028366.jpg",
    "content": "5g",
    "walkRouteSequenceNumber": 6437,
    "price": {
      "basicPrice": 0.535,
      "recommendedQuantity": "1.0",
      "measurementUnitPrice": 107,
      "measurementUnit": "K",
      "isRedPrice": false,
      "pricePerUOM": 107,
      "activationDate": "30-01-2024",
      "recordSource": "Offline",
      "isPromoActive": "N",
      "priceChangeCode": "E"
    },
    "isAvailable": true,
    "isPriceAvailable": true,
    "inPromo": false,
    "gtin": [
      "05400141097993",
      "05400141170122",
      "15400141097990"
    ],
    "topCategoryName": "Kruidenierswaren/Droge voeding",
    "topCategoryId": "233",
    "businessDomain": "RETAIL_BE",
    "IsPrivateLabel": true,
    "IsBiffe": false,
    "WeightconversionFactor": "0",
    "IsWeightArticle": false,
    "IsBio": false,
    "CountryOfOrigin": "FRANKRIJK",
    "IsExclusivelySoldInLuxembourg": false,
    "OrderUnit": "P",
    "ShortName": "BONI/ DRAGON 5G",
    "IsNew": false,
    "EcoscoreLabel": "A",
    "RecentQuanityOfStockUnits": "1,12",
    "LongName": "BONI kruiden dragon 5g",
    "AlcoholVolume": "0",
    "FicCode": "I",
    "EcoscoreValue": "100"
  },
  {
    "productId": "11485",
    "technicalArticleNumber": "1411108",
    "commercialArticleNumber": "13786",
    "name": "kruiden vis",
    "brand": "BONI",
    "seoBrand": "Boni Selection",
    "thumbNail": "https://static.colruytgroup.com/images/200x200/std.lang.all/45/24/asset-3334524.jpg",
    "fullImage": "https://static.colruytgroup.com/images/500x500/std.lang.all/45/24/asset-3334524.jpg",
    "squareImage": "https://static.colruytgroup.com/images/500x500sq/std.lang.all/45/24/asset-3334524.jpg",
    "content": "40g",
    "walkRouteSequenceNumber": 6383,
    "price": {
      "basicPrice": 1.03,
      "recommendedQuantity": "1.0",
      "measurementUnitPrice": 25.75,
      "measurementUnit": "K",
      "isRedPrice": false,
      "pricePerUOM": 25.75,
      "activationDate": "17-11-2023",
      "recordSource": "Offline",
      "isPromoActive": "N",
      "priceChangeCode": "E"
    },
    "isAvailable": true,
    "isPriceAvailable": true,
    "inPromo": false,
    "gtin": [
      "15400141359593",
      "05400141741834",
      "05400141097351",
      "05400141126280",
      "05400141837865",
      "05400141359596",
      "05400141359619",
      "05400141127676"
    ],
    "topCategoryName": "Kruidenierswaren/Droge voeding",
    "topCategoryId": "233",
    "businessDomain": "RETAIL_BE",
    "IsPrivateLabel": true,
    "IsBiffe": false,
    "WeightconversionFactor": "0",
    "IsWeightArticle": false,
    "nutriscoreLabel": "E",
    "IsBio": false,
    "CountryOfOrigin": "BELGIË",
    "IsExclusivelySoldInLuxembourg": false,
    "OrderUnit": "P",
    "ShortName": "BONI VISKRUIDEN 40G",
    "IsNew": false,
    "EcoscoreLabel": "E",
    "RecentQuanityOfStockUnits": "1,1,12",
    "LongName": "BONI kruiden vis 40g",
    "AlcoholVolume": "0",
    "FicCode": "I",
    "EcoscoreValue": "15"
  },
  {
    "productId": "49987",
    "technicalArticleNumber": "2469662",
    "commercialArticleNumber": "38115",
    "name": "vinaigrette bieslook",
    "brand": "VANDEMOORTELE",
    "seoBrand": "Vandemoortele",
    "thumbNail": "https://static.colruytgroup.com/images/200x200/std.lang.all/09/04/asset-3240904.jpg",
    "fullImage": "https://static.colruytgroup.com/images/500x500/std.lang.all/09/04/asset-3240904.jpg",
    "squareImage": "https://static.colruytgroup.com/images/500x500sq/std.lang.all/09/04/asset-3240904.jpg",
    "content": "450ml",
    "walkRouteSequenceNumber": 8065,
    "price": {
      "basicPrice": 2.89,
      "recommendedQuantity": "1.0",
      "measurementUnitPrice": 6.43,
      "measurementUnit": "L",
      "isRedPrice": false,
      "pricePerUOM": 6.43,
      "activationDate": "13-03-2024",
      "recordSource": "Offline",
      "isPromoActive": "N",
      "priceChangeCode": "L"
    },
    "isAvailable": true,
    "isPriceAvailable": true,
    "inPromo": false,
    "gtin": [
      "05410093143549",
      "05410093143556"
    ],
    "topCategoryName": "Kruidenierswaren/Droge voeding",
    "topCategoryId": "233",
    "businessDomain": "RETAIL_BE",
    "IsPrivateLabel": false,
    "IsBiffe": false,
    "WeightconversionFactor": "0",
    "IsWeightArticle": false,
    "nutriscoreLabel": "D",
    "IsBio": false,
    "CountryOfOrigin": "BELGIË",
    "IsExclusivelySoldInLuxembourg": false,
    "OrderUnit": "P",
    "ShortName": "VDM VIN BIESLOOK 450ML",
    "IsNew": false,
    "EcoscoreLabel": "D",
    "RecentQuanityOfStockUnits": "1",
    "LongName": "VANDEMOORTELE vinaigrette bieslook 450ml",
    "AlcoholVolume": "0",
    "FicCode": "E",
    "EcoscoreValue": "39"
  },
  {
    "productId": "610",
    "technicalArticleNumber": "5941",
    "commercialArticleNumber": "5941",
    "name": "kruidenzout 12 biokruiden",
    "description": "*Met kruiden",
    "brand": "HERBAMARE",
    "seoBrand": "Herbamare",
    "thumbNail": "https://static.colruytgroup.com/images/200x200/std.lang.all/02/76/asset-3360276.jpg",
    "fullImage": "https://static.colruytgroup.com/images/500x500/std.lang.all/02/76/asset-3360276.jpg",
    "squareImage": "https://static.colruytgroup.com/images/500x500sq/std.lang.all/02/76/asset-3360276.jpg",
    "content": "250g",
    "walkRouteSequenceNumber": 6485,
    "price": {
      "basicPrice": 4.39,
      "recommendedQuantity": "1.0",
      "measurementUnitPrice": 17.56,
      "measurementUnit": "K",
      "isRedPrice": false,
      "pricePerUOM": 17.56,
      "activationDate": "31-01-2024",
      "recordSource": "Offline",
      "isPromoActive": "N",
      "priceChangeCode": "H"
    },
    "isAvailable": true,
    "isPriceAvailable": true,
    "inPromo": false,
    "gtin": [
      "08711596005042",
      "08711596589399"
    ],
    "topCategoryName": "Kruidenierswaren/Droge voeding",
    "topCategoryId": "233",
    "businessDomain": "RETAIL_BE",
    "IsPrivateLabel": false,
    "IsBiffe": false,
    "WeightconversionFactor": "0",
    "IsWeightArticle": false,
    "nutriscoreLabel": "E",
    "IsBio": true,
    "CountryOfOrigin": "FRANKRIJK",
    "IsExclusivelySoldInLuxembourg": false,
    "OrderUnit": "P",
    "ShortName": "DR VOGEL BIO HERBAM.250",
    "IsNew": false,
    "EcoscoreLabel": "B",
    "RecentQuanityOfStockUnits": "1",
    "LongName": "HERBAMARE kruidenzout 12 biokruiden 250g",
    "AlcoholVolume": "0",
    "FicCode": "E",
    "EcoscoreValue": "78"
  },
  {
    "productId": "835",
    "technicalArticleNumber": "13085",
    "commercialArticleNumber": "13085",
    "name": "olie sla",
    "description": "* Koude bereidingen,\nbasis voor sauzen\n* Zonnebloem-,\nraapzaadolie",
    "brand": "BECEL",
    "seoBrand": "Becel",
    "thumbNail": "https://static.colruytgroup.com/images/200x200/std.lang.all/43/80/asset-354380.jpg",
    "fullImage": "https://static.colruytgroup.com/images/500x500/std.lang.all/43/80/asset-354380.jpg",
    "squareImage": "https://static.colruytgroup.com/images/500x500sq/std.lang.all/43/80/asset-354380.jpg",
    "content": "500ml",
    "walkRouteSequenceNumber": 8957,
    "price": {
      "basicPrice": 3.95,
      "recommendedQuantity": "1.0",
      "measurementUnitPrice": 7.9,
      "measurementUnit": "L",
      "isRedPrice": false,
      "pricePerUOM": 7.9,
      "activationDate": "28-02-2024",
      "recordSource": "Offline",
      "isPromoActive": "N",
      "priceChangeCode": "E"
    },
    "isAvailable": true,
    "isPriceAvailable": true,
    "inPromo": false,
    "gtin": [
      "05410003055016",
      "05410003209563",
      "08719200021440",
      "08719200021457"
    ],
    "topCategoryName": "Kruidenierswaren/Droge voeding",
    "topCategoryId": "233",
    "businessDomain": "RETAIL_BE",
    "IsPrivateLabel": false,
    "IsBiffe": false,
    "WeightconversionFactor": "0",
    "IsWeightArticle": false,
    "nutriscoreLabel": "B",
    "IsBio": false,
    "CountryOfOrigin": "BELGIË",
    "IsExclusivelySoldInLuxembourg": false,
    "OrderUnit": "P",
    "ShortName": "BECEL SLAOLIE 50CL",
    "IsNew": false,
    "EcoscoreLabel": "C",
    "RecentQuanityOfStockUnits": "1",
    "LongName": "BECEL olie sla 500ml",
    "AlcoholVolume": "0",
    "FicCode": "E",
    "EcoscoreValue": "41"
  },
  {
    "productId": "851512",
    "technicalArticleNumber": "4699577",
    "commercialArticleNumber": "30955",
    "name": "bake rolls tomaat&olijf",
    "brand": "TUC",
    "seoBrand": "LU Tuc",
    "thumbNail": "https://static.colruytgroup.com/images/200x200/std.lang.all/04/52/asset-3140452.jpg",
    "fullImage": "https://static.colruytgroup.com/images/500x500/std.lang.all/04/52/asset-3140452.jpg",
    "squareImage": "https://static.colruytgroup.com/images/500x500sq/std.lang.all/04/52/asset-3140452.jpg",
    "content": "150g",
    "walkRouteSequenceNumber": 4467,
    "price": {
      "basicPrice": 1.99,
      "recommendedQuantity": "1.0",
      "measurementUnitPrice": 13.27,
      "measurementUnit": "K",
      "isRedPrice": false,
      "pricePerUOM": 13.27,
      "activationDate": "04-03-2024",
      "recordSource": "Offline",
      "isPromoActive": "N",
      "priceChangeCode": "E"
    },
    "isAvailable": true,
    "isPriceAvailable": true,
    "inPromo": false,
    "gtin": [
      "07622201748241",
      "07622201748258"
    ],
    "topCategoryName": "Brood/Ontbijt",
    "topCategoryId": "124",
    "businessDomain": "RETAIL_BE",
    "IsPrivateLabel": false,
    "IsBiffe": false,
    "WeightconversionFactor": "0",
    "IsWeightArticle": false,
    "nutriscoreLabel": "D",
    "IsBio": false,
    "CountryOfOrigin": "POLEN",
    "IsExclusivelySoldInLuxembourg": false,
    "OrderUnit": "P",
    "ShortName": "TUC BAKE ROL.TOM&OLI150",
    "IsNew": false,
    "RecentQuanityOfStockUnits": "1",
    "LongName": "TUC bake rolls tomaat&olijf 150g",
    "FicCode": "E"
  },
  {
    "productId": "1024307",
    "technicalArticleNumber": "4791375",
    "commercialArticleNumber": "33519",
    "name": "mayonaise met eieren",
    "brand": "VANDEMOORTELE",
    "seoBrand": "Vandemoortele",
    "thumbNail": "https://static.colruytgroup.com/images/200x200/std.lang.all/66/17/asset-3426617.jpg",
    "fullImage": "https://static.colruytgroup.com/images/500x500/std.lang.all/66/17/asset-3426617.jpg",
    "squareImage": "https://static.colruytgroup.com/images/500x500sq/std.lang.all/66/17/asset-3426617.jpg",
    "content": "500ml",
    "walkRouteSequenceNumber": 8054,
    "price": {
      "basicPrice": 2.99,
      "recommendedQuantity": "1.0",
      "measurementUnitPrice": 5.98,
      "measurementUnit": "L",
      "isRedPrice": false,
      "pricePerUOM": 5.98,
      "activationDate": "02-03-2024",
      "recordSource": "Offline",
      "isPromoActive": "N",
      "priceChangeCode": "E"
    },
    "isAvailable": true,
    "isPriceAvailable": true,
    "inPromo": false,
    "gtin": [
      "05410093181121",
      "05410093181114"
    ],
    "topCategoryName": "Kruidenierswaren/Droge voeding",
    "topCategoryId": "233",
    "businessDomain": "RETAIL_BE",
    "IsPrivateLabel": false,
    "IsBiffe": false,
    "WeightconversionFactor": "0",
    "IsWeightArticle": false,
    "nutriscoreLabel": "E",
    "IsBio": false,
    "CountryOfOrigin": "BELGIË",
    "IsExclusivelySoldInLuxembourg": false,
    "OrderUnit": "P",
    "ShortName": "VAND MAYON EIEREN 500ML",
    "IsNew": true,
    "EcoscoreLabel": "D",
    "RecentQuanityOfStockUnits": "1",
    "LongName": "VANDEMOORTELE mayonaise met eieren 500ml",
    "FicCode": "E",
    "EcoscoreValue": "34"
  },
  {
    "productId": "48847",
    "technicalArticleNumber": "2444307",
    "commercialArticleNumber": "26620",
    "name": "noodles nest",
    "description": "*Nestnoedels",
    "brand": "SUZI WAN",
    "seoBrand": "Suzi Wan",
    "thumbNail": "https://static.colruytgroup.com/images/200x200/std.lang.all/77/38/asset-3267738.jpg",
    "fullImage": "https://static.colruytgroup.com/images/500x500/std.lang.all/77/38/asset-3267738.jpg",
    "squareImage": "https://static.colruytgroup.com/images/500x500sq/std.lang.all/77/38/asset-3267738.jpg",
    "content": "250g",
    "walkRouteSequenceNumber": 8503,
    "price": {
      "basicPrice": 5.75,
      "recommendedQuantity": "1.0",
      "measurementUnitPrice": 23,
      "measurementUnit": "K",
      "isRedPrice": false,
      "pricePerUOM": 23,
      "activationDate": "20-03-2024",
      "recordSource": "Offline",
      "isPromoActive": "N",
      "priceChangeCode": "H"
    },
    "isAvailable": true,
    "isPriceAvailable": true,
    "inPromo": false,
    "gtin": [
      "04002359660894",
      "04002359003363"
    ],
    "topCategoryName": "Kruidenierswaren/Droge voeding",
    "topCategoryId": "233",
    "businessDomain": "RETAIL_BE",
    "IsPrivateLabel": false,
    "IsBiffe": false,
    "WeightconversionFactor": "0",
    "IsWeightArticle": false,
    "nutriscoreLabel": "A",
    "IsBio": false,
    "CountryOfOrigin": "FRANKRIJK",
    "IsExclusivelySoldInLuxembourg": false,
    "OrderUnit": "P",
    "ShortName": "SW NESTNOEDELS 250G",
    "InSeason": true,
    "IsNew": false,
    "EcoscoreLabel": "B",
    "RecentQuanityOfStockUnits": "1",
    "LongName": "SUZI WAN noodles nest 250g",
    "AlcoholVolume": "0",
    "StartSeasonDate": "09/11/2011",
    "FicCode": "E",
    "EcoscoreValue": "62"
  },
  {
    "productId": "778695",
    "technicalArticleNumber": "4572345",
    "commercialArticleNumber": "28558",
    "name": "noodles thai chicken bag",
    "description": "*Instant noedels met\n*Thaïse kippensmaak",
    "brand": "AIKI",
    "seoBrand": "Aïki",
    "thumbNail": "https://static.colruytgroup.com/images/200x200/std.lang.all/15/77/asset-3201577.jpg",
    "fullImage": "https://static.colruytgroup.com/images/500x500/std.lang.all/15/77/asset-3201577.jpg",
    "squareImage": "https://static.colruytgroup.com/images/500x500sq/std.lang.all/15/77/asset-3201577.jpg",
    "content": "79g",
    "walkRouteSequenceNumber": 17023,
    "price": {
      "basicPrice": 1.49,
      "recommendedQuantity": "1.0",
      "measurementUnitPrice": 18.87,
      "measurementUnit": "K",
      "isRedPrice": false,
      "pricePerUOM": 18.87,
      "activationDate": "06-03-2024",
      "recordSource": "Offline",
      "isPromoActive": "N",
      "priceChangeCode": "E"
    },
    "isAvailable": true,
    "isPriceAvailable": true,
    "inPromo": false,
    "gtin": [
      "05414972630199",
      "05414972330198",
      "05414972130484",
      "05414972730486"
    ],
    "topCategoryName": "Kruidenierswaren/Droge voeding",
    "topCategoryId": "233",
    "businessDomain": "RETAIL_BE",
    "IsPrivateLabel": false,
    "IsBiffe": false,
    "WeightconversionFactor": "0",
    "IsWeightArticle": false,
    "nutriscoreLabel": "C",
    "IsBio": false,
    "CountryOfOrigin": "HONGARIJE",
    "IsExclusivelySoldInLuxembourg": false,
    "OrderUnit": "P",
    "ShortName": "AIKI NOODL.THAI CHICK79",
    "IsNew": false,
    "EcoscoreLabel": "B",
    "RecentQuanityOfStockUnits": "1,11,1",
    "LongName": "AIKI noodles thai chicken bag 79g",
    "FicCode": "E",
    "EcoscoreValue": "62"
  },
  {
    "productId": "841",
    "technicalArticleNumber": "13126",
    "commercialArticleNumber": "13126",
    "name": "olijfolie 1 L V",
    "description": "*Warme bereidingen\n*Italië\n\n70% geraffineerde\nolijfolie",
    "brand": "CORICELLI",
    "seoBrand": "Pietro Coricelli",
    "thumbNail": "https://static.colruytgroup.com/images/200x200/std.lang.all/26/16/asset-2022616.jpg",
    "fullImage": "https://static.colruytgroup.com/images/500x500/std.lang.all/26/16/asset-2022616.jpg",
    "squareImage": "https://static.colruytgroup.com/images/500x500sq/std.lang.all/26/16/asset-2022616.jpg",
    "content": "1L",
    "walkRouteSequenceNumber": 8961,
    "price": {
      "basicPrice": 14.65,
      "recommendedQuantity": "1.0",
      "measurementUnitPrice": 14.65,
      "measurementUnit": "L",
      "isRedPrice": false,
      "pricePerUOM": 14.65,
      "activationDate": "08-02-2024",
      "isPromoActive": "N",
      "priceChangeCode": "H"
    },
    "isAvailable": true,
    "isPriceAvailable": true,
    "inPromo": false,
    "gtin": [
      "08004275001313",
      "15400141614678"
    ],
    "topCategoryName": "Kruidenierswaren/Droge voeding",
    "topCategoryId": "233",
    "businessDomain": "RETAIL_BE",
    "IsPrivateLabel": false,
    "IsBiffe": false,
    "WeightconversionFactor": "0",
    "IsWeightArticle": false,
    "nutriscoreLabel": "B",
    "IsBio": false,
    "CountryOfOrigin": "BELGIË",
    "IsExclusivelySoldInLuxembourg": false,
    "OrderUnit": "P",
    "ShortName": "CORICELLI OLYFOLIE 1 L",
    "IsNew": false,
    "EcoscoreLabel": "D",
    "RecentQuanityOfStockUnits": "1",
    "LongName": "CORICELLI olijfolie 1 L V 1L",
    "AlcoholVolume": "0",
    "FicCode": "E",
    "EcoscoreValue": "27"
  },
  {
    "productId": "833548",
    "technicalArticleNumber": "4674924",
    "commercialArticleNumber": "3685",
    "name": "speltcracker lijnza.-zonneblo.",
    "description": "*Speltcracker\n*Met lijnzaad en\n*Zonnebloempitten\n*Vershoudzakjes 3x4stuks",
    "brand": "BONI",
    "seoBrand": "Boni Selection",
    "thumbNail": "https://static.colruytgroup.com/images/200x200/std.lang.all/73/56/asset-3197356.jpg",
    "fullImage": "https://static.colruytgroup.com/images/500x500/std.lang.all/73/56/asset-3197356.jpg",
    "squareImage": "https://static.colruytgroup.com/images/500x500sq/std.lang.all/73/56/asset-3197356.jpg",
    "content": "175g",
    "walkRouteSequenceNumber": 17005,
    "price": {
      "basicPrice": 2.99,
      "recommendedQuantity": "1.0",
      "measurementUnitPrice": 17.09,
      "measurementUnit": "K",
      "isRedPrice": false,
      "pricePerUOM": 17.09,
      "activationDate": "10-02-2024",
      "recordSource": "Offline",
      "isPromoActive": "N",
      "priceChangeCode": "H"
    },
    "isAvailable": true,
    "isPriceAvailable": true,
    "inPromo": false,
    "gtin": [
      "15400141793168",
      "05400141793161"
    ],
    "topCategoryName": "Brood/Ontbijt",
    "topCategoryId": "124",
    "businessDomain": "RETAIL_BE",
    "IsPrivateLabel": true,
    "IsBiffe": false,
    "WeightconversionFactor": "0",
    "IsWeightArticle": false,
    "IsBio": false,
    "CountryOfOrigin": "BELGIË",
    "IsExclusivelySoldInLuxembourg": false,
    "OrderUnit": "P",
    "ShortName": "BONI SPELTC.LIJN-ZON175",
    "IsNew": false,
    "RecentQuanityOfStockUnits": "1",
    "LongName": "BONI speltcracker lijnza.-zonneblo. 175g",
    "FicCode": "I"
  },
  {
    "productId": "789464",
    "technicalArticleNumber": "4594724",
    "commercialArticleNumber": "29378",
    "name": "volk.noodles chinese eiermie",
    "description": "*Lange fijne noedel\n*Chinese style\n*1 koek/persoon\n*Klaar in 4 min\n* Zonder koken",
    "brand": "SOUBRY",
    "seoBrand": "Soubry",
    "thumbNail": "https://static.colruytgroup.com/images/200x200/std.lang.all/46/28/asset-2804628.jpg",
    "fullImage": "https://static.colruytgroup.com/images/500x500/std.lang.all/46/28/asset-2804628.jpg",
    "squareImage": "https://static.colruytgroup.com/images/500x500sq/std.lang.all/46/28/asset-2804628.jpg",
    "content": "250g",
    "walkRouteSequenceNumber": 8506,
    "price": {
      "basicPrice": 1.59,
      "recommendedQuantity": "1.0",
      "measurementUnitPrice": 6.36,
      "measurementUnit": "K",
      "isRedPrice": false,
      "pricePerUOM": 6.36,
      "activationDate": "14-11-2023",
      "isPromoActive": "N",
      "priceChangeCode": "E"
    },
    "isAvailable": true,
    "isPriceAvailable": true,
    "inPromo": false,
    "gtin": [
      "15410028120314",
      "05410028120317"
    ],
    "topCategoryName": "Kruidenierswaren/Droge voeding",
    "topCategoryId": "233",
    "businessDomain": "RETAIL_BE",
    "IsPrivateLabel": false,
    "IsBiffe": false,
    "WeightconversionFactor": "0",
    "IsWeightArticle": false,
    "nutriscoreLabel": "A",
    "IsBio": false,
    "CountryOfOrigin": "BELGIË",
    "IsExclusivelySoldInLuxembourg": false,
    "OrderUnit": "P",
    "ShortName": "SOUB VOL.MIE CHIN.ST250",
    "IsNew": false,
    "EcoscoreLabel": "A",
    "RecentQuanityOfStockUnits": "1",
    "LongName": "SOUBRY volk.noodles chinese eiermie 250g",
    "FicCode": "E",
    "EcoscoreValue": "98"
  },
  {
    "productId": "220988",
    "technicalArticleNumber": "3489971",
    "commercialArticleNumber": "50525",
    "name": "saus peperroom Brik",
    "description": "*Droge saus\n*Zachte smaak\n*Makkelijk doseren\n*Warm gerechten\n*Klaar voor gebruik",
    "brand": "KNORR",
    "seoBrand": "Knorr",
    "thumbNail": "https://static.colruytgroup.com/images/200x200/std.lang.all/11/80/asset-2831180.jpg",
    "fullImage": "https://static.colruytgroup.com/images/500x500/std.lang.all/11/80/asset-2831180.jpg",
    "squareImage": "https://static.colruytgroup.com/images/500x500sq/std.lang.all/11/80/asset-2831180.jpg",
    "content": "300ml",
    "walkRouteSequenceNumber": 8264,
    "price": {
      "basicPrice": 2.34,
      "recommendedQuantity": "2.0",
      "measurementUnitPrice": 7.8,
      "measurementUnit": "L",
      "isRedPrice": false,
      "pricePerUOM": 7.8,
      "activationDate": "20-02-2024",
      "recordSource": "Offline",
      "isPromoActive": "N",
      "priceChangeCode": "E"
    },
    "isAvailable": true,
    "isPriceAvailable": true,
    "inPromo": false,
    "gtin": [
      "08712100634543",
      "08712100966088",
      "08712100634529",
      "05400141002706"
    ],
    "topCategoryName": "Kruidenierswaren/Droge voeding",
    "topCategoryId": "233",
    "businessDomain": "RETAIL_BE",
    "IsPrivateLabel": false,
    "IsBiffe": false,
    "WeightconversionFactor": "0",
    "IsWeightArticle": false,
    "nutriscoreLabel": "C",
    "IsBio": false,
    "CountryOfOrigin": "POLEN",
    "IsExclusivelySoldInLuxembourg": false,
    "OrderUnit": "P",
    "ShortName": "KNORR PEPERROOMS.TE.300",
    "IsNew": false,
    "EcoscoreLabel": "B",
    "RecentQuanityOfStockUnits": "1,2",
    "LongName": "KNORR saus peperroom Brik 300ml",
    "AlcoholVolume": "0",
    "FicCode": "E",
    "EcoscoreValue": "70"
  },
  {
    "productId": "54196",
    "technicalArticleNumber": "2455726",
    "commercialArticleNumber": "37260",
    "name": "bouillon groenten vetarm",
    "description": "*Vetarme\ngroentebouillon in\nblokjes",
    "brand": "LIEBIG",
    "seoBrand": "Liebig",
    "thumbNail": "https://static.colruytgroup.com/images/200x200/std.lang.all/85/06/asset-1308506.jpg",
    "fullImage": "https://static.colruytgroup.com/images/500x500/std.lang.all/85/06/asset-1308506.jpg",
    "squareImage": "https://static.colruytgroup.com/images/500x500sq/std.lang.all/85/06/asset-1308506.jpg",
    "content": "72st",
    "walkRouteSequenceNumber": 6534,
    "price": {
      "basicPrice": 11.74,
      "recommendedQuantity": "1.0",
      "measurementUnitPrice": 16.31,
      "measurementUnit": "K",
      "isRedPrice": false,
      "pricePerUOM": 16.31,
      "activationDate": "20-03-2024",
      "isPromoActive": "N",
      "priceChangeCode": "H"
    },
    "isAvailable": true,
    "isPriceAvailable": true,
    "inPromo": false,
    "gtin": [
      "05414972102443",
      "05414972702445"
    ],
    "topCategoryName": "Kruidenierswaren/Droge voeding",
    "topCategoryId": "233",
    "businessDomain": "RETAIL_BE",
    "IsPrivateLabel": false,
    "IsBiffe": false,
    "WeightconversionFactor": "0",
    "IsWeightArticle": false,
    "nutriscoreLabel": "C",
    "IsBio": false,
    "CountryOfOrigin": "DUITSLAND",
    "IsExclusivelySoldInLuxembourg": false,
    "OrderUnit": "P",
    "ShortName": "LIEB GROENT.VET.72 TA",
    "IsNew": false,
    "EcoscoreLabel": "B",
    "RecentQuanityOfStockUnits": "1",
    "LongName": "LIEBIG bouillon groenten vetarm 72st",
    "AlcoholVolume": "0",
    "FicCode": "E",
    "EcoscoreValue": "79"
  },
  {
    "productId": "865578",
    "technicalArticleNumber": "4717768",
    "commercialArticleNumber": "3993",
    "name": "Trio Mediterraans",
    "brand": "BONI",
    "seoBrand": "Boni Selection",
    "thumbNail": "https://static.colruytgroup.com/images/200x200/std.lang.all/95/85/asset-3199585.jpg",
    "fullImage": "https://static.colruytgroup.com/images/500x500/std.lang.all/95/85/asset-3199585.jpg",
    "squareImage": "https://static.colruytgroup.com/images/500x500sq/std.lang.all/95/85/asset-3199585.jpg",
    "content": "180g",
    "walkRouteSequenceNumber": 7655,
    "price": {
      "basicPrice": 2.99,
      "recommendedQuantity": "1.0",
      "quantityPrice": 2.87,
      "quantityPriceQuantity": "3.0",
      "measurementUnitPrice": 16.62,
      "measurementUnitQuantityPrice": 15.95,
      "measurementUnit": "K",
      "isRedPrice": false,
      "pricePerUOM": 16.62,
      "activationDate": "27-04-2023",
      "isPromoActive": "N",
      "priceChangeCode": "E",
      "quantityPricePerUOM": 15.95,
      "quantityActivationDate": "27-04-2023",
      "quantityPriceChangeCode": "E"
    },
    "isAvailable": true,
    "isPriceAvailable": true,
    "inPromo": false,
    "gtin": [
      "05400141443646"
    ],
    "topCategoryName": "Chips/Borrelhapjes",
    "topCategoryId": "306",
    "businessDomain": "RETAIL_BE",
    "IsPrivateLabel": true,
    "IsBiffe": false,
    "WeightconversionFactor": "0",
    "IsWeightArticle": false,
    "nutriscoreLabel": "D",
    "IsBio": false,
    "CountryOfOrigin": "BELGIË",
    "IsExclusivelySoldInLuxembourg": false,
    "OrderUnit": "P",
    "ShortName": "BONI TRIO MEDITER.180G",
    "IsNew": false,
    "EcoscoreLabel": "D",
    "RecentQuanityOfStockUnits": "1",
    "LongName": "BONI Trio Mediterraans 180g",
    "FicCode": "I",
    "EcoscoreValue": "38"
  },
  {
    "productId": "275550",
    "technicalArticleNumber": "3658689",
    "commercialArticleNumber": "15734",
    "name": "gerookte paprika",
    "brand": "DUCROS",
    "seoBrand": "Ducros",
    "thumbNail": "https://static.colruytgroup.com/images/200x200/std.lang.all/69/77/asset-2376977.jpg",
    "fullImage": "https://static.colruytgroup.com/images/500x500/std.lang.all/69/77/asset-2376977.jpg",
    "squareImage": "https://static.colruytgroup.com/images/500x500sq/std.lang.all/69/77/asset-2376977.jpg",
    "content": "40g",
    "walkRouteSequenceNumber": 6450,
    "price": {
      "basicPrice": 3.46,
      "recommendedQuantity": "1.0",
      "quantityPrice": 1.73,
      "quantityPriceQuantity": "2.0",
      "measurementUnitPrice": 86.5,
      "measurementUnitQuantityPrice": 43.25,
      "measurementUnit": "K",
      "isRedPrice": false,
      "pricePerUOM": 86.5,
      "activationDate": "20-03-2024",
      "recordSource": "Offline",
      "isPromoActive": "N",
      "priceChangeCode": "E",
      "quantityPricePerUOM": 43.25,
      "quantityActivationDate": "20-03-2024",
      "quantityPriceChangeCode": "L"
    },
    "isAvailable": true,
    "isPriceAvailable": true,
    "inPromo": false,
    "gtin": [
      "03166296208869",
      "13166296208866"
    ],
    "topCategoryName": "Kruidenierswaren/Droge voeding",
    "topCategoryId": "233",
    "businessDomain": "RETAIL_BE",
    "IsPrivateLabel": false,
    "IsBiffe": false,
    "WeightconversionFactor": "0",
    "IsWeightArticle": false,
    "nutriscoreLabel": "A",
    "IsBio": false,
    "CountryOfOrigin": "SPANJE",
    "IsExclusivelySoldInLuxembourg": false,
    "OrderUnit": "P",
    "ShortName": "DUCR GER.PAPRIKA 40",
    "InSeason": true,
    "IsNew": false,
    "EcoscoreLabel": "E",
    "RecentQuanityOfStockUnits": "12,1",
    "LongName": "DUCROS gerookte paprika 40g",
    "AlcoholVolume": "0",
    "StartSeasonDate": "01/09/2021",
    "FicCode": "E",
    "EcoscoreValue": "2"
  },
  {
    "productId": "60134",
    "technicalArticleNumber": "2192874",
    "commercialArticleNumber": "15395",
    "name": "zoetzure saus",
    "description": "*Zoetzure saus",
    "brand": "SUZI WAN",
    "seoBrand": "Suzi Wan",
    "thumbNail": "https://static.colruytgroup.com/images/200x200/std.lang.all/11/46/asset-2201146.jpg",
    "fullImage": "https://static.colruytgroup.com/images/500x500/std.lang.all/11/46/asset-2201146.jpg",
    "squareImage": "https://static.colruytgroup.com/images/500x500sq/std.lang.all/11/46/asset-2201146.jpg",
    "content": "330g",
    "walkRouteSequenceNumber": 8479,
    "price": {
      "basicPrice": 4.49,
      "recommendedQuantity": "1.0",
      "measurementUnitPrice": 13.61,
      "measurementUnit": "K",
      "isRedPrice": false,
      "pricePerUOM": 13.61,
      "activationDate": "20-03-2024",
      "recordSource": "Offline",
      "isPromoActive": "N",
      "priceChangeCode": "H"
    },
    "isAvailable": true,
    "isPriceAvailable": true,
    "inPromo": false,
    "gtin": [
      "04002359637711",
      "04002359638503"
    ],
    "topCategoryName": "Kruidenierswaren/Droge voeding",
    "topCategoryId": "233",
    "businessDomain": "RETAIL_BE",
    "IsPrivateLabel": false,
    "IsBiffe": false,
    "WeightconversionFactor": "0",
    "IsWeightArticle": false,
    "nutriscoreLabel": "C",
    "IsBio": false,
    "CountryOfOrigin": "NEDERLAND",
    "IsExclusivelySoldInLuxembourg": false,
    "OrderUnit": "P",
    "ShortName": "SW ZOETZURE SAUS 330G",
    "IsNew": false,
    "EcoscoreLabel": "B",
    "RecentQuanityOfStockUnits": "1",
    "LongName": "SUZI WAN zoetzure saus 330g",
    "AlcoholVolume": "0",
    "FicCode": "E",
    "EcoscoreValue": "73"
  },
  {
    "productId": "780890",
    "technicalArticleNumber": "4576975",
    "commercialArticleNumber": "28788",
    "name": "soba noedels chili bag",
    "description": "*Gebakken tarwenoedels\n*Japanse stijl\n*Chilismaak",
    "brand": "NISSIN",
    "seoBrand": "Nissin Soba",
    "thumbNail": "https://static.colruytgroup.com/images/200x200/std.lang.all/10/91/asset-2761091.jpg",
    "fullImage": "https://static.colruytgroup.com/images/500x500/std.lang.all/10/91/asset-2761091.jpg",
    "squareImage": "https://static.colruytgroup.com/images/500x500sq/std.lang.all/10/91/asset-2761091.jpg",
    "content": "111g",
    "walkRouteSequenceNumber": 16978,
    "price": {
      "basicPrice": 1.69,
      "recommendedQuantity": "1.0",
      "measurementUnitPrice": 15.23,
      "measurementUnit": "K",
      "isRedPrice": false,
      "pricePerUOM": 15.23,
      "activationDate": "28-02-2024",
      "recordSource": "Offline",
      "isPromoActive": "N",
      "priceChangeCode": "H"
    },
    "isAvailable": true,
    "isPriceAvailable": true,
    "inPromo": false,
    "gtin": [
      "05997523324308",
      "05997523324292"
    ],
    "topCategoryName": "Kruidenierswaren/Droge voeding",
    "topCategoryId": "233",
    "businessDomain": "RETAIL_BE",
    "IsPrivateLabel": false,
    "IsBiffe": false,
    "WeightconversionFactor": "0",
    "IsWeightArticle": false,
    "IsBio": false,
    "CountryOfOrigin": "HONGARIJE",
    "IsExclusivelySoldInLuxembourg": false,
    "OrderUnit": "P",
    "ShortName": "NISS SOBA NOED.CHILI111",
    "IsNew": false,
    "EcoscoreLabel": "C",
    "RecentQuanityOfStockUnits": "1,9",
    "LongName": "NISSIN soba noedels chili bag 111g",
    "FicCode": "E",
    "EcoscoreValue": "55"
  },
  {
    "productId": "9636",
    "technicalArticleNumber": "1124188",
    "commercialArticleNumber": "13702",
    "name": "lookpoeder",
    "brand": "BONI BIO",
    "seoBrand": "Boni Selection Bio",
    "thumbNail": "https://static.colruytgroup.com/images/200x200/std.lang.all/56/43/asset-3205643.jpg",
    "fullImage": "https://static.colruytgroup.com/images/500x500/std.lang.all/56/43/asset-3205643.jpg",
    "squareImage": "https://static.colruytgroup.com/images/500x500sq/std.lang.all/56/43/asset-3205643.jpg",
    "content": "50g",
    "walkRouteSequenceNumber": 6465,
    "price": {
      "basicPrice": 2.29,
      "recommendedQuantity": "1.0",
      "measurementUnitPrice": 45.8,
      "measurementUnit": "K",
      "isRedPrice": false,
      "pricePerUOM": 45.8,
      "activationDate": "23-01-2024",
      "isPromoActive": "N",
      "priceChangeCode": "L"
    },
    "isAvailable": true,
    "isPriceAvailable": true,
    "inPromo": false,
    "gtin": [
      "35400141368193",
      "05400141156027",
      "05400141264548",
      "05400141368192",
      "05400141887020",
      "15400141368199",
      "05400141098761"
    ],
    "topCategoryName": "Kruidenierswaren/Droge voeding",
    "topCategoryId": "233",
    "businessDomain": "RETAIL_BE",
    "IsPrivateLabel": true,
    "IsBiffe": false,
    "WeightconversionFactor": "0",
    "IsWeightArticle": false,
    "nutriscoreLabel": "A",
    "IsBio": true,
    "CountryOfOrigin": "CHINA (VOLKSREBUPLIEK)",
    "IsExclusivelySoldInLuxembourg": false,
    "OrderUnit": "P",
    "ShortName": "BS BIO LOOKPOEDER 50G",
    "IsNew": false,
    "EcoscoreLabel": "A",
    "RecentQuanityOfStockUnits": "1",
    "LongName": "BONI BIO lookpoeder 50g",
    "AlcoholVolume": "0",
    "FicCode": "I",
    "EcoscoreValue": "100"
  },
  {
    "productId": "11778",
    "technicalArticleNumber": "1376317",
    "commercialArticleNumber": "13658",
    "name": "saus brasil",
    "brand": "LA WILLIAM",
    "seoBrand": "La William",
    "thumbNail": "https://static.colruytgroup.com/images/200x200/std.lang.all/06/52/asset-1020652.jpg",
    "fullImage": "https://static.colruytgroup.com/images/500x500/std.lang.all/06/52/asset-1020652.jpg",
    "squareImage": "https://static.colruytgroup.com/images/500x500sq/std.lang.all/06/52/asset-1020652.jpg",
    "content": "300ml",
    "walkRouteSequenceNumber": 8161,
    "price": {
      "basicPrice": 3.45,
      "recommendedQuantity": "1.0",
      "quantityPrice": 2.58,
      "quantityPriceQuantity": "2.0",
      "measurementUnitPrice": 11.5,
      "measurementUnitQuantityPrice": 8.6,
      "measurementUnit": "L",
      "isRedPrice": false,
      "pricePerUOM": 11.5,
      "activationDate": "20-03-2024",
      "recordSource": "Offline",
      "isPromoActive": "N",
      "priceChangeCode": "E",
      "quantityPricePerUOM": 8.6,
      "quantityActivationDate": "20-03-2024",
      "quantityPriceChangeCode": "L"
    },
    "isAvailable": true,
    "isPriceAvailable": true,
    "inPromo": false,
    "gtin": [
      "05410426006565",
      "05410426006541"
    ],
    "topCategoryName": "Kruidenierswaren/Droge voeding",
    "topCategoryId": "233",
    "businessDomain": "RETAIL_BE",
    "IsPrivateLabel": false,
    "IsBiffe": false,
    "WeightconversionFactor": "0",
    "IsWeightArticle": false,
    "nutriscoreLabel": "D",
    "IsBio": false,
    "CountryOfOrigin": "BELGIË",
    "IsExclusivelySoldInLuxembourg": false,
    "OrderUnit": "P",
    "ShortName": "WILLIAM BRASIL 300ML",
    "IsNew": false,
    "EcoscoreLabel": "B",
    "RecentQuanityOfStockUnits": "1",
    "LongName": "LA WILLIAM saus brasil 300ml",
    "AlcoholVolume": "0",
    "FicCode": "E",
    "EcoscoreValue": "63"
  },
  {
    "productId": "59003",
    "technicalArticleNumber": "2322268",
    "commercialArticleNumber": "5617",
    "name": "kaassaus parmezaan",
    "description": "*Met Parmigiano\nReggiano\n*In de kookpot,\nmicrogolfoven",
    "brand": "GIOVANNI RANA",
    "seoBrand": "Giovanni Rana",
    "thumbNail": "https://static.colruytgroup.com/images/200x200/std.lang.all/08/03/asset-3240803.jpg",
    "fullImage": "https://static.colruytgroup.com/images/500x500/std.lang.all/08/03/asset-3240803.jpg",
    "squareImage": "https://static.colruytgroup.com/images/500x500sq/std.lang.all/08/03/asset-3240803.jpg",
    "content": "180g",
    "walkRouteSequenceNumber": 6624,
    "price": {
      "basicPrice": 3.55,
      "recommendedQuantity": "1.0",
      "measurementUnitPrice": 19.73,
      "measurementUnit": "K",
      "isRedPrice": false,
      "pricePerUOM": 19.73,
      "activationDate": "21-11-2023",
      "recordSource": "Offline",
      "isPromoActive": "N",
      "priceChangeCode": "E"
    },
    "isAvailable": true,
    "isPriceAvailable": true,
    "inPromo": false,
    "gtin": [
      "18001665515167",
      "00000080670407",
      "08001665128759",
      "08001665124409"
    ],
    "topCategoryName": "Kruidenierswaren/Droge voeding",
    "topCategoryId": "233",
    "businessDomain": "RETAIL_BE",
    "IsPrivateLabel": false,
    "IsBiffe": false,
    "WeightconversionFactor": "0",
    "IsWeightArticle": false,
    "IsBio": false,
    "CountryOfOrigin": "ITALIË",
    "IsExclusivelySoldInLuxembourg": false,
    "OrderUnit": "P",
    "ShortName": "RANA KAASSAUS 180G",
    "IsNew": false,
    "EcoscoreLabel": "C",
    "RecentQuanityOfStockUnits": "1",
    "LongName": "GIOVANNI RANA kaassaus parmezaan 180g",
    "AlcoholVolume": "0",
    "FicCode": "E",
    "EcoscoreValue": "43"
  },
  {
    "productId": "215674",
    "technicalArticleNumber": "3480211",
    "commercialArticleNumber": "20372",
    "name": "saus knoflook TD",
    "brand": "DEVOS LEMMENS",
    "seoBrand": "Devos Lemmens",
    "thumbNail": "https://static.colruytgroup.com/images/200x200/std.lang.all/02/98/asset-870298.jpg",
    "fullImage": "https://static.colruytgroup.com/images/500x500/std.lang.all/02/98/asset-870298.jpg",
    "squareImage": "https://static.colruytgroup.com/images/500x500sq/std.lang.all/02/98/asset-870298.jpg",
    "content": "300ml",
    "walkRouteSequenceNumber": 8131,
    "price": {
      "basicPrice": 4.15,
      "recommendedQuantity": "1.0",
      "measurementUnitPrice": 13.84,
      "measurementUnit": "L",
      "isRedPrice": false,
      "pricePerUOM": 13.84,
      "activationDate": "19-03-2024",
      "recordSource": "Offline",
      "isPromoActive": "N",
      "priceChangeCode": "H"
    },
    "isAvailable": true,
    "isPriceAvailable": true,
    "inPromo": false,
    "gtin": [
      "05414972116631",
      "05414972716633"
    ],
    "topCategoryName": "Kruidenierswaren/Droge voeding",
    "topCategoryId": "233",
    "businessDomain": "RETAIL_BE",
    "IsPrivateLabel": false,
    "IsBiffe": false,
    "WeightconversionFactor": "0",
    "IsWeightArticle": false,
    "nutriscoreLabel": "E",
    "IsBio": false,
    "CountryOfOrigin": "BELGIË",
    "IsExclusivelySoldInLuxembourg": false,
    "OrderUnit": "P",
    "ShortName": "DVL KNOFL.SAUS TD 300ML",
    "IsNew": false,
    "EcoscoreLabel": "D",
    "RecentQuanityOfStockUnits": "1",
    "LongName": "DEVOS LEMMENS saus knoflook TD 300ml",
    "AlcoholVolume": "0",
    "FicCode": "E",
    "EcoscoreValue": "29"
  },
  {
    "productId": "13253",
    "technicalArticleNumber": "1241133",
    "commercialArticleNumber": "12266",
    "name": "Eazy Pasta wokmie",
    "description": "*Alles in één pan\n*Gerecht klaar 1,2,3\n*Niet apart koken\n*Weinig afwas",
    "brand": "SOUBRY",
    "seoBrand": "Soubry",
    "thumbNail": "https://static.colruytgroup.com/images/200x200/std.lang.all/75/46/asset-2007546.jpg",
    "fullImage": "https://static.colruytgroup.com/images/500x500/std.lang.all/75/46/asset-2007546.jpg",
    "squareImage": "https://static.colruytgroup.com/images/500x500sq/std.lang.all/75/46/asset-2007546.jpg",
    "content": "250g",
    "walkRouteSequenceNumber": 8504,
    "price": {
      "basicPrice": 1.79,
      "recommendedQuantity": "3.0",
      "measurementUnitPrice": 7.16,
      "measurementUnit": "K",
      "isRedPrice": false,
      "pricePerUOM": 7.16,
      "activationDate": "14-02-2024",
      "recordSource": "Offline",
      "isPromoActive": "N",
      "priceChangeCode": "E"
    },
    "isAvailable": true,
    "isPriceAvailable": true,
    "inPromo": false,
    "gtin": [
      "45410028075431",
      "05410028075488",
      "05410028075440"
    ],
    "topCategoryName": "Kruidenierswaren/Droge voeding",
    "topCategoryId": "233",
    "businessDomain": "RETAIL_BE",
    "IsPrivateLabel": false,
    "IsBiffe": false,
    "WeightconversionFactor": "0",
    "IsWeightArticle": false,
    "nutriscoreLabel": "C",
    "IsBio": false,
    "CountryOfOrigin": "BELGIË",
    "IsExclusivelySoldInLuxembourg": false,
    "OrderUnit": "P",
    "ShortName": "SOUB EAZY PA.WOKMIE 250",
    "IsNew": false,
    "EcoscoreLabel": "A",
    "RecentQuanityOfStockUnits": "1,3",
    "LongName": "SOUBRY Eazy Pasta wokmie 250g",
    "AlcoholVolume": "0",
    "FicCode": "E",
    "EcoscoreValue": "99"
  },
  {
    "productId": "463455",
    "technicalArticleNumber": "3957446",
    "commercialArticleNumber": "2259",
    "name": "hummus mango kokos",
    "description": "*obv kikkererwten",
    "brand": "BONI",
    "seoBrand": "Boni Selection",
    "thumbNail": "https://static.colruytgroup.com/images/200x200/std.lang.all/88/00/asset-2478800.jpg",
    "fullImage": "https://static.colruytgroup.com/images/500x500/std.lang.all/88/00/asset-2478800.jpg",
    "squareImage": "https://static.colruytgroup.com/images/500x500sq/std.lang.all/88/00/asset-2478800.jpg",
    "content": "150g",
    "walkRouteSequenceNumber": 7772,
    "price": {
      "basicPrice": 2.29,
      "recommendedQuantity": "1.0",
      "quantityPrice": 2.11,
      "quantityPriceQuantity": "3.0",
      "measurementUnitPrice": 15.27,
      "measurementUnitQuantityPrice": 14.07,
      "measurementUnit": "K",
      "isRedPrice": false,
      "pricePerUOM": 15.27,
      "activationDate": "17-11-2023",
      "isPromoActive": "N",
      "priceChangeCode": "E",
      "quantityPricePerUOM": 14.07,
      "quantityActivationDate": "17-11-2023",
      "quantityPriceChangeCode": "E"
    },
    "isAvailable": true,
    "isPriceAvailable": true,
    "inPromo": false,
    "gtin": [
      "15400141423386",
      "05400141039924",
      "05400141423389"
    ],
    "topCategoryName": "Chips/Borrelhapjes",
    "topCategoryId": "306",
    "businessDomain": "RETAIL_BE",
    "IsPrivateLabel": true,
    "IsBiffe": false,
    "WeightconversionFactor": "0",
    "IsWeightArticle": false,
    "nutriscoreLabel": "C",
    "IsBio": false,
    "CountryOfOrigin": "NEDERLAND",
    "IsExclusivelySoldInLuxembourg": false,
    "OrderUnit": "P",
    "ShortName": "BONI HUMMUS MAN KOK150G",
    "IsNew": false,
    "EcoscoreLabel": "B",
    "RecentQuanityOfStockUnits": "1",
    "LongName": "BONI hummus mango kokos 150g",
    "FicCode": "I",
    "EcoscoreValue": "77"
  },
  {
    "productId": "49698",
    "technicalArticleNumber": "2480569",
    "commercialArticleNumber": "38967",
    "name": "Soup Idee tom. groenten",
    "description": "*Droge soep\n*Makkelijk bereiden\n*Instant gerecht\n*Snelle maaltijd\n*Warm gerecht",
    "brand": "KNORR",
    "seoBrand": "Knorr",
    "thumbNail": "https://static.colruytgroup.com/images/200x200/std.lang.all/97/46/asset-3139746.jpg",
    "fullImage": "https://static.colruytgroup.com/images/500x500/std.lang.all/97/46/asset-3139746.jpg",
    "squareImage": "https://static.colruytgroup.com/images/500x500sq/std.lang.all/97/46/asset-3139746.jpg",
    "content": "57g",
    "walkRouteSequenceNumber": 16841,
    "price": {
      "basicPrice": 1.26,
      "recommendedQuantity": "4.0",
      "measurementUnitPrice": 22.11,
      "measurementUnit": "K",
      "isRedPrice": false,
      "pricePerUOM": 22.11,
      "activationDate": "13-03-2024",
      "recordSource": "Folder",
      "isPromoActive": "N",
      "priceChangeCode": "H"
    },
    "isAvailable": true,
    "isPriceAvailable": true,
    "inPromo": true,
    "promotion": [
      {
        "techPromoId": "100943COLR",
        "promotionId": "100943",
        "promotionType": "3",
        "isPersonalized": "N",
        "publicationStartDate": "13-03-2024",
        "publicationEndDate": "26-03-2024"
      }
    ],
    "gtin": [
      "08712566143214",
      "05400141001266",
      "08712566578795"
    ],
    "topCategoryName": "Kruidenierswaren/Droge voeding",
    "topCategoryId": "233",
    "businessDomain": "RETAIL_BE",
    "IsPrivateLabel": false,
    "IsBiffe": false,
    "WeightconversionFactor": "0",
    "IsWeightArticle": false,
    "nutriscoreLabel": "C",
    "IsBio": false,
    "CountryOfOrigin": "DUITSLAND",
    "IsExclusivelySoldInLuxembourg": false,
    "OrderUnit": "P",
    "ShortName": "KN IDEE TOM.GROENT 57G",
    "IsNew": false,
    "EcoscoreLabel": "B",
    "RecentQuanityOfStockUnits": "1,4",
    "LongName": "KNORR Soup Idee tom. groenten 57g",
    "AlcoholVolume": "0",
    "FicCode": "E",
    "EcoscoreValue": "76"
  },
  {
    "productId": "155028",
    "technicalArticleNumber": "3272403",
    "commercialArticleNumber": "42204",
    "name": "ketchup hot chilli TD",
    "brand": "HEINZ",
    "seoBrand": "Heinz",
    "thumbNail": "https://static.colruytgroup.com/images/200x200/std.lang.all/70/41/asset-807041.jpg",
    "fullImage": "https://static.colruytgroup.com/images/500x500/std.lang.all/70/41/asset-807041.jpg",
    "squareImage": "https://static.colruytgroup.com/images/500x500sq/std.lang.all/70/41/asset-807041.jpg",
    "content": "400ml",
    "walkRouteSequenceNumber": 8195,
    "price": {
      "basicPrice": 3.15,
      "recommendedQuantity": "1.0",
      "measurementUnitPrice": 7.88,
      "measurementUnit": "L",
      "isRedPrice": false,
      "pricePerUOM": 7.88,
      "activationDate": "09-03-2024",
      "recordSource": "Offline",
      "isPromoActive": "N",
      "priceChangeCode": "L"
    },
    "isAvailable": true,
    "isPriceAvailable": true,
    "inPromo": false,
    "gtin": [
      "08715700225388",
      "08715700124711",
      "08715700122045",
      "08715700220901",
      "08715700500256",
      "00000087157321"
    ],
    "topCategoryName": "Kruidenierswaren/Droge voeding",
    "topCategoryId": "233",
    "businessDomain": "RETAIL_BE",
    "IsPrivateLabel": false,
    "IsBiffe": false,
    "WeightconversionFactor": "0",
    "IsWeightArticle": false,
    "nutriscoreLabel": "E",
    "IsBio": false,
    "CountryOfOrigin": "EUROPA",
    "IsExclusivelySoldInLuxembourg": false,
    "OrderUnit": "P",
    "ShortName": "HEINZ HOT CHI KET 400ML",
    "IsNew": false,
    "EcoscoreLabel": "B",
    "RecentQuanityOfStockUnits": "1,1,10",
    "LongName": "HEINZ ketchup hot chilli TD 400ml",
    "AlcoholVolume": "0",
    "FicCode": "E",
    "EcoscoreValue": "74"
  },
  {
    "productId": "46796",
    "technicalArticleNumber": "2546840",
    "commercialArticleNumber": "39811",
    "name": "frietsaus classic top-down",
    "description": "*Met scharreleieren",
    "brand": "REMIA",
    "seoBrand": "Remia",
    "thumbNail": "https://static.colruytgroup.com/images/200x200/std.lang.all/61/18/asset-376118.jpg",
    "fullImage": "https://static.colruytgroup.com/images/500x500/std.lang.all/61/18/asset-376118.jpg",
    "squareImage": "https://static.colruytgroup.com/images/500x500sq/std.lang.all/61/18/asset-376118.jpg",
    "content": "500ml",
    "walkRouteSequenceNumber": 8146,
    "price": {
      "basicPrice": 1.99,
      "recommendedQuantity": "1.0",
      "measurementUnitPrice": 3.98,
      "measurementUnit": "L",
      "isRedPrice": false,
      "pricePerUOM": 3.98,
      "activationDate": "22-03-2024",
      "recordSource": "Offline",
      "isPromoActive": "N",
      "priceChangeCode": "E"
    },
    "isAvailable": true,
    "isPriceAvailable": true,
    "inPromo": false,
    "gtin": [
      "08710448089391",
      "08710448583561"
    ],
    "topCategoryName": "Kruidenierswaren/Droge voeding",
    "topCategoryId": "233",
    "businessDomain": "RETAIL_BE",
    "IsPrivateLabel": false,
    "IsBiffe": false,
    "WeightconversionFactor": "0",
    "IsWeightArticle": false,
    "nutriscoreLabel": "D",
    "IsBio": false,
    "CountryOfOrigin": "BELGIË",
    "IsExclusivelySoldInLuxembourg": false,
    "OrderUnit": "P",
    "ShortName": "RE FRIT.SAUS CL.TD 500",
    "InSeason": true,
    "IsNew": false,
    "EcoscoreLabel": "D",
    "RecentQuanityOfStockUnits": "1",
    "LongName": "REMIA frietsaus classic top-down 500ml",
    "AlcoholVolume": "0",
    "StartSeasonDate": "30/08/2023",
    "FicCode": "E",
    "EcoscoreValue": "34"
  },
  {
    "productId": "57354",
    "technicalArticleNumber": "2339857",
    "commercialArticleNumber": "18293",
    "name": "ruwe rietsuiker bio",
    "brand": "CANDICO",
    "seoBrand": "Candico",
    "thumbNail": "https://static.colruytgroup.com/images/200x200/std.lang.all/85/40/asset-638540.jpg",
    "fullImage": "https://static.colruytgroup.com/images/500x500/std.lang.all/85/40/asset-638540.jpg",
    "squareImage": "https://static.colruytgroup.com/images/500x500sq/std.lang.all/85/40/asset-638540.jpg",
    "content": "1kg",
    "walkRouteSequenceNumber": 9197,
    "price": {
      "basicPrice": 5.49,
      "recommendedQuantity": "1.0",
      "measurementUnitPrice": 5.49,
      "measurementUnit": "K",
      "isRedPrice": false,
      "pricePerUOM": 5.49,
      "activationDate": "03-01-2024",
      "isPromoActive": "N",
      "priceChangeCode": "L"
    },
    "isAvailable": true,
    "isPriceAvailable": true,
    "inPromo": false,
    "gtin": [
      "05410301634104",
      "05410301163420"
    ],
    "topCategoryName": "Kruidenierswaren/Droge voeding",
    "topCategoryId": "233",
    "businessDomain": "RETAIL_BE",
    "IsPrivateLabel": false,
    "IsBiffe": false,
    "WeightconversionFactor": "0",
    "IsWeightArticle": false,
    "nutriscoreLabel": "E",
    "IsBio": true,
    "CountryOfOrigin": "PARAGUAY",
    "IsExclusivelySoldInLuxembourg": false,
    "OrderUnit": "P",
    "ShortName": "CAND BIO RIETSUIKER 1KG",
    "IsNew": false,
    "EcoscoreLabel": "B",
    "RecentQuanityOfStockUnits": "1,8",
    "LongName": "CANDICO ruwe rietsuiker bio 1kg",
    "AlcoholVolume": "0",
    "FicCode": "E",
    "EcoscoreValue": "74"
  },
  {
    "productId": "16717",
    "technicalArticleNumber": "1434486",
    "commercialArticleNumber": "12288",
    "name": "broc.bieslook brik",
    "description": "*Broccoli-\nbieslooksoep",
    "brand": "LIEBIG DÉLISOUP",
    "seoBrand": "Liebig Délisoup",
    "thumbNail": "https://static.colruytgroup.com/images/200x200/nl_be/25/77/asset-1582577.jpg",
    "fullImage": "https://static.colruytgroup.com/images/500x500/nl_be/25/77/asset-1582577.jpg",
    "squareImage": "https://static.colruytgroup.com/images/500x500sq/nl_be/25/77/asset-1582577.jpg",
    "content": "1L",
    "walkRouteSequenceNumber": 16949,
    "price": {
      "basicPrice": 3.79,
      "recommendedQuantity": "1.0",
      "measurementUnitPrice": 3.79,
      "measurementUnit": "L",
      "isRedPrice": false,
      "pricePerUOM": 3.79,
      "activationDate": "12-03-2024",
      "recordSource": "Offline",
      "isPromoActive": "N",
      "priceChangeCode": "H"
    },
    "isAvailable": true,
    "isPriceAvailable": true,
    "inPromo": false,
    "gtin": [
      "05410056190221",
      "05414972705781"
    ],
    "topCategoryName": "Kruidenierswaren/Droge voeding",
    "topCategoryId": "233",
    "businessDomain": "RETAIL_BE",
    "IsPrivateLabel": false,
    "IsBiffe": false,
    "WeightconversionFactor": "0",
    "IsWeightArticle": false,
    "nutriscoreLabel": "B",
    "IsBio": false,
    "CountryOfOrigin": "FRANKRIJK",
    "IsExclusivelySoldInLuxembourg": false,
    "OrderUnit": "P",
    "ShortName": "LIEBIG DS BIES.BROC.1L",
    "InSeason": true,
    "IsNew": false,
    "EcoscoreLabel": "B",
    "RecentQuanityOfStockUnits": "1,8",
    "LongName": "LIEBIG DÉLISOUP broc.bieslook brik 1L",
    "AlcoholVolume": "0",
    "StartSeasonDate": "16/10/2023",
    "FicCode": "E",
    "EcoscoreValue": "75"
  },
  {
    "productId": "452160",
    "technicalArticleNumber": "4028261",
    "commercialArticleNumber": "5447",
    "name": "hummus topping",
    "description": "*O.b.v. kikkererwten",
    "brand": "BONI",
    "seoBrand": "Boni Selection",
    "thumbNail": "https://static.colruytgroup.com/images/200x200/std.lang.all/85/16/asset-2508516.jpg",
    "fullImage": "https://static.colruytgroup.com/images/500x500/std.lang.all/85/16/asset-2508516.jpg",
    "squareImage": "https://static.colruytgroup.com/images/500x500sq/std.lang.all/85/16/asset-2508516.jpg",
    "content": "200g",
    "walkRouteSequenceNumber": 7775,
    "price": {
      "basicPrice": 2.09,
      "recommendedQuantity": "1.0",
      "quantityPrice": 1.92,
      "quantityPriceQuantity": "3.0",
      "measurementUnitPrice": 10.45,
      "measurementUnitQuantityPrice": 9.6,
      "measurementUnit": "K",
      "isRedPrice": false,
      "pricePerUOM": 10.45,
      "activationDate": "17-11-2023",
      "isPromoActive": "N",
      "priceChangeCode": "E",
      "quantityPricePerUOM": 9.6,
      "quantityActivationDate": "17-11-2023",
      "quantityPriceChangeCode": "E"
    },
    "isAvailable": true,
    "isPriceAvailable": true,
    "inPromo": false,
    "gtin": [
      "15400141399810",
      "35400141399814",
      "05400141241754",
      "05400141399813"
    ],
    "topCategoryName": "Chips/Borrelhapjes",
    "topCategoryId": "306",
    "businessDomain": "RETAIL_BE",
    "IsPrivateLabel": true,
    "IsBiffe": false,
    "WeightconversionFactor": "0",
    "IsWeightArticle": false,
    "nutriscoreLabel": "C",
    "IsBio": false,
    "CountryOfOrigin": "BELGIË",
    "IsExclusivelySoldInLuxembourg": false,
    "OrderUnit": "P",
    "ShortName": "BONI HUMMUS TOPPING200G",
    "IsNew": false,
    "EcoscoreLabel": "A",
    "RecentQuanityOfStockUnits": "1,1",
    "LongName": "BONI hummus topping 200g",
    "FicCode": "I",
    "EcoscoreValue": "82"
  },
  {
    "productId": "572801",
    "technicalArticleNumber": "4219280",
    "commercialArticleNumber": "17432",
    "name": "Hummus tomaat basilicum",
    "thumbNail": "https://static.colruytgroup.com/images/200x200/std.lang.all/90/97/asset-2179097.jpg",
    "fullImage": "https://static.colruytgroup.com/images/500x500/std.lang.all/90/97/asset-2179097.jpg",
    "squareImage": "https://static.colruytgroup.com/images/500x500sq/std.lang.all/90/97/asset-2179097.jpg",
    "content": "150g",
    "walkRouteSequenceNumber": 7771,
    "price": {
      "basicPrice": 2.69,
      "recommendedQuantity": "1.0",
      "quantityPrice": 2.47,
      "quantityPriceQuantity": "3.0",
      "measurementUnitPrice": 17.94,
      "measurementUnitQuantityPrice": 16.47,
      "measurementUnit": "K",
      "isRedPrice": false,
      "pricePerUOM": 17.94,
      "activationDate": "14-11-2023",
      "isPromoActive": "N",
      "priceChangeCode": "E",
      "quantityPricePerUOM": 16.47,
      "quantityActivationDate": "14-11-2023",
      "quantityPriceChangeCode": "E"
    },
    "isAvailable": true,
    "isPriceAvailable": true,
    "inPromo": false,
    "gtin": [
      "05425020166546",
      "15425020166543"
    ],
    "topCategoryName": "Chips/Borrelhapjes",
    "topCategoryId": "306",
    "businessDomain": "RETAIL_BE",
    "IsPrivateLabel": false,
    "IsBiffe": false,
    "WeightconversionFactor": "0",
    "IsWeightArticle": false,
    "nutriscoreLabel": "C",
    "IsBio": false,
    "CountryOfOrigin": "BELGIË",
    "IsExclusivelySoldInLuxembourg": false,
    "OrderUnit": "P",
    "ShortName": "HUMUS TOM.BASIL.150G",
    "IsNew": false,
    "EcoscoreLabel": "B",
    "RecentQuanityOfStockUnits": "1",
    "LongName": "Hummus tomaat basilicum 150g",
    "FicCode": "E",
    "EcoscoreValue": "72"
  },
  {
    "productId": "423417",
    "technicalArticleNumber": "3933755",
    "commercialArticleNumber": "1065",
    "name": "mayonaise",
    "description": "*Mayonaise\n*Lichte saus\n*Scharreleieren\n*Kruiden\n*Zachte smaak",
    "brand": "HELLMANNS",
    "seoBrand": "Hellmann's",
    "thumbNail": "https://static.colruytgroup.com/images/200x200/std.lang.all/22/77/asset-1562277.jpg",
    "fullImage": "https://static.colruytgroup.com/images/500x500/std.lang.all/22/77/asset-1562277.jpg",
    "squareImage": "https://static.colruytgroup.com/images/500x500sq/std.lang.all/22/77/asset-1562277.jpg",
    "content": "430ml",
    "walkRouteSequenceNumber": 8090,
    "price": {
      "basicPrice": 3.69,
      "recommendedQuantity": "1.0",
      "quantityPrice": 2.23,
      "quantityPriceQuantity": "3.0",
      "measurementUnitPrice": 8.59,
      "measurementUnitQuantityPrice": 5.19,
      "measurementUnit": "L",
      "isRedPrice": false,
      "pricePerUOM": 8.59,
      "activationDate": "13-03-2024",
      "recordSource": "Offline",
      "isPromoActive": "N",
      "priceChangeCode": "E",
      "quantityPricePerUOM": 5.19,
      "quantityActivationDate": "13-03-2024",
      "quantityPriceChangeCode": "H"
    },
    "isAvailable": true,
    "isPriceAvailable": true,
    "inPromo": false,
    "gtin": [
      "08722700102632",
      "08722700528623"
    ],
    "topCategoryName": "Kruidenierswaren/Droge voeding",
    "topCategoryId": "233",
    "businessDomain": "RETAIL_BE",
    "IsPrivateLabel": false,
    "IsBiffe": false,
    "WeightconversionFactor": "0",
    "IsWeightArticle": false,
    "nutriscoreLabel": "D",
    "IsBio": false,
    "CountryOfOrigin": "VERENIGD KONINKRIJK",
    "IsExclusivelySoldInLuxembourg": false,
    "OrderUnit": "P",
    "ShortName": "HELL MAYONAISE 430ML",
    "InSeason": true,
    "IsNew": false,
    "EcoscoreLabel": "D",
    "RecentQuanityOfStockUnits": "1",
    "LongName": "HELLMANNS mayonaise 430ml",
    "StartSeasonDate": "02/09/2021",
    "FicCode": "E",
    "EcoscoreValue": "34"
  },
  {
    "productId": "62",
    "technicalArticleNumber": "14020",
    "commercialArticleNumber": "14020",
    "name": "pudding powder vanille",
    "description": "Op basis van geselecteerde\nmeelsoorten. Kookpudding. Warm of\nkoud opdienen. Vanillesmaak.",
    "brand": "IMPERIAL",
    "seoBrand": "Imperial",
    "thumbNail": "https://static.colruytgroup.com/images/200x200/std.lang.all/20/41/asset-1392041.jpg",
    "fullImage": "https://static.colruytgroup.com/images/500x500/std.lang.all/20/41/asset-1392041.jpg",
    "squareImage": "https://static.colruytgroup.com/images/500x500sq/std.lang.all/20/41/asset-1392041.jpg",
    "content": "1kg",
    "walkRouteSequenceNumber": 9576,
    "price": {
      "basicPrice": 6.17,
      "recommendedQuantity": "1.0",
      "quantityPrice": 4.93,
      "quantityPriceQuantity": "3.0",
      "measurementUnitPrice": 6.17,
      "measurementUnitQuantityPrice": 4.93,
      "measurementUnit": "K",
      "isRedPrice": false,
      "pricePerUOM": 6.17,
      "activationDate": "22-03-2024",
      "recordSource": "Offline",
      "isPromoActive": "N",
      "priceChangeCode": "E",
      "quantityPricePerUOM": 4.93,
      "quantityActivationDate": "22-03-2024",
      "quantityPriceChangeCode": "L"
    },
    "isAvailable": true,
    "isPriceAvailable": true,
    "inPromo": false,
    "gtin": [
      "05410056010758",
      "05410056719118"
    ],
    "topCategoryName": "Kruidenierswaren/Droge voeding",
    "topCategoryId": "233",
    "businessDomain": "RETAIL_BE",
    "IsPrivateLabel": false,
    "IsBiffe": false,
    "WeightconversionFactor": "0",
    "IsWeightArticle": false,
    "nutriscoreLabel": "C",
    "IsBio": false,
    "CountryOfOrigin": "BELGIË",
    "IsExclusivelySoldInLuxembourg": false,
    "OrderUnit": "P",
    "ShortName": "IMP PUDDING VANN 1K",
    "IsNew": false,
    "RecentQuanityOfStockUnits": "1,6",
    "LongName": "IMPERIAL pudding powder vanille 1kg",
    "AlcoholVolume": "0",
    "FicCode": "E"
  },
  {
    "productId": "193268",
    "technicalArticleNumber": "3436681",
    "commercialArticleNumber": "50125",
    "name": "olijfolie met basilicum",
    "description": "*Koude bereidingen\n*Italië\n*Eerste persing,\nmet basilicum",
    "brand": "BONI",
    "seoBrand": "Boni Selection",
    "thumbNail": "https://static.colruytgroup.com/images/200x200/std.lang.all/07/75/asset-2280775.jpg",
    "fullImage": "https://static.colruytgroup.com/images/500x500/std.lang.all/07/75/asset-2280775.jpg",
    "squareImage": "https://static.colruytgroup.com/images/500x500sq/std.lang.all/07/75/asset-2280775.jpg",
    "content": "250ml",
    "walkRouteSequenceNumber": 8794,
    "price": {
      "basicPrice": 4.98,
      "recommendedQuantity": "1.0",
      "measurementUnitPrice": 19.92,
      "measurementUnit": "L",
      "isRedPrice": false,
      "pricePerUOM": 19.92,
      "activationDate": "02-03-2024",
      "recordSource": "Offline",
      "isPromoActive": "N",
      "priceChangeCode": "E"
    },
    "isAvailable": true,
    "isPriceAvailable": true,
    "inPromo": false,
    "gtin": [
      "05400141386097",
      "15400141192435",
      "15400141386094",
      "15400141828228",
      "05400141355833",
      "05400141192438"
    ],
    "topCategoryName": "Kruidenierswaren/Droge voeding",
    "topCategoryId": "233",
    "businessDomain": "RETAIL_BE",
    "IsPrivateLabel": true,
    "IsBiffe": false,
    "WeightconversionFactor": "0",
    "IsWeightArticle": false,
    "nutriscoreLabel": "B",
    "IsBio": false,
    "CountryOfOrigin": "EUROPA",
    "IsExclusivelySoldInLuxembourg": false,
    "OrderUnit": "P",
    "ShortName": "BONI OLIJFOL BASIL 25CL",
    "IsNew": false,
    "EcoscoreLabel": "C",
    "RecentQuanityOfStockUnits": "1",
    "LongName": "BONI olijfolie met basilicum 250ml",
    "AlcoholVolume": "0",
    "FicCode": "I",
    "EcoscoreValue": "42"
  },
  {
    "productId": "787276",
    "technicalArticleNumber": "4589482",
    "commercialArticleNumber": "21659",
    "name": "pesto peperoncino",
    "brand": "BARILLA",
    "seoBrand": "Barilla",
    "thumbNail": "https://static.colruytgroup.com/images/200x200/std.lang.all/21/09/asset-2782109.jpg",
    "fullImage": "https://static.colruytgroup.com/images/500x500/std.lang.all/21/09/asset-2782109.jpg",
    "squareImage": "https://static.colruytgroup.com/images/500x500sq/std.lang.all/21/09/asset-2782109.jpg",
    "content": "195g",
    "walkRouteSequenceNumber": 8385,
    "price": {
      "basicPrice": 3.99,
      "recommendedQuantity": "1.0",
      "measurementUnitPrice": 20.47,
      "measurementUnit": "K",
      "isRedPrice": false,
      "pricePerUOM": 20.47,
      "activationDate": "14-03-2024",
      "recordSource": "Offline",
      "isPromoActive": "N",
      "priceChangeCode": "E"
    },
    "isAvailable": true,
    "isPriceAvailable": true,
    "inPromo": false,
    "gtin": [
      "08076809578264",
      "08076809086394"
    ],
    "topCategoryName": "Kruidenierswaren/Droge voeding",
    "topCategoryId": "233",
    "businessDomain": "RETAIL_BE",
    "IsPrivateLabel": false,
    "IsBiffe": false,
    "WeightconversionFactor": "0",
    "IsWeightArticle": false,
    "nutriscoreLabel": "D",
    "IsBio": false,
    "CountryOfOrigin": "ITALIË",
    "IsExclusivelySoldInLuxembourg": false,
    "OrderUnit": "P",
    "ShortName": "BARI PESTO PEPERONC.195",
    "IsNew": false,
    "EcoscoreLabel": "D",
    "RecentQuanityOfStockUnits": "1",
    "LongName": "BARILLA pesto peperoncino 195g",
    "FicCode": "E",
    "EcoscoreValue": "38"
  },
  {
    "productId": "11489",
    "technicalArticleNumber": "1411230",
    "commercialArticleNumber": "13796",
    "name": "mix peper bolletjes",
    "brand": "BONI",
    "seoBrand": "Boni Selection",
    "thumbNail": "https://static.colruytgroup.com/images/200x200/std.lang.all/30/36/asset-533036.jpg",
    "fullImage": "https://static.colruytgroup.com/images/500x500/std.lang.all/30/36/asset-533036.jpg",
    "squareImage": "https://static.colruytgroup.com/images/500x500sq/std.lang.all/30/36/asset-533036.jpg",
    "content": "425g",
    "walkRouteSequenceNumber": 6422,
    "price": {
      "basicPrice": 11.69,
      "recommendedQuantity": "1.0",
      "measurementUnitPrice": 27.51,
      "measurementUnit": "K",
      "isRedPrice": false,
      "pricePerUOM": 27.51,
      "activationDate": "17-11-2023",
      "isPromoActive": "N",
      "priceChangeCode": "E"
    },
    "isAvailable": true,
    "isPriceAvailable": true,
    "inPromo": false,
    "gtin": [
      "05400141097412",
      "15400141962649",
      "05400141737967"
    ],
    "topCategoryName": "Kruidenierswaren/Droge voeding",
    "topCategoryId": "233",
    "businessDomain": "RETAIL_BE",
    "IsPrivateLabel": true,
    "IsBiffe": false,
    "WeightconversionFactor": "0",
    "IsWeightArticle": false,
    "nutriscoreLabel": "C",
    "IsBio": false,
    "CountryOfOrigin": "BELGIË",
    "IsExclusivelySoldInLuxembourg": false,
    "OrderUnit": "P",
    "ShortName": "BONI MIX PEPER SEL 425G",
    "IsNew": false,
    "EcoscoreLabel": "E",
    "RecentQuanityOfStockUnits": "1",
    "LongName": "BONI mix peper bolletjes 425g",
    "AlcoholVolume": "0",
    "FicCode": "I",
    "EcoscoreValue": "7"
  },
  {
    "productId": "47233",
    "technicalArticleNumber": "2485200",
    "commercialArticleNumber": "21845",
    "name": "pastasaus pecorino look",
    "brand": "BERTOLLI",
    "seoBrand": "Bertolli",
    "thumbNail": "https://static.colruytgroup.com/images/200x200/std.lang.all/93/14/asset-2809314.jpg",
    "fullImage": "https://static.colruytgroup.com/images/500x500/std.lang.all/93/14/asset-2809314.jpg",
    "squareImage": "https://static.colruytgroup.com/images/500x500sq/std.lang.all/93/14/asset-2809314.jpg",
    "content": "400g",
    "walkRouteSequenceNumber": 8344,
    "price": {
      "basicPrice": 3.89,
      "recommendedQuantity": "2.0",
      "measurementUnitPrice": 9.73,
      "measurementUnit": "K",
      "isRedPrice": false,
      "pricePerUOM": 9.73,
      "activationDate": "15-03-2024",
      "recordSource": "Offline",
      "isPromoActive": "N",
      "priceChangeCode": "L"
    },
    "isAvailable": true,
    "isPriceAvailable": true,
    "inPromo": false,
    "gtin": [
      "05400141218459",
      "08712566523559",
      "08712566105915",
      "08712247232312",
      "08712247232329"
    ],
    "topCategoryName": "Kruidenierswaren/Droge voeding",
    "topCategoryId": "233",
    "businessDomain": "RETAIL_BE",
    "IsPrivateLabel": false,
    "IsBiffe": false,
    "WeightconversionFactor": "0",
    "IsWeightArticle": false,
    "nutriscoreLabel": "A",
    "IsBio": false,
    "CountryOfOrigin": "NEDERLAND",
    "IsExclusivelySoldInLuxembourg": false,
    "OrderUnit": "P",
    "ShortName": "BERT LOOK PECORINO 400G",
    "IsNew": false,
    "EcoscoreLabel": "B",
    "RecentQuanityOfStockUnits": "1,6",
    "LongName": "BERTOLLI pastasaus pecorino look 400g",
    "AlcoholVolume": "0",
    "FicCode": "E",
    "EcoscoreValue": "69"
  },
  {
    "productId": "274514",
    "technicalArticleNumber": "3631850",
    "commercialArticleNumber": "19613",
    "name": "Integrale spaghetti",
    "brand": "BARILLA",
    "seoBrand": "Barilla",
    "thumbNail": "https://static.colruytgroup.com/images/200x200/std.lang.all/91/61/asset-3269161.jpg",
    "fullImage": "https://static.colruytgroup.com/images/500x500/std.lang.all/91/61/asset-3269161.jpg",
    "squareImage": "https://static.colruytgroup.com/images/500x500sq/std.lang.all/91/61/asset-3269161.jpg",
    "content": "500g",
    "walkRouteSequenceNumber": 8221,
    "price": {
      "basicPrice": 3.05,
      "recommendedQuantity": "1.0",
      "measurementUnitPrice": 6.1,
      "measurementUnit": "K",
      "isRedPrice": false,
      "pricePerUOM": 6.1,
      "activationDate": "13-03-2024",
      "recordSource": "Offline",
      "isPromoActive": "N",
      "priceChangeCode": "E"
    },
    "isAvailable": true,
    "isPriceAvailable": true,
    "inPromo": false,
    "gtin": [
      "08076809072953",
      "08076809001229",
      "08076809529419"
    ],
    "topCategoryName": "Kruidenierswaren/Droge voeding",
    "topCategoryId": "233",
    "businessDomain": "RETAIL_BE",
    "IsPrivateLabel": false,
    "IsBiffe": false,
    "WeightconversionFactor": "0",
    "IsWeightArticle": false,
    "nutriscoreLabel": "A",
    "IsBio": false,
    "CountryOfOrigin": "ITALIË",
    "IsExclusivelySoldInLuxembourg": false,
    "OrderUnit": "P",
    "ShortName": "BAR.SPAGHETTI INTEG.500",
    "IsNew": false,
    "EcoscoreLabel": "B",
    "RecentQuanityOfStockUnits": "1,24",
    "LongName": "BARILLA Integrale spaghetti 500g",
    "AlcoholVolume": "0",
    "FicCode": "E",
    "EcoscoreValue": "62"
  },
  {
    "productId": "155120",
    "technicalArticleNumber": "3262874",
    "commercialArticleNumber": "33280",
    "name": "capellini n.1",
    "description": "*Italië\n*kooktijd:3 minuten\n*Eiwit: 12,5 g/100 g",
    "brand": "BARILLA",
    "seoBrand": "Barilla",
    "thumbNail": "https://static.colruytgroup.com/images/200x200/std.lang.all/18/74/asset-3141874.jpg",
    "fullImage": "https://static.colruytgroup.com/images/500x500/std.lang.all/18/74/asset-3141874.jpg",
    "squareImage": "https://static.colruytgroup.com/images/500x500sq/std.lang.all/18/74/asset-3141874.jpg",
    "content": "500g",
    "walkRouteSequenceNumber": 8300,
    "price": {
      "basicPrice": 1.89,
      "recommendedQuantity": "1.0",
      "measurementUnitPrice": 3.78,
      "measurementUnit": "K",
      "isRedPrice": false,
      "pricePerUOM": 3.78,
      "activationDate": "14-03-2024",
      "recordSource": "Offline",
      "isPromoActive": "N",
      "priceChangeCode": "E"
    },
    "isAvailable": true,
    "isPriceAvailable": true,
    "inPromo": false,
    "gtin": [
      "08076809073592",
      "08076809007184",
      "08076800195019"
    ],
    "topCategoryName": "Kruidenierswaren/Droge voeding",
    "topCategoryId": "233",
    "businessDomain": "RETAIL_BE",
    "IsPrivateLabel": false,
    "IsBiffe": false,
    "WeightconversionFactor": "0",
    "IsWeightArticle": false,
    "nutriscoreLabel": "A",
    "IsBio": false,
    "CountryOfOrigin": "ITALIË",
    "IsExclusivelySoldInLuxembourg": false,
    "OrderUnit": "P",
    "ShortName": "BARILLA CAPEL N1 500 G",
    "IsNew": false,
    "EcoscoreLabel": "B",
    "RecentQuanityOfStockUnits": "1,24",
    "LongName": "BARILLA capellini n.1 500g",
    "AlcoholVolume": "0",
    "FicCode": "E",
    "EcoscoreValue": "60"
  },
  {
    "productId": "21872",
    "technicalArticleNumber": "2238478",
    "commercialArticleNumber": "15054",
    "name": "ger.brood goudgeel",
    "description": "*Zweedse broodjes,\ngoudgeel",
    "brand": "KRISPROLLS",
    "seoBrand": "Krisprolls",
    "thumbNail": "https://static.colruytgroup.com/images/200x200/std.lang.all/13/69/asset-2821369.jpg",
    "fullImage": "https://static.colruytgroup.com/images/500x500/std.lang.all/13/69/asset-2821369.jpg",
    "squareImage": "https://static.colruytgroup.com/images/500x500sq/std.lang.all/13/69/asset-2821369.jpg",
    "content": "400g",
    "walkRouteSequenceNumber": 17059,
    "price": {
      "basicPrice": 4.39,
      "recommendedQuantity": "1.0",
      "measurementUnitPrice": 10.98,
      "measurementUnit": "K",
      "isRedPrice": false,
      "pricePerUOM": 10.98,
      "activationDate": "22-03-2024",
      "recordSource": "Offline",
      "isPromoActive": "N",
      "priceChangeCode": "H"
    },
    "isAvailable": true,
    "isPriceAvailable": true,
    "inPromo": false,
    "gtin": [
      "07311070361742",
      "17311070361749"
    ],
    "topCategoryName": "Brood/Ontbijt",
    "topCategoryId": "124",
    "businessDomain": "RETAIL_BE",
    "IsPrivateLabel": false,
    "IsBiffe": false,
    "WeightconversionFactor": "0",
    "IsWeightArticle": false,
    "nutriscoreLabel": "C",
    "IsBio": false,
    "CountryOfOrigin": "ZWEDEN",
    "IsExclusivelySoldInLuxembourg": false,
    "OrderUnit": "P",
    "ShortName": "KRISPROLLS GOUDGEEL400G",
    "IsNew": false,
    "EcoscoreLabel": "B",
    "RecentQuanityOfStockUnits": "1",
    "LongName": "KRISPROLLS ger.brood goudgeel 400g",
    "AlcoholVolume": "0",
    "FicCode": "E",
    "EcoscoreValue": "65"
  },
  {
    "productId": "3124",
    "technicalArticleNumber": "1044285",
    "commercialArticleNumber": "5916",
    "name": "bruin",
    "brand": "TIENSE SUIKER TI'LIGHT",
    "seoBrand": "Tiense Suiker Ti'Light",
    "thumbNail": "https://static.colruytgroup.com/images/200x200/std.lang.all/79/05/asset-3367905.jpg",
    "fullImage": "https://static.colruytgroup.com/images/500x500/std.lang.all/79/05/asset-3367905.jpg",
    "squareImage": "https://static.colruytgroup.com/images/500x500sq/std.lang.all/79/05/asset-3367905.jpg",
    "content": "290g",
    "walkRouteSequenceNumber": 9200,
    "price": {
      "basicPrice": 4.49,
      "recommendedQuantity": "1.0",
      "measurementUnitPrice": 15.49,
      "measurementUnit": "K",
      "isRedPrice": false,
      "pricePerUOM": 15.49,
      "activationDate": "20-03-2024",
      "recordSource": "Offline",
      "isPromoActive": "N",
      "priceChangeCode": "L"
    },
    "isAvailable": true,
    "isPriceAvailable": true,
    "inPromo": false,
    "gtin": [
      "05410256005103",
      "15410256005100"
    ],
    "topCategoryName": "Kruidenierswaren/Droge voeding",
    "topCategoryId": "233",
    "businessDomain": "RETAIL_BE",
    "IsPrivateLabel": false,
    "IsBiffe": false,
    "WeightconversionFactor": "0",
    "IsWeightArticle": false,
    "nutriscoreLabel": "E",
    "IsBio": false,
    "CountryOfOrigin": "BELGIË",
    "IsExclusivelySoldInLuxembourg": false,
    "OrderUnit": "P",
    "ShortName": "TI LIGHT SUCRAL.BR 290G",
    "IsNew": false,
    "EcoscoreLabel": "C",
    "RecentQuanityOfStockUnits": "1",
    "LongName": "TIENSE SUIKER TI'LIGHT bruin 290g",
    "AlcoholVolume": "0",
    "FicCode": "E",
    "EcoscoreValue": "59"
  },
  {
    "productId": "586762",
    "technicalArticleNumber": "4243367",
    "commercialArticleNumber": "19817",
    "name": "kipbouillon vetarm",
    "brand": "KNORR",
    "seoBrand": "Knorr",
    "thumbNail": "https://static.colruytgroup.com/images/200x200/std.lang.all/79/12/asset-2027912.jpg",
    "fullImage": "https://static.colruytgroup.com/images/500x500/std.lang.all/79/12/asset-2027912.jpg",
    "squareImage": "https://static.colruytgroup.com/images/500x500sq/std.lang.all/79/12/asset-2027912.jpg",
    "content": "72st",
    "walkRouteSequenceNumber": 6530,
    "price": {
      "basicPrice": 11.29,
      "recommendedQuantity": "1.0",
      "measurementUnitPrice": 14.26,
      "measurementUnit": "K",
      "isRedPrice": false,
      "pricePerUOM": 14.26,
      "activationDate": "02-01-2024",
      "isPromoActive": "N",
      "priceChangeCode": "H"
    },
    "isAvailable": true,
    "isPriceAvailable": true,
    "inPromo": false,
    "gtin": [
      "05411100206035",
      "08710522704714",
      "08710522704721",
      "75400141388007",
      "05411100132037"
    ],
    "topCategoryName": "Kruidenierswaren/Droge voeding",
    "topCategoryId": "233",
    "businessDomain": "RETAIL_BE",
    "IsPrivateLabel": false,
    "IsBiffe": false,
    "WeightconversionFactor": "0",
    "IsWeightArticle": false,
    "IsBio": false,
    "CountryOfOrigin": "NEDERLAND",
    "IsExclusivelySoldInLuxembourg": false,
    "OrderUnit": "P",
    "ShortName": "KNOR KIPBOUIL.VETARM72S",
    "IsNew": false,
    "EcoscoreLabel": "B",
    "RecentQuanityOfStockUnits": "1",
    "LongName": "KNORR kipbouillon vetarm 72st",
    "FicCode": "E",
    "EcoscoreValue": "79"
  },
  {
    "productId": "787",
    "technicalArticleNumber": "13362",
    "commercialArticleNumber": "13362",
    "name": "mosterd dijon",
    "brand": "DEVOS LEMMENS",
    "seoBrand": "Devos Lemmens",
    "thumbNail": "https://static.colruytgroup.com/images/200x200/std.lang.all/18/89/asset-1781889.jpg",
    "fullImage": "https://static.colruytgroup.com/images/500x500/std.lang.all/18/89/asset-1781889.jpg",
    "squareImage": "https://static.colruytgroup.com/images/500x500sq/std.lang.all/18/89/asset-1781889.jpg",
    "content": "300ml",
    "walkRouteSequenceNumber": 8227,
    "price": {
      "basicPrice": 4.75,
      "recommendedQuantity": "1.0",
      "measurementUnitPrice": 15.84,
      "measurementUnit": "L",
      "isRedPrice": false,
      "pricePerUOM": 15.84,
      "activationDate": "01-02-2024",
      "isPromoActive": "N",
      "priceChangeCode": "L"
    },
    "isAvailable": true,
    "isPriceAvailable": true,
    "inPromo": false,
    "gtin": [
      "05410056181182",
      "05410056781184"
    ],
    "topCategoryName": "Kruidenierswaren/Droge voeding",
    "topCategoryId": "233",
    "businessDomain": "RETAIL_BE",
    "IsPrivateLabel": false,
    "IsBiffe": false,
    "WeightconversionFactor": "0",
    "IsWeightArticle": false,
    "nutriscoreLabel": "D",
    "IsBio": false,
    "CountryOfOrigin": "BELGIË",
    "IsExclusivelySoldInLuxembourg": false,
    "OrderUnit": "P",
    "ShortName": "DVL DIJON MOSTERD 300ML",
    "IsNew": false,
    "EcoscoreLabel": "C",
    "RecentQuanityOfStockUnits": "1",
    "LongName": "DEVOS LEMMENS mosterd dijon 300ml",
    "AlcoholVolume": "0",
    "FicCode": "E",
    "EcoscoreValue": "54"
  },
  {
    "productId": "92338",
    "technicalArticleNumber": "2848630",
    "commercialArticleNumber": "7841",
    "name": "saus champignon zakje",
    "description": "*Droge saus\n*Zachte smaak\n*Makkelijk doseren\n*Warm gerechten\n*Klaar voor gebruik",
    "brand": "KNORR",
    "seoBrand": "Knorr",
    "thumbNail": "https://static.colruytgroup.com/images/200x200/std.lang.all/22/96/asset-2802296.jpg",
    "fullImage": "https://static.colruytgroup.com/images/500x500/std.lang.all/22/96/asset-2802296.jpg",
    "squareImage": "https://static.colruytgroup.com/images/500x500sq/std.lang.all/22/96/asset-2802296.jpg",
    "content": "3x40g",
    "walkRouteSequenceNumber": 8273,
    "price": {
      "basicPrice": 2.97,
      "recommendedQuantity": "2.0",
      "measurementUnitPrice": 24.75,
      "measurementUnit": "K",
      "isRedPrice": false,
      "pricePerUOM": 24.75,
      "activationDate": "03-01-2024",
      "recordSource": "Offline",
      "isPromoActive": "N",
      "priceChangeCode": "E"
    },
    "isAvailable": true,
    "isPriceAvailable": true,
    "inPromo": false,
    "gtin": [
      "08711200502004",
      "08711200789856",
      "05400141036916"
    ],
    "topCategoryName": "Kruidenierswaren/Droge voeding",
    "topCategoryId": "233",
    "businessDomain": "RETAIL_BE",
    "IsPrivateLabel": false,
    "IsBiffe": false,
    "WeightconversionFactor": "0",
    "IsWeightArticle": false,
    "nutriscoreLabel": "C",
    "IsBio": false,
    "CountryOfOrigin": "FRANKRIJK",
    "IsExclusivelySoldInLuxembourg": false,
    "OrderUnit": "P",
    "ShortName": "KNORR CHAMP SAUS .3X40G",
    "IsNew": false,
    "EcoscoreLabel": "D",
    "RecentQuanityOfStockUnits": "1,2",
    "LongName": "KNORR saus champignon zakje 3x40g",
    "AlcoholVolume": "0",
    "FicCode": "E",
    "EcoscoreValue": "30"
  },
  {
    "productId": "826411",
    "technicalArticleNumber": "4663921",
    "commercialArticleNumber": "30100",
    "name": "groenteweelde balletjes",
    "brand": "BUTTERFLY",
    "seoBrand": "Butterfly",
    "thumbNail": "https://static.colruytgroup.com/images/200x200/nl_be/69/80/asset-3286980.jpg",
    "fullImage": "https://static.colruytgroup.com/images/500x500/nl_be/69/80/asset-3286980.jpg",
    "squareImage": "https://static.colruytgroup.com/images/500x500sq/nl_be/69/80/asset-3286980.jpg",
    "content": "950ml",
    "walkRouteSequenceNumber": 6636,
    "price": {
      "basicPrice": 3.99,
      "recommendedQuantity": "1.0",
      "measurementUnitPrice": 4.2,
      "measurementUnit": "L",
      "isRedPrice": false,
      "pricePerUOM": 4.2,
      "activationDate": "28-02-2024",
      "recordSource": "Offline",
      "isPromoActive": "N",
      "priceChangeCode": "E"
    },
    "isAvailable": true,
    "isPriceAvailable": true,
    "inPromo": false,
    "gtin": [
      "05425010839887"
    ],
    "topCategoryName": "Bereidingen/Charcuterie/Vis/Veggie",
    "topCategoryId": "105",
    "businessDomain": "RETAIL_BE",
    "IsPrivateLabel": false,
    "IsBiffe": false,
    "WeightconversionFactor": "0",
    "IsWeightArticle": false,
    "nutriscoreLabel": "C",
    "IsBio": false,
    "CountryOfOrigin": "BELGIË",
    "IsExclusivelySoldInLuxembourg": false,
    "OrderUnit": "P",
    "ShortName": "BUTT GROENTENWEEL.950ML",
    "IsNew": false,
    "EcoscoreLabel": "D",
    "RecentQuanityOfStockUnits": "1",
    "LongName": "BUTTERFLY groenteweelde balletjes 950ml",
    "FicCode": "E",
    "EcoscoreValue": "32"
  },
  {
    "productId": "1024311",
    "technicalArticleNumber": "4791379",
    "commercialArticleNumber": "33520",
    "name": "mayonaise citroen",
    "description": "*Zonder suiker",
    "brand": "VANDEMOORTELE",
    "seoBrand": "Vandemoortele",
    "thumbNail": "https://static.colruytgroup.com/images/200x200/std.lang.all/66/18/asset-3426618.jpg",
    "fullImage": "https://static.colruytgroup.com/images/500x500/std.lang.all/66/18/asset-3426618.jpg",
    "squareImage": "https://static.colruytgroup.com/images/500x500sq/std.lang.all/66/18/asset-3426618.jpg",
    "content": "500ml",
    "walkRouteSequenceNumber": 8053,
    "price": {
      "basicPrice": 2.99,
      "recommendedQuantity": "1.0",
      "measurementUnitPrice": 5.98,
      "measurementUnit": "L",
      "isRedPrice": false,
      "pricePerUOM": 5.98,
      "activationDate": "12-03-2024",
      "recordSource": "Offline",
      "isPromoActive": "N",
      "priceChangeCode": "L"
    },
    "isAvailable": true,
    "isPriceAvailable": true,
    "inPromo": false,
    "gtin": [
      "05410093181138"
    ],
    "topCategoryName": "Kruidenierswaren/Droge voeding",
    "topCategoryId": "233",
    "businessDomain": "RETAIL_BE",
    "IsPrivateLabel": false,
    "IsBiffe": false,
    "WeightconversionFactor": "0",
    "IsWeightArticle": false,
    "nutriscoreLabel": "E",
    "IsBio": false,
    "CountryOfOrigin": "BELGIË",
    "IsExclusivelySoldInLuxembourg": false,
    "OrderUnit": "P",
    "ShortName": "VAND MAYON CITR 500ML",
    "IsNew": true,
    "EcoscoreLabel": "D",
    "RecentQuanityOfStockUnits": "1",
    "LongName": "VANDEMOORTELE mayonaise citroen 500ml",
    "FicCode": "E",
    "EcoscoreValue": "34"
  },
  {
    "productId": "829",
    "technicalArticleNumber": "13034",
    "commercialArticleNumber": "13034",
    "name": "olie maïs",
    "description": "*Bakken, braden,\nbasis voor sauzen\n*100% maïsolie",
    "brand": "BONI",
    "seoBrand": "Boni Selection",
    "thumbNail": "https://static.colruytgroup.com/images/200x200/std.lang.all/34/21/asset-1703421.jpg",
    "fullImage": "https://static.colruytgroup.com/images/500x500/std.lang.all/34/21/asset-1703421.jpg",
    "squareImage": "https://static.colruytgroup.com/images/500x500sq/std.lang.all/34/21/asset-1703421.jpg",
    "content": "1L",
    "walkRouteSequenceNumber": 9129,
    "price": {
      "basicPrice": 4.39,
      "recommendedQuantity": "1.0",
      "measurementUnitPrice": 4.39,
      "measurementUnit": "L",
      "isRedPrice": false,
      "pricePerUOM": 4.39,
      "activationDate": "19-03-2024",
      "recordSource": "Offline",
      "isPromoActive": "N",
      "priceChangeCode": "E"
    },
    "isAvailable": true,
    "isPriceAvailable": true,
    "inPromo": false,
    "gtin": [
      "05400141117394",
      "05400141192605",
      "05400141330342",
      "15400141192602",
      "05400141345445"
    ],
    "topCategoryName": "Kruidenierswaren/Droge voeding",
    "topCategoryId": "233",
    "businessDomain": "RETAIL_BE",
    "IsPrivateLabel": true,
    "IsBiffe": false,
    "WeightconversionFactor": "0",
    "IsWeightArticle": false,
    "nutriscoreLabel": "C",
    "IsBio": false,
    "CountryOfOrigin": "BELGIË",
    "IsExclusivelySoldInLuxembourg": false,
    "OrderUnit": "P",
    "ShortName": "BONI MAIS OLIE 1L",
    "InSeason": true,
    "IsNew": false,
    "EcoscoreLabel": "C",
    "RecentQuanityOfStockUnits": "1,15",
    "LongName": "BONI olie maïs 1L",
    "AlcoholVolume": "0",
    "StartSeasonDate": "24/11/2008",
    "FicCode": "I",
    "EcoscoreValue": "46"
  },
  {
    "productId": "113135",
    "technicalArticleNumber": "3005918",
    "commercialArticleNumber": "12155",
    "name": "bouillon fond rund",
    "description": "*Rundsfond",
    "brand": "LACROIX",
    "seoBrand": "Lacroix",
    "thumbNail": "https://static.colruytgroup.com/images/200x200/std.lang.all/37/25/asset-3353725.jpg",
    "fullImage": "https://static.colruytgroup.com/images/500x500/std.lang.all/37/25/asset-3353725.jpg",
    "squareImage": "https://static.colruytgroup.com/images/500x500sq/std.lang.all/37/25/asset-3353725.jpg",
    "content": "400ml",
    "walkRouteSequenceNumber": 6565,
    "price": {
      "basicPrice": 4.89,
      "recommendedQuantity": "2.0",
      "measurementUnitPrice": 12.23,
      "measurementUnit": "L",
      "isRedPrice": false,
      "pricePerUOM": 12.23,
      "activationDate": "20-03-2024",
      "recordSource": "Offline",
      "isPromoActive": "N",
      "priceChangeCode": "L"
    },
    "isAvailable": true,
    "isPriceAvailable": true,
    "inPromo": false,
    "gtin": [
      "05414972726540",
      "05410056779778",
      "05410056279773",
      "04009062800395"
    ],
    "topCategoryName": "Kruidenierswaren/Droge voeding",
    "topCategoryId": "233",
    "businessDomain": "RETAIL_BE",
    "IsPrivateLabel": false,
    "IsBiffe": false,
    "WeightconversionFactor": "0",
    "IsWeightArticle": false,
    "nutriscoreLabel": "C",
    "IsBio": false,
    "CountryOfOrigin": "BELGIË",
    "IsExclusivelySoldInLuxembourg": false,
    "OrderUnit": "P",
    "ShortName": "LACROIX FOND RUND 400ML",
    "InSeason": true,
    "IsNew": false,
    "EcoscoreLabel": "B",
    "RecentQuanityOfStockUnits": "1,6,2",
    "LongName": "LACROIX bouillon fond rund 400ml",
    "AlcoholVolume": "0",
    "StartSeasonDate": "21/12/2015",
    "FicCode": "E",
    "EcoscoreValue": "79"
  },
  {
    "productId": "783439",
    "technicalArticleNumber": "4581824",
    "commercialArticleNumber": "6208",
    "name": "yellow mustard",
    "brand": "HEINZ",
    "seoBrand": "Heinz",
    "thumbNail": "https://static.colruytgroup.com/images/200x200/std.lang.all/39/88/asset-2783988.jpg",
    "fullImage": "https://static.colruytgroup.com/images/500x500/std.lang.all/39/88/asset-2783988.jpg",
    "squareImage": "https://static.colruytgroup.com/images/500x500sq/std.lang.all/39/88/asset-2783988.jpg",
    "content": "220ml",
    "walkRouteSequenceNumber": 8228,
    "price": {
      "basicPrice": 2.49,
      "recommendedQuantity": "1.0",
      "measurementUnitPrice": 11.32,
      "measurementUnit": "L",
      "isRedPrice": false,
      "pricePerUOM": 11.32,
      "activationDate": "28-02-2024",
      "isPromoActive": "N",
      "priceChangeCode": "E"
    },
    "isAvailable": true,
    "isPriceAvailable": true,
    "inPromo": false,
    "gtin": [
      "08715700426723",
      "00000087157468"
    ],
    "topCategoryName": "Kruidenierswaren/Droge voeding",
    "topCategoryId": "233",
    "businessDomain": "RETAIL_BE",
    "IsPrivateLabel": false,
    "IsBiffe": false,
    "WeightconversionFactor": "0",
    "IsWeightArticle": false,
    "nutriscoreLabel": "D",
    "IsBio": false,
    "CountryOfOrigin": "EUROPA",
    "IsExclusivelySoldInLuxembourg": false,
    "OrderUnit": "P",
    "ShortName": "HEIN YEL.MUSTARD 220ML",
    "IsNew": false,
    "EcoscoreLabel": "C",
    "RecentQuanityOfStockUnits": "1",
    "LongName": "HEINZ yellow mustard 220ml",
    "FicCode": "E",
    "EcoscoreValue": "54"
  },
  {
    "productId": "286272",
    "technicalArticleNumber": "3695559",
    "commercialArticleNumber": "17056",
    "name": "saus samourai TD",
    "brand": "DEVOS LEMMENS",
    "seoBrand": "Devos Lemmens",
    "thumbNail": "https://static.colruytgroup.com/images/200x200/std.lang.all/20/49/asset-1282049.jpg",
    "fullImage": "https://static.colruytgroup.com/images/500x500/std.lang.all/20/49/asset-1282049.jpg",
    "squareImage": "https://static.colruytgroup.com/images/500x500sq/std.lang.all/20/49/asset-1282049.jpg",
    "content": "300ml",
    "walkRouteSequenceNumber": 8135,
    "price": {
      "basicPrice": 4.15,
      "recommendedQuantity": "1.0",
      "measurementUnitPrice": 13.84,
      "measurementUnit": "L",
      "isRedPrice": false,
      "pricePerUOM": 13.84,
      "activationDate": "20-02-2024",
      "recordSource": "Offline",
      "isPromoActive": "N",
      "priceChangeCode": "E"
    },
    "isAvailable": true,
    "isPriceAvailable": true,
    "inPromo": false,
    "gtin": [
      "05414972115047",
      "05414972715049"
    ],
    "topCategoryName": "Kruidenierswaren/Droge voeding",
    "topCategoryId": "233",
    "businessDomain": "RETAIL_BE",
    "IsPrivateLabel": false,
    "IsBiffe": false,
    "WeightconversionFactor": "0",
    "IsWeightArticle": false,
    "nutriscoreLabel": "D",
    "IsBio": false,
    "CountryOfOrigin": "BELGIË",
    "IsExclusivelySoldInLuxembourg": false,
    "OrderUnit": "P",
    "ShortName": "DVL SAMOURAI TD 300ML",
    "InSeason": true,
    "IsNew": false,
    "EcoscoreLabel": "D",
    "RecentQuanityOfStockUnits": "1",
    "LongName": "DEVOS LEMMENS saus samourai TD 300ml",
    "AlcoholVolume": "0",
    "StartSeasonDate": "28/02/2018",
    "FicCode": "E",
    "EcoscoreValue": "34"
  },
  {
    "productId": "40359",
    "technicalArticleNumber": "2477702",
    "commercialArticleNumber": "38426",
    "name": "saus americain TD",
    "brand": "DEVOS LEMMENS",
    "seoBrand": "Devos Lemmens",
    "thumbNail": "https://static.colruytgroup.com/images/200x200/std.lang.all/36/12/asset-383612.jpg",
    "fullImage": "https://static.colruytgroup.com/images/500x500/std.lang.all/36/12/asset-383612.jpg",
    "squareImage": "https://static.colruytgroup.com/images/500x500sq/std.lang.all/36/12/asset-383612.jpg",
    "content": "300ml",
    "walkRouteSequenceNumber": 8125,
    "price": {
      "basicPrice": 4.15,
      "recommendedQuantity": "1.0",
      "measurementUnitPrice": 13.84,
      "measurementUnit": "L",
      "isRedPrice": false,
      "pricePerUOM": 13.84,
      "activationDate": "13-03-2024",
      "recordSource": "Offline",
      "isPromoActive": "N",
      "priceChangeCode": "H"
    },
    "isAvailable": true,
    "isPriceAvailable": true,
    "inPromo": false,
    "gtin": [
      "05414972101460",
      "05414972701462"
    ],
    "topCategoryName": "Kruidenierswaren/Droge voeding",
    "topCategoryId": "233",
    "businessDomain": "RETAIL_BE",
    "IsPrivateLabel": false,
    "IsBiffe": false,
    "WeightconversionFactor": "0",
    "IsWeightArticle": false,
    "nutriscoreLabel": "D",
    "IsBio": false,
    "CountryOfOrigin": "BELGIË",
    "IsExclusivelySoldInLuxembourg": false,
    "OrderUnit": "P",
    "ShortName": "DVL AMERICAINE SQ 300ML",
    "IsNew": false,
    "EcoscoreLabel": "C",
    "RecentQuanityOfStockUnits": "1",
    "LongName": "DEVOS LEMMENS saus americain TD 300ml",
    "AlcoholVolume": "0",
    "FicCode": "E",
    "EcoscoreValue": "44"
  },
  {
    "productId": "23233",
    "technicalArticleNumber": "2176740",
    "commercialArticleNumber": "14913",
    "name": "kruiden peterselie",
    "brand": "BONI",
    "seoBrand": "Boni Selection",
    "thumbNail": "https://static.colruytgroup.com/images/200x200/std.lang.all/10/96/asset-521096.jpg",
    "fullImage": "https://static.colruytgroup.com/images/500x500/std.lang.all/10/96/asset-521096.jpg",
    "squareImage": "https://static.colruytgroup.com/images/500x500sq/std.lang.all/10/96/asset-521096.jpg",
    "content": "120g",
    "walkRouteSequenceNumber": 6429,
    "price": {
      "basicPrice": 4.59,
      "recommendedQuantity": "1.0",
      "measurementUnitPrice": 38.25,
      "measurementUnit": "K",
      "isRedPrice": false,
      "pricePerUOM": 38.25,
      "activationDate": "14-03-2024",
      "isPromoActive": "N",
      "priceChangeCode": "E"
    },
    "isAvailable": true,
    "isPriceAvailable": true,
    "inPromo": false,
    "gtin": [
      "15400141961758",
      "15400141149231",
      "05400141098389"
    ],
    "topCategoryName": "Kruidenierswaren/Droge voeding",
    "topCategoryId": "233",
    "businessDomain": "RETAIL_BE",
    "IsPrivateLabel": true,
    "IsBiffe": false,
    "WeightconversionFactor": "0",
    "IsWeightArticle": false,
    "IsBio": false,
    "CountryOfOrigin": "FRANKRIJK",
    "IsExclusivelySoldInLuxembourg": false,
    "OrderUnit": "P",
    "ShortName": "BONI PETERSELIE 120G",
    "IsNew": false,
    "RecentQuanityOfStockUnits": "1,4",
    "LongName": "BONI kruiden peterselie 120g",
    "AlcoholVolume": "0",
    "FicCode": "I"
  },
  {
    "productId": "601",
    "technicalArticleNumber": "5904",
    "commercialArticleNumber": "5904",
    "name": "Pleasure klontjes",
    "brand": "TIENSE SUIKER",
    "seoBrand": "Tiense Suiker",
    "thumbNail": "https://static.colruytgroup.com/images/200x200/std.lang.all/79/04/asset-3367904.jpg",
    "fullImage": "https://static.colruytgroup.com/images/500x500/std.lang.all/79/04/asset-3367904.jpg",
    "squareImage": "https://static.colruytgroup.com/images/500x500sq/std.lang.all/79/04/asset-3367904.jpg",
    "content": "290g",
    "walkRouteSequenceNumber": 9201,
    "price": {
      "basicPrice": 4.07,
      "recommendedQuantity": "1.0",
      "measurementUnitPrice": 14.04,
      "measurementUnit": "K",
      "isRedPrice": false,
      "pricePerUOM": 14.04,
      "activationDate": "17-02-2024",
      "recordSource": "Offline",
      "isPromoActive": "N",
      "priceChangeCode": "E"
    },
    "isAvailable": true,
    "isPriceAvailable": true,
    "inPromo": false,
    "gtin": [
      "05410256005011",
      "15410256005018"
    ],
    "topCategoryName": "Kruidenierswaren/Droge voeding",
    "topCategoryId": "233",
    "businessDomain": "RETAIL_BE",
    "IsPrivateLabel": false,
    "IsBiffe": false,
    "WeightconversionFactor": "0",
    "IsWeightArticle": false,
    "nutriscoreLabel": "E",
    "IsBio": false,
    "CountryOfOrigin": "BELGIË",
    "IsExclusivelySoldInLuxembourg": false,
    "OrderUnit": "P",
    "ShortName": "TI LIGHT WIT 290GR .",
    "IsNew": false,
    "EcoscoreLabel": "A",
    "RecentQuanityOfStockUnits": "1",
    "LongName": "TIENSE SUIKER Pleasure klontjes 290g",
    "AlcoholVolume": "0",
    "FicCode": "E",
    "EcoscoreValue": "100"
  },
  {
    "productId": "219463",
    "technicalArticleNumber": "3484120",
    "commercialArticleNumber": "50499",
    "name": "nootmuskaat gemalen",
    "brand": "BONI",
    "seoBrand": "Boni Selection",
    "thumbNail": "https://static.colruytgroup.com/images/200x200/std.lang.all/22/97/asset-972297.jpg",
    "fullImage": "https://static.colruytgroup.com/images/500x500/std.lang.all/22/97/asset-972297.jpg",
    "squareImage": "https://static.colruytgroup.com/images/500x500sq/std.lang.all/22/97/asset-972297.jpg",
    "content": "190g",
    "walkRouteSequenceNumber": 6444,
    "price": {
      "basicPrice": 8.09,
      "recommendedQuantity": "1.0",
      "measurementUnitPrice": 42.58,
      "measurementUnit": "K",
      "isRedPrice": false,
      "pricePerUOM": 42.58,
      "activationDate": "30-01-2024",
      "recordSource": "Offline",
      "isPromoActive": "N",
      "priceChangeCode": "H"
    },
    "isAvailable": true,
    "isPriceAvailable": true,
    "inPromo": false,
    "gtin": [
      "05400141383379",
      "15400141835516"
    ],
    "topCategoryName": "Kruidenierswaren/Droge voeding",
    "topCategoryId": "233",
    "businessDomain": "RETAIL_BE",
    "IsPrivateLabel": true,
    "IsBiffe": false,
    "WeightconversionFactor": "0",
    "IsWeightArticle": false,
    "IsBio": false,
    "CountryOfOrigin": "INDONESIË",
    "IsExclusivelySoldInLuxembourg": false,
    "OrderUnit": "P",
    "ShortName": "BONI GEMAL.NOOTMUSK.190",
    "IsNew": false,
    "EcoscoreLabel": "B",
    "RecentQuanityOfStockUnits": "1",
    "LongName": "BONI nootmuskaat gemalen 190g",
    "AlcoholVolume": "0",
    "FicCode": "I",
    "EcoscoreValue": "78"
  },
  {
    "productId": "49984",
    "technicalArticleNumber": "2469656",
    "commercialArticleNumber": "38111",
    "name": "vinaigrette mosterd",
    "description": "*18% vetgehalte",
    "brand": "VANDEMOORTELE",
    "seoBrand": "Vandemoortele",
    "thumbNail": "https://static.colruytgroup.com/images/200x200/std.lang.all/09/03/asset-3240903.jpg",
    "fullImage": "https://static.colruytgroup.com/images/500x500/std.lang.all/09/03/asset-3240903.jpg",
    "squareImage": "https://static.colruytgroup.com/images/500x500sq/std.lang.all/09/03/asset-3240903.jpg",
    "content": "450ml",
    "walkRouteSequenceNumber": 8057,
    "price": {
      "basicPrice": 2.99,
      "recommendedQuantity": "1.0",
      "measurementUnitPrice": 6.65,
      "measurementUnit": "L",
      "isRedPrice": false,
      "pricePerUOM": 6.65,
      "activationDate": "14-11-2023",
      "recordSource": "Offline",
      "isPromoActive": "N",
      "priceChangeCode": "E"
    },
    "isAvailable": true,
    "isPriceAvailable": true,
    "inPromo": false,
    "gtin": [
      "05410093143525",
      "05410093143532"
    ],
    "topCategoryName": "Kruidenierswaren/Droge voeding",
    "topCategoryId": "233",
    "businessDomain": "RETAIL_BE",
    "IsPrivateLabel": false,
    "IsBiffe": false,
    "WeightconversionFactor": "0",
    "IsWeightArticle": false,
    "nutriscoreLabel": "E",
    "IsBio": false,
    "CountryOfOrigin": "BELGIË",
    "IsExclusivelySoldInLuxembourg": false,
    "OrderUnit": "P",
    "ShortName": "VDM VIN MOSTERD 450ML",
    "IsNew": false,
    "EcoscoreLabel": "D",
    "RecentQuanityOfStockUnits": "1",
    "LongName": "VANDEMOORTELE vinaigrette mosterd 450ml",
    "AlcoholVolume": "0",
    "FicCode": "E",
    "EcoscoreValue": "39"
  },
  {
    "productId": "59004",
    "technicalArticleNumber": "2322270",
    "commercialArticleNumber": "6402",
    "name": "saus pesto",
    "description": "*Basilicum,\nolijfolie, geraspte\nkaas, zonnebloemolie\n*Koud te serveren",
    "brand": "GIOVANNI RANA",
    "seoBrand": "Giovanni Rana",
    "thumbNail": "https://static.colruytgroup.com/images/200x200/std.lang.all/08/04/asset-3240804.jpg",
    "fullImage": "https://static.colruytgroup.com/images/500x500/std.lang.all/08/04/asset-3240804.jpg",
    "squareImage": "https://static.colruytgroup.com/images/500x500sq/std.lang.all/08/04/asset-3240804.jpg",
    "content": "140g",
    "walkRouteSequenceNumber": 6623,
    "price": {
      "basicPrice": 3.55,
      "recommendedQuantity": "1.0",
      "measurementUnitPrice": 25.36,
      "measurementUnit": "K",
      "isRedPrice": false,
      "pricePerUOM": 25.36,
      "activationDate": "21-11-2023",
      "recordSource": "Offline",
      "isPromoActive": "N",
      "priceChangeCode": "E"
    },
    "isAvailable": true,
    "isPriceAvailable": true,
    "inPromo": false,
    "gtin": [
      "00000080480730",
      "18001665515150",
      "08001665124010"
    ],
    "topCategoryName": "Kruidenierswaren/Droge voeding",
    "topCategoryId": "233",
    "businessDomain": "RETAIL_BE",
    "IsPrivateLabel": false,
    "IsBiffe": false,
    "WeightconversionFactor": "0",
    "IsWeightArticle": false,
    "IsBio": false,
    "CountryOfOrigin": "ITALIË",
    "IsExclusivelySoldInLuxembourg": false,
    "OrderUnit": "P",
    "ShortName": "RANA PESTO SAUS 140G",
    "IsNew": false,
    "EcoscoreLabel": "D",
    "RecentQuanityOfStockUnits": "1,6",
    "LongName": "GIOVANNI RANA saus pesto 140g",
    "AlcoholVolume": "0",
    "FicCode": "E",
    "EcoscoreValue": "38"
  },
  {
    "productId": "187361",
    "technicalArticleNumber": "3465083",
    "commercialArticleNumber": "50364",
    "name": "vinaigrette caesar",
    "brand": "VANDEMOORTELE",
    "seoBrand": "Vandemoortele",
    "thumbNail": "https://static.colruytgroup.com/images/200x200/std.lang.all/23/00/asset-3242300.jpg",
    "fullImage": "https://static.colruytgroup.com/images/500x500/std.lang.all/23/00/asset-3242300.jpg",
    "squareImage": "https://static.colruytgroup.com/images/500x500sq/std.lang.all/23/00/asset-3242300.jpg",
    "content": "450ml",
    "walkRouteSequenceNumber": 8056,
    "price": {
      "basicPrice": 5.49,
      "recommendedQuantity": "1.0",
      "measurementUnitPrice": 12.2,
      "measurementUnit": "L",
      "isRedPrice": false,
      "pricePerUOM": 12.2,
      "activationDate": "27-02-2024",
      "recordSource": "Offline",
      "isPromoActive": "N",
      "priceChangeCode": "L"
    },
    "isAvailable": true,
    "isPriceAvailable": true,
    "inPromo": false,
    "gtin": [
      "05410093159335",
      "05410093159342"
    ],
    "topCategoryName": "Kruidenierswaren/Droge voeding",
    "topCategoryId": "233",
    "businessDomain": "RETAIL_BE",
    "IsPrivateLabel": false,
    "IsBiffe": false,
    "WeightconversionFactor": "0",
    "IsWeightArticle": false,
    "nutriscoreLabel": "E",
    "IsBio": false,
    "CountryOfOrigin": "BELGIË",
    "IsExclusivelySoldInLuxembourg": false,
    "OrderUnit": "P",
    "ShortName": "VDM VINAIG.CAESAR 450ML",
    "IsNew": false,
    "EcoscoreLabel": "D",
    "RecentQuanityOfStockUnits": "1",
    "LongName": "VANDEMOORTELE vinaigrette caesar 450ml",
    "AlcoholVolume": "0",
    "FicCode": "E",
    "EcoscoreValue": "39"
  },
  {
    "productId": "7041",
    "technicalArticleNumber": "1154919",
    "commercialArticleNumber": "14200",
    "name": "tarwe voorgekookt",
    "description": "*Los\n*kooktijd:10 minuten\n*Alternatief voor\nrijst en pasta,\nrecepten: colruyt.be",
    "brand": "EBLY",
    "seoBrand": "Ebly",
    "thumbNail": "https://static.colruytgroup.com/images/200x200/std.lang.all/35/09/asset-673509.jpg",
    "fullImage": "https://static.colruytgroup.com/images/500x500/std.lang.all/35/09/asset-673509.jpg",
    "squareImage": "https://static.colruytgroup.com/images/500x500sq/std.lang.all/35/09/asset-673509.jpg",
    "content": "1kg",
    "walkRouteSequenceNumber": 8437,
    "price": {
      "basicPrice": 7.15,
      "recommendedQuantity": "1.0",
      "measurementUnitPrice": 7.15,
      "measurementUnit": "K",
      "isRedPrice": false,
      "pricePerUOM": 7.15,
      "activationDate": "19-03-2024",
      "recordSource": "Offline",
      "isPromoActive": "N",
      "priceChangeCode": "H"
    },
    "isAvailable": true,
    "isPriceAvailable": true,
    "inPromo": false,
    "gtin": [
      "03487400000026",
      "03487400000408",
      "03487402000406",
      "35400141282253"
    ],
    "topCategoryName": "Kruidenierswaren/Droge voeding",
    "topCategoryId": "233",
    "businessDomain": "RETAIL_BE",
    "IsPrivateLabel": false,
    "IsBiffe": false,
    "WeightconversionFactor": "0",
    "IsWeightArticle": false,
    "IsBio": false,
    "CountryOfOrigin": "BELGIË",
    "IsExclusivelySoldInLuxembourg": false,
    "OrderUnit": "P",
    "ShortName": "EBLY VOORG TARWE10MI 1K",
    "IsNew": false,
    "RecentQuanityOfStockUnits": "1,2",
    "LongName": "EBLY tarwe voorgekookt 1kg",
    "AlcoholVolume": "0",
    "FicCode": "E"
  },
  {
    "productId": "295692",
    "technicalArticleNumber": "3676985",
    "commercialArticleNumber": "22225",
    "name": "saus hollandaise Brik",
    "description": "*Droge saus\n*Zachte smaak\n*Makkelijk doseren\n*Warm gerechten\n*Klaar voor gebruik",
    "brand": "KNORR",
    "seoBrand": "Knorr",
    "thumbNail": "https://static.colruytgroup.com/images/200x200/std.lang.all/46/23/asset-2804623.jpg",
    "fullImage": "https://static.colruytgroup.com/images/500x500/std.lang.all/46/23/asset-2804623.jpg",
    "squareImage": "https://static.colruytgroup.com/images/500x500sq/std.lang.all/46/23/asset-2804623.jpg",
    "content": "300ml",
    "walkRouteSequenceNumber": 8265,
    "price": {
      "basicPrice": 2.19,
      "recommendedQuantity": "2.0",
      "measurementUnitPrice": 7.3,
      "measurementUnit": "L",
      "isRedPrice": false,
      "pricePerUOM": 7.3,
      "activationDate": "20-02-2024",
      "recordSource": "Offline",
      "isPromoActive": "N",
      "priceChangeCode": "E"
    },
    "isAvailable": true,
    "isPriceAvailable": true,
    "inPromo": false,
    "gtin": [
      "05400141002492",
      "08712100242885",
      "08712100725579",
      "08717163833988",
      "08717163833995"
    ],
    "topCategoryName": "Kruidenierswaren/Droge voeding",
    "topCategoryId": "233",
    "businessDomain": "RETAIL_BE",
    "IsPrivateLabel": false,
    "IsBiffe": false,
    "WeightconversionFactor": "0",
    "IsWeightArticle": false,
    "nutriscoreLabel": "D",
    "IsBio": false,
    "CountryOfOrigin": "POLEN",
    "IsExclusivelySoldInLuxembourg": false,
    "OrderUnit": "P",
    "ShortName": "KNOR TETRA HOLLAND300ML",
    "IsNew": false,
    "EcoscoreLabel": "D",
    "RecentQuanityOfStockUnits": "1",
    "LongName": "KNORR saus hollandaise Brik 300ml",
    "AlcoholVolume": "0",
    "FicCode": "E",
    "EcoscoreValue": "23"
  },
  {
    "productId": "632455",
    "technicalArticleNumber": "4319289",
    "commercialArticleNumber": "4631",
    "name": "parelsuiker",
    "brand": "TIENEN",
    "seoBrand": "Tiense Suiker",
    "thumbNail": "https://static.colruytgroup.com/images/200x200/std.lang.all/99/39/asset-2329939.jpg",
    "fullImage": "https://static.colruytgroup.com/images/500x500/std.lang.all/99/39/asset-2329939.jpg",
    "squareImage": "https://static.colruytgroup.com/images/500x500sq/std.lang.all/99/39/asset-2329939.jpg",
    "content": "500g",
    "walkRouteSequenceNumber": 9301,
    "price": {
      "basicPrice": 2.99,
      "recommendedQuantity": "1.0",
      "measurementUnitPrice": 5.98,
      "measurementUnit": "K",
      "isRedPrice": false,
      "pricePerUOM": 5.98,
      "activationDate": "20-01-2024",
      "recordSource": "Offline",
      "isPromoActive": "N",
      "priceChangeCode": "H"
    },
    "isAvailable": true,
    "isPriceAvailable": true,
    "inPromo": false,
    "gtin": [
      "05410256032246",
      "05410256132243"
    ],
    "topCategoryName": "Kruidenierswaren/Droge voeding",
    "topCategoryId": "233",
    "businessDomain": "RETAIL_BE",
    "IsPrivateLabel": false,
    "IsBiffe": false,
    "WeightconversionFactor": "0",
    "IsWeightArticle": false,
    "nutriscoreLabel": "E",
    "IsBio": false,
    "CountryOfOrigin": "BELGIË",
    "IsExclusivelySoldInLuxembourg": false,
    "OrderUnit": "P",
    "ShortName": "TIEN PARELSUIKER 500G",
    "IsNew": false,
    "EcoscoreLabel": "A",
    "RecentQuanityOfStockUnits": "1,10",
    "LongName": "TIENEN parelsuiker 500g",
    "FicCode": "E",
    "EcoscoreValue": "100"
  },
  {
    "productId": "11212",
    "technicalArticleNumber": "1385938",
    "commercialArticleNumber": "14163",
    "name": "orange blossom water",
    "description": "*Geschikt voor in\ngebak, in thee",
    "brand": "SAMRA",
    "seoBrand": "Samra",
    "thumbNail": "https://static.colruytgroup.com/images/200x200/std.lang.all/74/28/asset-377428.jpg",
    "fullImage": "https://static.colruytgroup.com/images/500x500/std.lang.all/74/28/asset-377428.jpg",
    "squareImage": "https://static.colruytgroup.com/images/500x500sq/std.lang.all/74/28/asset-377428.jpg",
    "content": "245ml",
    "walkRouteSequenceNumber": 9451,
    "price": {
      "basicPrice": 1.99,
      "recommendedQuantity": "1.0",
      "measurementUnitPrice": 8.13,
      "measurementUnit": "L",
      "isRedPrice": false,
      "pricePerUOM": 8.13,
      "activationDate": "22-03-2024",
      "isPromoActive": "N",
      "priceChangeCode": "H"
    },
    "isAvailable": true,
    "isPriceAvailable": true,
    "inPromo": false,
    "gtin": [
      "05410350310240",
      "15410350310247"
    ],
    "topCategoryName": "Kruidenierswaren/Droge voeding",
    "topCategoryId": "233",
    "businessDomain": "RETAIL_BE",
    "IsPrivateLabel": false,
    "IsBiffe": false,
    "WeightconversionFactor": "0",
    "IsWeightArticle": false,
    "nutriscoreLabel": "A",
    "IsBio": false,
    "CountryOfOrigin": "BELGIË",
    "IsExclusivelySoldInLuxembourg": false,
    "OrderUnit": "P",
    "ShortName": "SAMRA ORAN.BLOESEM245ML",
    "IsNew": false,
    "RecentQuanityOfStockUnits": "1,20",
    "LongName": "SAMRA orange blossom water 245ml",
    "AlcoholVolume": "0",
    "FicCode": "E"
  },
  {
    "productId": "742533",
    "technicalArticleNumber": "4508677",
    "commercialArticleNumber": "28141",
    "name": "artisjokhart gemarineerd",
    "description": "*Artisjokharten\nin marinade",
    "brand": "BONI",
    "seoBrand": "Boni Selection",
    "thumbNail": "https://static.colruytgroup.com/images/200x200/std.lang.all/74/74/asset-2657474.jpg",
    "fullImage": "https://static.colruytgroup.com/images/500x500/std.lang.all/74/74/asset-2657474.jpg",
    "squareImage": "https://static.colruytgroup.com/images/500x500sq/std.lang.all/74/74/asset-2657474.jpg",
    "content": "125g",
    "walkRouteSequenceNumber": 7676,
    "price": {
      "basicPrice": 2.89,
      "recommendedQuantity": "1.0",
      "quantityPrice": 2.77,
      "quantityPriceQuantity": "3.0",
      "measurementUnitPrice": 23.12,
      "measurementUnitQuantityPrice": 22.16,
      "measurementUnit": "K",
      "isRedPrice": false,
      "pricePerUOM": 23.12,
      "activationDate": "13-03-2024",
      "isPromoActive": "N",
      "priceChangeCode": "E",
      "quantityPricePerUOM": 22.16,
      "quantityActivationDate": "13-03-2024",
      "quantityPriceChangeCode": "E"
    },
    "isAvailable": true,
    "isPriceAvailable": true,
    "inPromo": false,
    "gtin": [
      "05400141991000"
    ],
    "topCategoryName": "Chips/Borrelhapjes",
    "topCategoryId": "306",
    "businessDomain": "RETAIL_BE",
    "IsPrivateLabel": true,
    "IsBiffe": false,
    "WeightconversionFactor": "0",
    "IsWeightArticle": false,
    "nutriscoreLabel": "C",
    "IsBio": false,
    "CountryOfOrigin": "BELGIË",
    "IsExclusivelySoldInLuxembourg": false,
    "OrderUnit": "P",
    "ShortName": "BONI GEMAR ARTISJOK125G",
    "IsNew": false,
    "RecentQuanityOfStockUnits": "1",
    "LongName": "BONI artisjokhart gemarineerd 125g",
    "FicCode": "I"
  },
  {
    "productId": "79822",
    "technicalArticleNumber": "2565746",
    "commercialArticleNumber": "2736",
    "name": "all in mix wit brood",
    "description": "*Geschikt voor wit\nbrood\n*Water toevoegen\n*Geschikt voor de\nbroodmachine",
    "brand": "BONI",
    "seoBrand": "Boni Selection",
    "thumbNail": "https://static.colruytgroup.com/images/200x200/std.lang.all/58/22/asset-2215822.jpg",
    "fullImage": "https://static.colruytgroup.com/images/500x500/std.lang.all/58/22/asset-2215822.jpg",
    "squareImage": "https://static.colruytgroup.com/images/500x500sq/std.lang.all/58/22/asset-2215822.jpg",
    "content": "500g",
    "walkRouteSequenceNumber": 9596,
    "price": {
      "basicPrice": 0.95,
      "recommendedQuantity": "1.0",
      "measurementUnitPrice": 1.9,
      "measurementUnit": "K",
      "isRedPrice": false,
      "pricePerUOM": 1.9,
      "activationDate": "17-11-2023",
      "recordSource": "Offline",
      "isPromoActive": "N",
      "priceChangeCode": "E"
    },
    "isAvailable": true,
    "isPriceAvailable": true,
    "inPromo": false,
    "gtin": [
      "15400141333043",
      "15400141833987",
      "05400141377828",
      "05400141183993",
      "05400141333046",
      "05400141364439"
    ],
    "topCategoryName": "Kruidenierswaren/Droge voeding",
    "topCategoryId": "233",
    "businessDomain": "RETAIL_BE",
    "IsPrivateLabel": true,
    "IsBiffe": false,
    "WeightconversionFactor": "0",
    "IsWeightArticle": false,
    "nutriscoreLabel": "C",
    "IsBio": false,
    "CountryOfOrigin": "BELGIË",
    "IsExclusivelySoldInLuxembourg": false,
    "OrderUnit": "P",
    "ShortName": "BONI MIX WIT BROOD 500G",
    "InSeason": true,
    "IsNew": false,
    "EcoscoreLabel": "A",
    "RecentQuanityOfStockUnits": "1,15",
    "LongName": "BONI all in mix wit brood 500g",
    "AlcoholVolume": "0",
    "StartSeasonDate": "08/07/2020",
    "FicCode": "I",
    "EcoscoreValue": "91"
  },
  {
    "productId": "33444",
    "technicalArticleNumber": "1777379",
    "commercialArticleNumber": "15228",
    "name": "beschuit rond volkoren",
    "description": "*Krokant en luchtig\n*Bron van vezels\n*Gemakkelijk uit\nte nemen\n*Zonder bewaarmiddel",
    "brand": "ANCO",
    "seoBrand": "Anco",
    "thumbNail": "https://static.colruytgroup.com/images/200x200/nl_be/38/92/asset-663892.jpg",
    "fullImage": "https://static.colruytgroup.com/images/500x500/nl_be/38/92/asset-663892.jpg",
    "squareImage": "https://static.colruytgroup.com/images/500x500sq/nl_be/38/92/asset-663892.jpg",
    "content": "150g",
    "walkRouteSequenceNumber": 17098,
    "price": {
      "basicPrice": 2.59,
      "recommendedQuantity": "1.0",
      "measurementUnitPrice": 17.27,
      "measurementUnit": "K",
      "isRedPrice": false,
      "pricePerUOM": 17.27,
      "activationDate": "17-02-2024",
      "recordSource": "Offline",
      "isPromoActive": "N",
      "priceChangeCode": "E"
    },
    "isAvailable": true,
    "isPriceAvailable": true,
    "inPromo": false,
    "gtin": [
      "65410028623407",
      "05410018623309",
      "65410018623301",
      "05410028623405"
    ],
    "topCategoryName": "Brood/Ontbijt",
    "topCategoryId": "124",
    "businessDomain": "RETAIL_BE",
    "IsPrivateLabel": false,
    "IsBiffe": false,
    "WeightconversionFactor": "0",
    "IsWeightArticle": false,
    "nutriscoreLabel": "A",
    "IsBio": false,
    "CountryOfOrigin": "BELGIË",
    "IsExclusivelySoldInLuxembourg": false,
    "OrderUnit": "P",
    "ShortName": "ANCO VOLKOREN BESCH150G",
    "IsNew": false,
    "EcoscoreLabel": "A",
    "RecentQuanityOfStockUnits": "1",
    "LongName": "ANCO beschuit rond volkoren 150g",
    "AlcoholVolume": "0",
    "FicCode": "E",
    "EcoscoreValue": "100"
  },
  {
    "productId": "10479",
    "technicalArticleNumber": "1144369",
    "commercialArticleNumber": "13708",
    "name": "kruiden kip",
    "brand": "BONI BIO",
    "seoBrand": "Boni Selection Bio",
    "thumbNail": "https://static.colruytgroup.com/images/200x200/std.lang.all/56/46/asset-3205646.jpg",
    "fullImage": "https://static.colruytgroup.com/images/500x500/std.lang.all/56/46/asset-3205646.jpg",
    "squareImage": "https://static.colruytgroup.com/images/500x500sq/std.lang.all/56/46/asset-3205646.jpg",
    "content": "70g",
    "walkRouteSequenceNumber": 6467,
    "price": {
      "basicPrice": 2.74,
      "recommendedQuantity": "1.0",
      "measurementUnitPrice": 39.15,
      "measurementUnit": "K",
      "isRedPrice": false,
      "pricePerUOM": 39.15,
      "activationDate": "23-01-2024",
      "isPromoActive": "N",
      "priceChangeCode": "L"
    },
    "isAvailable": true,
    "isPriceAvailable": true,
    "inPromo": false,
    "gtin": [
      "15400141359388",
      "05400141116731",
      "05400141156119",
      "05400141837087",
      "05400141359398",
      "05400141359381",
      "05400141265613"
    ],
    "topCategoryName": "Kruidenierswaren/Droge voeding",
    "topCategoryId": "233",
    "businessDomain": "RETAIL_BE",
    "IsPrivateLabel": true,
    "IsBiffe": false,
    "WeightconversionFactor": "0",
    "IsWeightArticle": false,
    "IsBio": true,
    "CountryOfOrigin": "BELGIË",
    "IsExclusivelySoldInLuxembourg": false,
    "OrderUnit": "P",
    "ShortName": "BS BIO KIPKRUIDEN 70G",
    "IsNew": false,
    "EcoscoreLabel": "D",
    "RecentQuanityOfStockUnits": "1",
    "LongName": "BONI BIO kruiden kip 70g",
    "AlcoholVolume": "0",
    "FicCode": "I",
    "EcoscoreValue": "39"
  },
  {
    "productId": "25118",
    "technicalArticleNumber": "2176761",
    "commercialArticleNumber": "14952",
    "name": "kruiden tijm",
    "brand": "BONI",
    "seoBrand": "Boni Selection",
    "thumbNail": "https://static.colruytgroup.com/images/200x200/std.lang.all/38/76/asset-593876.jpg",
    "fullImage": "https://static.colruytgroup.com/images/500x500/std.lang.all/38/76/asset-593876.jpg",
    "squareImage": "https://static.colruytgroup.com/images/500x500sq/std.lang.all/38/76/asset-593876.jpg",
    "content": "190g",
    "walkRouteSequenceNumber": 6427,
    "price": {
      "basicPrice": 3.59,
      "recommendedQuantity": "1.0",
      "measurementUnitPrice": 18.9,
      "measurementUnit": "K",
      "isRedPrice": false,
      "pricePerUOM": 18.9,
      "activationDate": "23-01-2024",
      "isPromoActive": "N",
      "priceChangeCode": "L"
    },
    "isAvailable": true,
    "isPriceAvailable": true,
    "inPromo": false,
    "gtin": [
      "05400141098396",
      "05400141169669",
      "15400141149521"
    ],
    "topCategoryName": "Kruidenierswaren/Droge voeding",
    "topCategoryId": "233",
    "businessDomain": "RETAIL_BE",
    "IsPrivateLabel": true,
    "IsBiffe": false,
    "WeightconversionFactor": "0",
    "IsWeightArticle": false,
    "nutriscoreLabel": "A",
    "IsBio": false,
    "CountryOfOrigin": "BELGIË",
    "IsExclusivelySoldInLuxembourg": false,
    "OrderUnit": "P",
    "ShortName": "BONI TIJM 190G",
    "IsNew": false,
    "EcoscoreLabel": "C",
    "RecentQuanityOfStockUnits": "1",
    "LongName": "BONI kruiden tijm 190g",
    "AlcoholVolume": "0",
    "FicCode": "I",
    "EcoscoreValue": "48"
  },
  {
    "productId": "780886",
    "technicalArticleNumber": "4576952",
    "commercialArticleNumber": "28786",
    "name": "soba noedels classic bag",
    "description": "*Gebakken tarwenoedels\n*Japanse stijl\n*Klassieke smaak",
    "brand": "NISSIN",
    "seoBrand": "Nissin Soba",
    "thumbNail": "https://static.colruytgroup.com/images/200x200/std.lang.all/10/90/asset-2761090.jpg",
    "fullImage": "https://static.colruytgroup.com/images/500x500/std.lang.all/10/90/asset-2761090.jpg",
    "squareImage": "https://static.colruytgroup.com/images/500x500sq/std.lang.all/10/90/asset-2761090.jpg",
    "content": "109g",
    "walkRouteSequenceNumber": 16977,
    "price": {
      "basicPrice": 1.79,
      "recommendedQuantity": "1.0",
      "measurementUnitPrice": 16.43,
      "measurementUnit": "K",
      "isRedPrice": false,
      "pricePerUOM": 16.43,
      "activationDate": "28-02-2024",
      "recordSource": "Offline",
      "isPromoActive": "N",
      "priceChangeCode": "H"
    },
    "isAvailable": true,
    "isPriceAvailable": true,
    "inPromo": false,
    "gtin": [
      "05997523324285",
      "05997523324278"
    ],
    "topCategoryName": "Kruidenierswaren/Droge voeding",
    "topCategoryId": "233",
    "businessDomain": "RETAIL_BE",
    "IsPrivateLabel": false,
    "IsBiffe": false,
    "WeightconversionFactor": "0",
    "IsWeightArticle": false,
    "IsBio": false,
    "CountryOfOrigin": "HONGARIJE",
    "IsExclusivelySoldInLuxembourg": false,
    "OrderUnit": "P",
    "ShortName": "NISS SOBA NOED.CLASS109",
    "InSeason": true,
    "IsNew": false,
    "EcoscoreLabel": "C",
    "RecentQuanityOfStockUnits": "9,1",
    "LongName": "NISSIN soba noedels classic bag 109g",
    "StartSeasonDate": "16/03/2023",
    "FicCode": "E",
    "EcoscoreValue": "55"
  },
  {
    "productId": "483359",
    "technicalArticleNumber": "3999080",
    "commercialArticleNumber": "4486",
    "name": "Spaghetti 09",
    "brand": "GAROFALO",
    "seoBrand": "Garofalo",
    "thumbNail": "https://static.colruytgroup.com/images/200x200/std.lang.all/80/65/asset-3348065.jpg",
    "fullImage": "https://static.colruytgroup.com/images/500x500/std.lang.all/80/65/asset-3348065.jpg",
    "squareImage": "https://static.colruytgroup.com/images/500x500sq/std.lang.all/80/65/asset-3348065.jpg",
    "content": "500g",
    "walkRouteSequenceNumber": 8214,
    "price": {
      "basicPrice": 2.21,
      "recommendedQuantity": "1.0",
      "measurementUnitPrice": 4.42,
      "measurementUnit": "K",
      "isRedPrice": false,
      "pricePerUOM": 4.42,
      "activationDate": "18-01-2024",
      "isPromoActive": "N",
      "priceChangeCode": "L"
    },
    "isAvailable": true,
    "isPriceAvailable": true,
    "inPromo": false,
    "gtin": [
      "08000139910111",
      "08000139931970",
      "08000139910142",
      "08000139932304"
    ],
    "topCategoryName": "Kruidenierswaren/Droge voeding",
    "topCategoryId": "233",
    "businessDomain": "RETAIL_BE",
    "IsPrivateLabel": false,
    "IsBiffe": false,
    "WeightconversionFactor": "0",
    "IsWeightArticle": false,
    "nutriscoreLabel": "A",
    "IsBio": false,
    "CountryOfOrigin": "ITALIË",
    "IsExclusivelySoldInLuxembourg": false,
    "OrderUnit": "P",
    "ShortName": "GARO SPAGHETTI 09 500G",
    "InSeason": true,
    "IsNew": false,
    "EcoscoreLabel": "B",
    "RecentQuanityOfStockUnits": "1,16,16",
    "LongName": "GAROFALO Spaghetti 09 500g",
    "StartSeasonDate": "06/12/2021",
    "FicCode": "E",
    "EcoscoreValue": "60"
  },
  {
    "productId": "851518",
    "technicalArticleNumber": "4699584",
    "commercialArticleNumber": "30957",
    "name": "bake rolls zeezout",
    "brand": "TUC",
    "seoBrand": "LU Tuc",
    "thumbNail": "https://static.colruytgroup.com/images/200x200/std.lang.all/04/53/asset-3140453.jpg",
    "fullImage": "https://static.colruytgroup.com/images/500x500/std.lang.all/04/53/asset-3140453.jpg",
    "squareImage": "https://static.colruytgroup.com/images/500x500sq/std.lang.all/04/53/asset-3140453.jpg",
    "content": "150g",
    "walkRouteSequenceNumber": 4492,
    "price": {
      "basicPrice": 1.99,
      "recommendedQuantity": "1.0",
      "measurementUnitPrice": 13.27,
      "measurementUnit": "K",
      "isRedPrice": false,
      "pricePerUOM": 13.27,
      "activationDate": "04-03-2024",
      "recordSource": "Offline",
      "isPromoActive": "N",
      "priceChangeCode": "E"
    },
    "isAvailable": true,
    "isPriceAvailable": true,
    "inPromo": false,
    "gtin": [
      "07622201748227",
      "07622201748234"
    ],
    "topCategoryName": "Brood/Ontbijt",
    "topCategoryId": "124",
    "businessDomain": "RETAIL_BE",
    "IsPrivateLabel": false,
    "IsBiffe": false,
    "WeightconversionFactor": "0",
    "IsWeightArticle": false,
    "nutriscoreLabel": "D",
    "IsBio": false,
    "CountryOfOrigin": "POLEN",
    "IsExclusivelySoldInLuxembourg": false,
    "OrderUnit": "P",
    "ShortName": "TUC BAKE ROLLS ZOUT150G",
    "IsNew": false,
    "RecentQuanityOfStockUnits": "1",
    "LongName": "TUC bake rolls zeezout 150g",
    "FicCode": "E"
  },
  {
    "productId": "521096",
    "technicalArticleNumber": "4105494",
    "commercialArticleNumber": "8570",
    "name": "risotto",
    "brand": "BOSTO",
    "seoBrand": "Bosto",
    "thumbNail": "https://static.colruytgroup.com/images/200x200/std.lang.all/95/24/asset-1799524.jpg",
    "fullImage": "https://static.colruytgroup.com/images/500x500/std.lang.all/95/24/asset-1799524.jpg",
    "squareImage": "https://static.colruytgroup.com/images/500x500sq/std.lang.all/95/24/asset-1799524.jpg",
    "content": "1kg",
    "walkRouteSequenceNumber": 8367,
    "price": {
      "basicPrice": 5.5,
      "recommendedQuantity": "1.0",
      "measurementUnitPrice": 5.5,
      "measurementUnit": "K",
      "isRedPrice": false,
      "pricePerUOM": 5.5,
      "activationDate": "02-02-2024",
      "recordSource": "Offline",
      "isPromoActive": "N",
      "priceChangeCode": "E"
    },
    "isAvailable": true,
    "isPriceAvailable": true,
    "inPromo": false,
    "gtin": [
      "05410106017300",
      "15410106017307",
      "15410106017314"
    ],
    "topCategoryName": "Kruidenierswaren/Droge voeding",
    "topCategoryId": "233",
    "businessDomain": "RETAIL_BE",
    "IsPrivateLabel": false,
    "IsBiffe": false,
    "WeightconversionFactor": "0",
    "IsWeightArticle": false,
    "nutriscoreLabel": "A",
    "IsBio": false,
    "CountryOfOrigin": "BELGIË",
    "IsExclusivelySoldInLuxembourg": false,
    "OrderUnit": "P",
    "ShortName": "BOST RISOTTO 1KG",
    "IsNew": false,
    "EcoscoreLabel": "D",
    "RecentQuanityOfStockUnits": "1",
    "LongName": "BOSTO risotto 1kg",
    "FicCode": "E",
    "EcoscoreValue": "37"
  },
  {
    "productId": "15811",
    "technicalArticleNumber": "1639152",
    "commercialArticleNumber": "12305",
    "name": "jul.gr.balletjes brik",
    "description": "*Groentesoep met\nballetjes",
    "brand": "LIEBIG DÉLISOUP",
    "seoBrand": "Liebig Délisoup",
    "thumbNail": "https://static.colruytgroup.com/images/200x200/nl_be/35/79/asset-3353579.jpg",
    "fullImage": "https://static.colruytgroup.com/images/500x500/nl_be/35/79/asset-3353579.jpg",
    "squareImage": "https://static.colruytgroup.com/images/500x500sq/nl_be/35/79/asset-3353579.jpg",
    "content": "1L",
    "walkRouteSequenceNumber": 16931,
    "price": {
      "basicPrice": 3.99,
      "recommendedQuantity": "1.0",
      "measurementUnitPrice": 3.99,
      "measurementUnit": "L",
      "isRedPrice": false,
      "pricePerUOM": 3.99,
      "activationDate": "12-03-2024",
      "recordSource": "Offline",
      "isPromoActive": "N",
      "priceChangeCode": "H"
    },
    "isAvailable": true,
    "isPriceAvailable": true,
    "inPromo": false,
    "gtin": [
      "05414972705798",
      "05410056192317"
    ],
    "topCategoryName": "Kruidenierswaren/Droge voeding",
    "topCategoryId": "233",
    "businessDomain": "RETAIL_BE",
    "IsPrivateLabel": false,
    "IsBiffe": false,
    "WeightconversionFactor": "0",
    "IsWeightArticle": false,
    "nutriscoreLabel": "C",
    "IsBio": false,
    "CountryOfOrigin": "FRANKRIJK",
    "IsExclusivelySoldInLuxembourg": false,
    "OrderUnit": "P",
    "ShortName": "LIEBIG DS JUL.GR.BAL.1L",
    "InSeason": true,
    "IsNew": false,
    "EcoscoreLabel": "D",
    "RecentQuanityOfStockUnits": "1",
    "LongName": "LIEBIG DÉLISOUP jul.gr.balletjes brik 1L",
    "AlcoholVolume": "0",
    "StartSeasonDate": "30/09/2020",
    "FicCode": "E",
    "EcoscoreValue": "32"
  },
  {
    "productId": "778692",
    "technicalArticleNumber": "4572342",
    "commercialArticleNumber": "28557",
    "name": "noodles sweet chili cup",
    "description": "*Instant noodles met\n*Zoete chili smaak",
    "brand": "AIKI",
    "seoBrand": "Aïki",
    "thumbNail": "https://static.colruytgroup.com/images/200x200/std.lang.all/37/38/asset-3353738.jpg",
    "fullImage": "https://static.colruytgroup.com/images/500x500/std.lang.all/37/38/asset-3353738.jpg",
    "squareImage": "https://static.colruytgroup.com/images/500x500sq/std.lang.all/37/38/asset-3353738.jpg",
    "content": "68g",
    "walkRouteSequenceNumber": 17034,
    "price": {
      "basicPrice": 1.49,
      "recommendedQuantity": "1.0",
      "measurementUnitPrice": 21.92,
      "measurementUnit": "K",
      "isRedPrice": false,
      "pricePerUOM": 21.92,
      "activationDate": "29-02-2024",
      "recordSource": "Offline",
      "isPromoActive": "N",
      "priceChangeCode": "H"
    },
    "isAvailable": true,
    "isPriceAvailable": true,
    "inPromo": false,
    "gtin": [
      "05414972730431",
      "05414972130439"
    ],
    "topCategoryName": "Kruidenierswaren/Droge voeding",
    "topCategoryId": "233",
    "businessDomain": "RETAIL_BE",
    "IsPrivateLabel": false,
    "IsBiffe": false,
    "WeightconversionFactor": "0",
    "IsWeightArticle": false,
    "nutriscoreLabel": "C",
    "IsBio": false,
    "CountryOfOrigin": "HONGARIJE",
    "IsExclusivelySoldInLuxembourg": false,
    "OrderUnit": "P",
    "ShortName": "AIKI NOODL.SW.CHI.CUP68",
    "InSeason": true,
    "IsNew": false,
    "EcoscoreLabel": "B",
    "RecentQuanityOfStockUnits": "1,8",
    "LongName": "AIKI noodles sweet chili cup 68g",
    "StartSeasonDate": "16/02/2023",
    "FicCode": "E",
    "EcoscoreValue": "62"
  },
  {
    "productId": "574083",
    "technicalArticleNumber": "4220973",
    "commercialArticleNumber": "17647",
    "name": "gegrilde paprika's z.rood",
    "description": "*Gegrilde paprika",
    "brand": "BONI",
    "seoBrand": "Boni Selection",
    "thumbNail": "https://static.colruytgroup.com/images/200x200/std.lang.all/96/24/asset-2139624.jpg",
    "fullImage": "https://static.colruytgroup.com/images/500x500/std.lang.all/96/24/asset-2139624.jpg",
    "squareImage": "https://static.colruytgroup.com/images/500x500sq/std.lang.all/96/24/asset-2139624.jpg",
    "content": "270g",
    "walkRouteSequenceNumber": 4590,
    "price": {
      "basicPrice": 1.99,
      "recommendedQuantity": "1.0",
      "measurementUnitPrice": 7.38,
      "measurementUnit": "K",
      "isRedPrice": false,
      "pricePerUOM": 7.38,
      "activationDate": "06-03-2024",
      "isPromoActive": "N",
      "priceChangeCode": "L"
    },
    "isAvailable": true,
    "isPriceAvailable": true,
    "inPromo": false,
    "gtin": [
      "05400141354263",
      "15400141354260"
    ],
    "topCategoryName": "Chips/Borrelhapjes",
    "topCategoryId": "306",
    "businessDomain": "RETAIL_BE",
    "IsPrivateLabel": true,
    "IsBiffe": false,
    "WeightconversionFactor": "0",
    "IsWeightArticle": false,
    "nutriscoreLabel": "B",
    "IsBio": false,
    "CountryOfOrigin": "ITALIË",
    "IsExclusivelySoldInLuxembourg": false,
    "OrderUnit": "P",
    "ShortName": "BONI GEGRILDE PAPRIK270",
    "IsNew": false,
    "EcoscoreLabel": "A",
    "RecentQuanityOfStockUnits": "1",
    "LongName": "BONI gegrilde paprika's z.rood 270g",
    "FicCode": "I",
    "EcoscoreValue": "90"
  },
  {
    "productId": "54860",
    "technicalArticleNumber": "2457788",
    "commercialArticleNumber": "37193",
    "name": "mayonaise met eieren TD",
    "description": "*Mayonaise\n*Squeeze mayonaise\n*Sladressing\n*Kruiden\n*Zachte smaak",
    "brand": "CALVÉ",
    "seoBrand": "Calvé",
    "thumbNail": "https://static.colruytgroup.com/images/200x200/std.lang.all/46/15/asset-2804615.jpg",
    "fullImage": "https://static.colruytgroup.com/images/500x500/std.lang.all/46/15/asset-2804615.jpg",
    "squareImage": "https://static.colruytgroup.com/images/500x500sq/std.lang.all/46/15/asset-2804615.jpg",
    "content": "430ml",
    "walkRouteSequenceNumber": 8113,
    "price": {
      "basicPrice": 3.45,
      "recommendedQuantity": "1.0",
      "quantityPrice": 2,
      "quantityPriceQuantity": "3.0",
      "measurementUnitPrice": 8.03,
      "measurementUnitQuantityPrice": 4.66,
      "measurementUnit": "L",
      "isRedPrice": false,
      "pricePerUOM": 8.03,
      "activationDate": "20-03-2024",
      "recordSource": "Offline",
      "isPromoActive": "N",
      "priceChangeCode": "H",
      "quantityPricePerUOM": 4.66,
      "quantityActivationDate": "20-03-2024",
      "quantityPriceChangeCode": "E"
    },
    "isAvailable": true,
    "isPriceAvailable": true,
    "inPromo": false,
    "gtin": [
      "08718114980232",
      "08718114871431"
    ],
    "topCategoryName": "Kruidenierswaren/Droge voeding",
    "topCategoryId": "233",
    "businessDomain": "RETAIL_BE",
    "IsPrivateLabel": false,
    "IsBiffe": false,
    "WeightconversionFactor": "0",
    "IsWeightArticle": false,
    "nutriscoreLabel": "D",
    "IsBio": false,
    "CountryOfOrigin": "SPANJE",
    "IsExclusivelySoldInLuxembourg": false,
    "OrderUnit": "P",
    "ShortName": "CALVE MAYON TD EI 430ML",
    "IsNew": false,
    "EcoscoreLabel": "D",
    "RecentQuanityOfStockUnits": "1,12",
    "LongName": "CALVÉ mayonaise met eieren TD 430ml",
    "AlcoholVolume": "0",
    "FicCode": "E",
    "EcoscoreValue": "34"
  },
  {
    "productId": "179228",
    "technicalArticleNumber": "3340045",
    "commercialArticleNumber": "33515",
    "name": "olijfolie puur",
    "description": "* Warme bereidingen\n* Italië",
    "brand": "FILIPPO BERIO",
    "seoBrand": "Filippo Berio",
    "thumbNail": "https://static.colruytgroup.com/images/200x200/std.lang.all/25/46/asset-2422546.jpg",
    "fullImage": "https://static.colruytgroup.com/images/500x500/std.lang.all/25/46/asset-2422546.jpg",
    "squareImage": "https://static.colruytgroup.com/images/500x500sq/std.lang.all/25/46/asset-2422546.jpg",
    "content": "1L",
    "walkRouteSequenceNumber": 8947,
    "price": {
      "basicPrice": 14.49,
      "recommendedQuantity": "1.0",
      "measurementUnitPrice": 14.49,
      "measurementUnit": "L",
      "isRedPrice": false,
      "pricePerUOM": 14.49,
      "activationDate": "05-03-2024",
      "recordSource": "Offline",
      "isPromoActive": "N",
      "priceChangeCode": "E"
    },
    "isAvailable": true,
    "isPriceAvailable": true,
    "inPromo": false,
    "gtin": [
      "08002210119956",
      "08002210112407",
      "08002210130524"
    ],
    "topCategoryName": "Kruidenierswaren/Droge voeding",
    "topCategoryId": "233",
    "businessDomain": "RETAIL_BE",
    "IsPrivateLabel": false,
    "IsBiffe": false,
    "WeightconversionFactor": "0",
    "IsWeightArticle": false,
    "nutriscoreLabel": "B",
    "IsBio": false,
    "CountryOfOrigin": "ITALIË",
    "IsExclusivelySoldInLuxembourg": false,
    "OrderUnit": "P",
    "ShortName": "F BERIO OLIJFOL.PUUR 1L",
    "IsNew": false,
    "EcoscoreLabel": "C",
    "RecentQuanityOfStockUnits": "1",
    "LongName": "FILIPPO BERIO olijfolie puur 1L",
    "AlcoholVolume": "0",
    "FicCode": "E",
    "EcoscoreValue": "44"
  },
  {
    "productId": "539744",
    "technicalArticleNumber": "4137553",
    "commercialArticleNumber": "9646",
    "name": "al dente alfabet",
    "description": "*100% harde tarwe\n*Al dente beet\n*Eiwit : 13,5g/100g\n*Kooktijd : 4 min",
    "brand": "SOUBRY",
    "seoBrand": "Soubry",
    "thumbNail": "https://static.colruytgroup.com/images/200x200/std.lang.all/44/72/asset-1914472.jpg",
    "fullImage": "https://static.colruytgroup.com/images/500x500/std.lang.all/44/72/asset-1914472.jpg",
    "squareImage": "https://static.colruytgroup.com/images/500x500sq/std.lang.all/44/72/asset-1914472.jpg",
    "content": "375g",
    "walkRouteSequenceNumber": 8292,
    "price": {
      "basicPrice": 1.49,
      "recommendedQuantity": "1.0",
      "measurementUnitPrice": 3.98,
      "measurementUnit": "K",
      "isRedPrice": false,
      "pricePerUOM": 3.98,
      "activationDate": "22-03-2024",
      "recordSource": "Offline",
      "isPromoActive": "N",
      "priceChangeCode": "H"
    },
    "isAvailable": true,
    "isPriceAvailable": true,
    "inPromo": false,
    "gtin": [
      "65410028170345",
      "05410028170343"
    ],
    "topCategoryName": "Kruidenierswaren/Droge voeding",
    "topCategoryId": "233",
    "businessDomain": "RETAIL_BE",
    "IsPrivateLabel": false,
    "IsBiffe": false,
    "WeightconversionFactor": "0",
    "IsWeightArticle": false,
    "nutriscoreLabel": "A",
    "IsBio": false,
    "CountryOfOrigin": "BELGIË",
    "IsExclusivelySoldInLuxembourg": false,
    "OrderUnit": "P",
    "ShortName": "SOUB AL DEN.ALFABET375G",
    "IsNew": false,
    "EcoscoreLabel": "A",
    "RecentQuanityOfStockUnits": "1,12",
    "LongName": "SOUBRY al dente alfabet 375g",
    "FicCode": "E",
    "EcoscoreValue": "97"
  },
  {
    "productId": "336293",
    "technicalArticleNumber": "3805140",
    "commercialArticleNumber": "14223",
    "name": "rode wijnazijn",
    "brand": "ETOILE",
    "seoBrand": "L'Étoile",
    "thumbNail": "https://static.colruytgroup.com/images/200x200/std.lang.all/87/41/asset-1508741.jpg",
    "fullImage": "https://static.colruytgroup.com/images/500x500/std.lang.all/87/41/asset-1508741.jpg",
    "squareImage": "https://static.colruytgroup.com/images/500x500sq/std.lang.all/87/41/asset-1508741.jpg",
    "content": "500ml",
    "walkRouteSequenceNumber": 9141,
    "price": {
      "basicPrice": 1.99,
      "recommendedQuantity": "1.0",
      "measurementUnitPrice": 3.98,
      "measurementUnit": "L",
      "isRedPrice": false,
      "pricePerUOM": 3.98,
      "activationDate": "14-07-2023",
      "isPromoActive": "N",
      "priceChangeCode": "H"
    },
    "isAvailable": true,
    "isPriceAvailable": true,
    "inPromo": false,
    "gtin": [
      "03104185002594",
      "03104188002591"
    ],
    "topCategoryName": "Kruidenierswaren/Droge voeding",
    "topCategoryId": "233",
    "businessDomain": "RETAIL_BE",
    "IsPrivateLabel": false,
    "IsBiffe": false,
    "WeightconversionFactor": "0",
    "IsWeightArticle": false,
    "nutriscoreLabel": "A",
    "IsBio": false,
    "CountryOfOrigin": "FRANKRIJK",
    "IsExclusivelySoldInLuxembourg": false,
    "OrderUnit": "P",
    "ShortName": "ETOI RODE WIJNAZIJN 500",
    "IsNew": false,
    "EcoscoreLabel": "A",
    "RecentQuanityOfStockUnits": "1",
    "LongName": "ETOILE rode wijnazijn 500ml",
    "AlcoholVolume": "0",
    "FicCode": "E",
    "EcoscoreValue": "93"
  },
  {
    "productId": "539716",
    "technicalArticleNumber": "4137525",
    "commercialArticleNumber": "9641",
    "name": "al dente vermicelli",
    "description": "*100% harde tarwe\n*Al dente beet\n*Eiwit : 13,5g/100g\n*Kooktijd : 4 min",
    "brand": "SOUBRY",
    "seoBrand": "Soubry",
    "thumbNail": "https://static.colruytgroup.com/images/200x200/std.lang.all/44/69/asset-1914469.jpg",
    "fullImage": "https://static.colruytgroup.com/images/500x500/std.lang.all/44/69/asset-1914469.jpg",
    "squareImage": "https://static.colruytgroup.com/images/500x500sq/std.lang.all/44/69/asset-1914469.jpg",
    "content": "375g",
    "walkRouteSequenceNumber": 8287,
    "price": {
      "basicPrice": 1.49,
      "recommendedQuantity": "3.0",
      "measurementUnitPrice": 3.98,
      "measurementUnit": "K",
      "isRedPrice": false,
      "pricePerUOM": 3.98,
      "activationDate": "17-01-2024",
      "recordSource": "Offline",
      "isPromoActive": "N",
      "priceChangeCode": "H"
    },
    "isAvailable": true,
    "isPriceAvailable": true,
    "inPromo": false,
    "gtin": [
      "75410028171325",
      "55410028170331",
      "05410028171326",
      "05410028170329"
    ],
    "topCategoryName": "Kruidenierswaren/Droge voeding",
    "topCategoryId": "233",
    "businessDomain": "RETAIL_BE",
    "IsPrivateLabel": false,
    "IsBiffe": false,
    "WeightconversionFactor": "0",
    "IsWeightArticle": false,
    "nutriscoreLabel": "A",
    "IsBio": false,
    "CountryOfOrigin": "BELGIË",
    "IsExclusivelySoldInLuxembourg": false,
    "OrderUnit": "P",
    "ShortName": "SOUB AL DEN.VERMICEL375",
    "IsNew": false,
    "EcoscoreLabel": "A",
    "RecentQuanityOfStockUnits": "3,1,24",
    "LongName": "SOUBRY al dente vermicelli 375g",
    "FicCode": "E",
    "EcoscoreValue": "97"
  },
  {
    "productId": "10185",
    "technicalArticleNumber": "1127297",
    "commercialArticleNumber": "13619",
    "name": "saus tartaar",
    "brand": "LA WILLIAM",
    "seoBrand": "La William",
    "thumbNail": "https://static.colruytgroup.com/images/200x200/std.lang.all/70/26/asset-1467026.jpg",
    "fullImage": "https://static.colruytgroup.com/images/500x500/std.lang.all/70/26/asset-1467026.jpg",
    "squareImage": "https://static.colruytgroup.com/images/500x500sq/std.lang.all/70/26/asset-1467026.jpg",
    "content": "300ml",
    "walkRouteSequenceNumber": 8162,
    "price": {
      "basicPrice": 3.45,
      "recommendedQuantity": "1.0",
      "measurementUnitPrice": 11.5,
      "measurementUnit": "L",
      "isRedPrice": false,
      "pricePerUOM": 11.5,
      "activationDate": "16-03-2024",
      "recordSource": "Offline",
      "isPromoActive": "N",
      "priceChangeCode": "E"
    },
    "isAvailable": true,
    "isPriceAvailable": true,
    "inPromo": false,
    "gtin": [
      "05410426007364",
      "05410426007340"
    ],
    "topCategoryName": "Kruidenierswaren/Droge voeding",
    "topCategoryId": "233",
    "businessDomain": "RETAIL_BE",
    "IsPrivateLabel": false,
    "IsBiffe": false,
    "WeightconversionFactor": "0",
    "IsWeightArticle": false,
    "nutriscoreLabel": "D",
    "IsBio": false,
    "CountryOfOrigin": "BELGIË",
    "IsExclusivelySoldInLuxembourg": false,
    "OrderUnit": "P",
    "ShortName": "WILLIAM TARTAAR 300ML",
    "IsNew": false,
    "EcoscoreLabel": "A",
    "RecentQuanityOfStockUnits": "1",
    "LongName": "LA WILLIAM saus tartaar 300ml",
    "AlcoholVolume": "0",
    "FicCode": "E",
    "EcoscoreValue": "100"
  },
  {
    "productId": "771358",
    "technicalArticleNumber": "4559241",
    "commercialArticleNumber": "28387",
    "name": "suikersticks",
    "brand": "GRAINDOR",
    "seoBrand": "Graindor",
    "thumbNail": "https://static.colruytgroup.com/images/200x200/std.lang.all/13/91/asset-2821391.jpg",
    "fullImage": "https://static.colruytgroup.com/images/500x500/std.lang.all/13/91/asset-2821391.jpg",
    "squareImage": "https://static.colruytgroup.com/images/500x500sq/std.lang.all/13/91/asset-2821391.jpg",
    "content": "500st",
    "walkRouteSequenceNumber": 9203,
    "price": {
      "basicPrice": 8.59,
      "recommendedQuantity": "1.0",
      "measurementUnitPrice": 3.44,
      "measurementUnit": "K",
      "isRedPrice": false,
      "pricePerUOM": 3.44,
      "activationDate": "23-01-2024",
      "isPromoActive": "N",
      "priceChangeCode": "L"
    },
    "isAvailable": true,
    "isPriceAvailable": true,
    "inPromo": false,
    "gtin": [
      "05400141931778"
    ],
    "topCategoryName": "Kruidenierswaren/Droge voeding",
    "topCategoryId": "233",
    "businessDomain": "RETAIL_BE",
    "IsPrivateLabel": true,
    "IsBiffe": false,
    "WeightconversionFactor": "0",
    "IsWeightArticle": false,
    "nutriscoreLabel": "E",
    "IsBio": false,
    "CountryOfOrigin": "BELGIË",
    "IsExclusivelySoldInLuxembourg": false,
    "OrderUnit": "P",
    "ShortName": "HC GRAI SUIKERSTI.500ST",
    "IsNew": false,
    "EcoscoreLabel": "B",
    "RecentQuanityOfStockUnits": "1",
    "LongName": "GRAINDOR suikersticks 500st",
    "FicCode": "I",
    "EcoscoreValue": "76"
  },
  {
    "productId": "47232",
    "technicalArticleNumber": "2485199",
    "commercialArticleNumber": "22211",
    "name": "Siciliana zongedr.tom.saus",
    "brand": "BERTOLLI",
    "seoBrand": "Bertolli",
    "thumbNail": "https://static.colruytgroup.com/images/200x200/std.lang.all/93/13/asset-2809313.jpg",
    "fullImage": "https://static.colruytgroup.com/images/500x500/std.lang.all/93/13/asset-2809313.jpg",
    "squareImage": "https://static.colruytgroup.com/images/500x500sq/std.lang.all/93/13/asset-2809313.jpg",
    "content": "400g",
    "walkRouteSequenceNumber": 8347,
    "price": {
      "basicPrice": 4.15,
      "recommendedQuantity": "2.0",
      "measurementUnitPrice": 10.38,
      "measurementUnit": "K",
      "isRedPrice": false,
      "pricePerUOM": 10.38,
      "activationDate": "14-03-2024",
      "recordSource": "Offline",
      "isPromoActive": "N",
      "priceChangeCode": "E"
    },
    "isAvailable": true,
    "isPriceAvailable": true,
    "inPromo": false,
    "gtin": [
      "08712247232336",
      "08712247232343",
      "05400141222111",
      "08712566105953",
      "08712566523429"
    ],
    "topCategoryName": "Kruidenierswaren/Droge voeding",
    "topCategoryId": "233",
    "businessDomain": "RETAIL_BE",
    "IsPrivateLabel": false,
    "IsBiffe": false,
    "WeightconversionFactor": "0",
    "IsWeightArticle": false,
    "nutriscoreLabel": "A",
    "IsBio": false,
    "CountryOfOrigin": "NEDERLAND",
    "IsExclusivelySoldInLuxembourg": false,
    "OrderUnit": "P",
    "ShortName": "BERT GEDR TOM OREG 400G",
    "IsNew": false,
    "EcoscoreLabel": "A",
    "RecentQuanityOfStockUnits": "1,6",
    "LongName": "BERTOLLI Siciliana zongedr.tom.saus 400g",
    "AlcoholVolume": "0",
    "FicCode": "E",
    "EcoscoreValue": "92"
  },
  {
    "productId": "94",
    "technicalArticleNumber": "14407",
    "commercialArticleNumber": "14407",
    "name": "mini roomrijst original blik",
    "description": "De lekkere BOSS roomrijst nu in\nhandige mini-verpakking met easy-\nopening",
    "brand": "BOSS",
    "seoBrand": "Boss",
    "thumbNail": "https://static.colruytgroup.com/images/200x200/nl_be/63/83/asset-376383.jpg",
    "fullImage": "https://static.colruytgroup.com/images/500x500/nl_be/63/83/asset-376383.jpg",
    "squareImage": "https://static.colruytgroup.com/images/500x500sq/nl_be/63/83/asset-376383.jpg",
    "content": "200g",
    "walkRouteSequenceNumber": 9599,
    "price": {
      "basicPrice": 1.66,
      "recommendedQuantity": "6.0",
      "measurementUnitPrice": 8.3,
      "measurementUnit": "K",
      "isRedPrice": false,
      "pricePerUOM": 8.3,
      "activationDate": "07-03-2024",
      "recordSource": "Offline",
      "isPromoActive": "N",
      "priceChangeCode": "H"
    },
    "isAvailable": true,
    "isPriceAvailable": true,
    "inPromo": false,
    "gtin": [
      "15410106091048",
      "05410106091041",
      "05410106091003",
      "00000054102002",
      "05400141137262"
    ],
    "topCategoryName": "Kruidenierswaren/Droge voeding",
    "topCategoryId": "233",
    "businessDomain": "RETAIL_BE",
    "IsPrivateLabel": false,
    "IsBiffe": false,
    "WeightconversionFactor": "0",
    "IsWeightArticle": false,
    "nutriscoreLabel": "C",
    "IsBio": false,
    "CountryOfOrigin": "BELGIË",
    "IsExclusivelySoldInLuxembourg": false,
    "OrderUnit": "P",
    "ShortName": "BOSS MINI ORIGINAL 200G",
    "IsNew": false,
    "EcoscoreLabel": "A",
    "RecentQuanityOfStockUnits": "6,1",
    "LongName": "BOSS mini roomrijst original blik 200g",
    "AlcoholVolume": "0",
    "FicCode": "E",
    "EcoscoreValue": "91"
  },
  {
    "productId": "634418",
    "technicalArticleNumber": "4322745",
    "commercialArticleNumber": "16072",
    "name": "basmati express rijst",
    "brand": "BONI",
    "seoBrand": "Boni Selection",
    "thumbNail": "https://static.colruytgroup.com/images/200x200/std.lang.all/86/03/asset-3328603.jpg",
    "fullImage": "https://static.colruytgroup.com/images/500x500/std.lang.all/86/03/asset-3328603.jpg",
    "squareImage": "https://static.colruytgroup.com/images/500x500sq/std.lang.all/86/03/asset-3328603.jpg",
    "content": "250g",
    "walkRouteSequenceNumber": 8418,
    "price": {
      "basicPrice": 1.39,
      "recommendedQuantity": "1.0",
      "quantityPrice": 1.04,
      "quantityPriceQuantity": "2.0",
      "measurementUnitPrice": 5.56,
      "measurementUnitQuantityPrice": 4.16,
      "measurementUnit": "K",
      "isRedPrice": false,
      "pricePerUOM": 5.56,
      "activationDate": "20-03-2024",
      "recordSource": "Offline",
      "isPromoActive": "N",
      "priceChangeCode": "E",
      "quantityPricePerUOM": 4.16,
      "quantityActivationDate": "20-03-2024",
      "quantityPriceChangeCode": "H"
    },
    "isAvailable": true,
    "isPriceAvailable": true,
    "inPromo": false,
    "gtin": [
      "05400141615050",
      "15400141615057"
    ],
    "topCategoryName": "Kruidenierswaren/Droge voeding",
    "topCategoryId": "233",
    "businessDomain": "RETAIL_BE",
    "IsPrivateLabel": true,
    "IsBiffe": false,
    "WeightconversionFactor": "0",
    "IsWeightArticle": false,
    "nutriscoreLabel": "A",
    "IsBio": false,
    "CountryOfOrigin": "FRANKRIJK",
    "IsExclusivelySoldInLuxembourg": false,
    "OrderUnit": "P",
    "ShortName": "BONI BASM.EXP.RIJST250",
    "IsNew": false,
    "EcoscoreLabel": "D",
    "RecentQuanityOfStockUnits": "1,12",
    "LongName": "BONI basmati express rijst 250g",
    "FicCode": "I",
    "EcoscoreValue": "21"
  },
  {
    "productId": "130827",
    "technicalArticleNumber": "3221125",
    "commercialArticleNumber": "35239",
    "name": "pikante tapenade",
    "description": "*Tapenade op basis\nvan groene olijven,\nzongedroogde tomaten\npaprika en rode\npepers",
    "brand": "BONI",
    "seoBrand": "Boni Selection",
    "thumbNail": "https://static.colruytgroup.com/images/200x200/std.lang.all/07/41/asset-2930741.jpg",
    "fullImage": "https://static.colruytgroup.com/images/500x500/std.lang.all/07/41/asset-2930741.jpg",
    "squareImage": "https://static.colruytgroup.com/images/500x500sq/std.lang.all/07/41/asset-2930741.jpg",
    "content": "150g",
    "walkRouteSequenceNumber": 6779,
    "price": {
      "basicPrice": 2.79,
      "recommendedQuantity": "1.0",
      "quantityPrice": 2.57,
      "quantityPriceQuantity": "3.0",
      "measurementUnitPrice": 18.6,
      "measurementUnitQuantityPrice": 17.14,
      "measurementUnit": "K",
      "isRedPrice": false,
      "pricePerUOM": 18.6,
      "activationDate": "22-11-2022",
      "isPromoActive": "N",
      "priceChangeCode": "E",
      "quantityPricePerUOM": 17.14,
      "quantityActivationDate": "22-11-2022",
      "quantityPriceChangeCode": "L"
    },
    "isAvailable": true,
    "isPriceAvailable": true,
    "inPromo": false,
    "gtin": [
      "15400141420903",
      "15400141357599",
      "05400141357592",
      "05400141216967",
      "05400141205398",
      "15400141751366",
      "15400141444350",
      "05400141751369",
      "05400141444353"
    ],
    "topCategoryName": "Chips/Borrelhapjes",
    "topCategoryId": "306",
    "businessDomain": "RETAIL_BE",
    "IsPrivateLabel": true,
    "IsBiffe": false,
    "WeightconversionFactor": "0",
    "IsWeightArticle": false,
    "nutriscoreLabel": "C",
    "IsBio": false,
    "CountryOfOrigin": "BELGIË",
    "IsExclusivelySoldInLuxembourg": false,
    "OrderUnit": "P",
    "ShortName": "BONI PIKANTE TAP 150GR",
    "IsNew": false,
    "EcoscoreLabel": "B",
    "RecentQuanityOfStockUnits": "1",
    "LongName": "BONI pikante tapenade 150g",
    "AlcoholVolume": "0",
    "FicCode": "I",
    "EcoscoreValue": "66"
  },
  {
    "productId": "55783",
    "technicalArticleNumber": "2293577",
    "commercialArticleNumber": "1487",
    "name": "mix voor brownies",
    "description": "*Eieren, water en\nolie toevoegen\n*Met bakvorm",
    "brand": "DR.OETKER",
    "seoBrand": "Dr.Oetker",
    "thumbNail": "https://static.colruytgroup.com/images/200x200/std.lang.all/67/54/asset-1246754.jpg",
    "fullImage": "https://static.colruytgroup.com/images/500x500/std.lang.all/67/54/asset-1246754.jpg",
    "squareImage": "https://static.colruytgroup.com/images/500x500sq/std.lang.all/67/54/asset-1246754.jpg",
    "content": "456g",
    "walkRouteSequenceNumber": 9417,
    "price": {
      "basicPrice": 3.79,
      "recommendedQuantity": "1.0",
      "measurementUnitPrice": 8.32,
      "measurementUnit": "K",
      "isRedPrice": false,
      "pricePerUOM": 8.32,
      "activationDate": "15-03-2024",
      "isPromoActive": "Y",
      "priceChangeCode": "H"
    },
    "isAvailable": true,
    "isPriceAvailable": true,
    "inPromo": true,
    "promotion": [
      {
        "techPromoId": "100927COLR",
        "promotionId": "100927",
        "promotionType": "3",
        "isPersonalized": "N",
        "publicationStartDate": "13-03-2024",
        "publicationEndDate": "26-03-2024"
      }
    ],
    "gtin": [
      "05410231047449",
      "05410231007627"
    ],
    "topCategoryName": "Kruidenierswaren/Droge voeding",
    "topCategoryId": "233",
    "businessDomain": "RETAIL_BE",
    "IsPrivateLabel": false,
    "IsBiffe": false,
    "WeightconversionFactor": "0",
    "IsWeightArticle": false,
    "nutriscoreLabel": "D",
    "IsBio": false,
    "CountryOfOrigin": "BELGIË",
    "IsExclusivelySoldInLuxembourg": false,
    "OrderUnit": "P",
    "ShortName": "OETK BROWNIES 456G",
    "IsNew": false,
    "RecentQuanityOfStockUnits": "1,8",
    "LongName": "DR.OETKER mix voor brownies 456g",
    "AlcoholVolume": "0",
    "FicCode": "E"
  },
  {
    "productId": "134077",
    "technicalArticleNumber": "3169911",
    "commercialArticleNumber": "9745",
    "name": "Mexican guacamole sice mix",
    "description": "*Mix om verse\nguacamole te\nbereiden",
    "brand": "POCO LOCO",
    "seoBrand": "Poco Loco",
    "thumbNail": "https://static.colruytgroup.com/images/200x200/std.lang.all/53/74/asset-1745374.jpg",
    "fullImage": "https://static.colruytgroup.com/images/500x500/std.lang.all/53/74/asset-1745374.jpg",
    "squareImage": "https://static.colruytgroup.com/images/500x500sq/std.lang.all/53/74/asset-1745374.jpg",
    "content": "20g",
    "walkRouteSequenceNumber": 8665,
    "price": {
      "basicPrice": 1.19,
      "recommendedQuantity": "1.0",
      "measurementUnitPrice": 59.5,
      "measurementUnit": "K",
      "isRedPrice": false,
      "pricePerUOM": 59.5,
      "activationDate": "16-01-2024",
      "isPromoActive": "N",
      "priceChangeCode": "H"
    },
    "isAvailable": true,
    "isPriceAvailable": true,
    "inPromo": false,
    "gtin": [
      "05412514934361",
      "15412514934368"
    ],
    "topCategoryName": "Kruidenierswaren/Droge voeding",
    "topCategoryId": "233",
    "businessDomain": "RETAIL_BE",
    "IsPrivateLabel": false,
    "IsBiffe": false,
    "WeightconversionFactor": "0",
    "IsWeightArticle": false,
    "nutriscoreLabel": "E",
    "IsBio": false,
    "CountryOfOrigin": "BELGIË",
    "IsExclusivelySoldInLuxembourg": false,
    "OrderUnit": "P",
    "ShortName": "P L SPICE MIX GUACA.20G",
    "IsNew": false,
    "EcoscoreLabel": "E",
    "RecentQuanityOfStockUnits": "1",
    "LongName": "POCO LOCO Mexican guacamole sice mix 20g",
    "AlcoholVolume": "0",
    "FicCode": "E",
    "EcoscoreValue": "2"
  },
  {
    "productId": "325687",
    "technicalArticleNumber": "3676362",
    "commercialArticleNumber": "9252",
    "name": "olijven Nocellara Italiaans",
    "brand": "BONI",
    "seoBrand": "Boni Selection",
    "thumbNail": "https://static.colruytgroup.com/images/200x200/std.lang.all/58/33/asset-1745833.jpg",
    "fullImage": "https://static.colruytgroup.com/images/500x500/std.lang.all/58/33/asset-1745833.jpg",
    "squareImage": "https://static.colruytgroup.com/images/500x500sq/std.lang.all/58/33/asset-1745833.jpg",
    "content": "150g",
    "walkRouteSequenceNumber": 7690,
    "price": {
      "basicPrice": 1.79,
      "recommendedQuantity": "1.0",
      "measurementUnitPrice": 11.94,
      "measurementUnit": "K",
      "isRedPrice": false,
      "pricePerUOM": 11.94,
      "activationDate": "12-01-2024",
      "recordSource": "Offline",
      "isPromoActive": "N",
      "priceChangeCode": "H"
    },
    "isAvailable": true,
    "isPriceAvailable": true,
    "inPromo": false,
    "gtin": [
      "15400141155935",
      "05400141155938",
      "15400141387213",
      "05400141387216",
      "05400141981711",
      "15400141981718"
    ],
    "topCategoryName": "Chips/Borrelhapjes",
    "topCategoryId": "306",
    "businessDomain": "RETAIL_BE",
    "IsPrivateLabel": true,
    "IsBiffe": false,
    "WeightconversionFactor": "0",
    "IsWeightArticle": false,
    "nutriscoreLabel": "D",
    "IsBio": false,
    "CountryOfOrigin": "FRANKRIJK",
    "IsExclusivelySoldInLuxembourg": false,
    "OrderUnit": "P",
    "ShortName": "BS IT.NOCE.OLI.NAT.150G",
    "IsNew": false,
    "EcoscoreLabel": "B",
    "RecentQuanityOfStockUnits": "1,9",
    "LongName": "BONI olijven Nocellara Italiaans 150g",
    "AlcoholVolume": "0",
    "FicCode": "I",
    "EcoscoreValue": "79"
  },
  {
    "productId": "168849",
    "technicalArticleNumber": "3399276",
    "commercialArticleNumber": "13513",
    "name": "rijstwafel provence",
    "description": "*Rijstwafel, rond,\nmet provencaalse\nkruiden",
    "brand": "BOSTO",
    "seoBrand": "Bosto",
    "thumbNail": "https://static.colruytgroup.com/images/200x200/std.lang.all/15/95/asset-1201595.jpg",
    "fullImage": "https://static.colruytgroup.com/images/500x500/std.lang.all/15/95/asset-1201595.jpg",
    "squareImage": "https://static.colruytgroup.com/images/500x500sq/std.lang.all/15/95/asset-1201595.jpg",
    "content": "130g",
    "walkRouteSequenceNumber": 17126,
    "price": {
      "basicPrice": 4.25,
      "recommendedQuantity": "2.0",
      "measurementUnitPrice": 32.7,
      "measurementUnit": "K",
      "isRedPrice": false,
      "pricePerUOM": 32.7,
      "activationDate": "31-01-2024",
      "recordSource": "Offline",
      "isPromoActive": "N",
      "priceChangeCode": "E"
    },
    "isAvailable": true,
    "isPriceAvailable": true,
    "inPromo": false,
    "gtin": [
      "05400141462982",
      "05410106095568",
      "15410106095565"
    ],
    "topCategoryName": "Brood/Ontbijt",
    "topCategoryId": "124",
    "businessDomain": "RETAIL_BE",
    "IsPrivateLabel": false,
    "IsBiffe": false,
    "WeightconversionFactor": "0",
    "IsWeightArticle": false,
    "nutriscoreLabel": "C",
    "IsBio": false,
    "CountryOfOrigin": "BELGIË",
    "IsExclusivelySoldInLuxembourg": false,
    "OrderUnit": "P",
    "ShortName": "BOSTO RIJSTW.PROV. 130G",
    "IsNew": false,
    "EcoscoreLabel": "B",
    "RecentQuanityOfStockUnits": "1,2,12",
    "LongName": "BOSTO rijstwafel provence 130g",
    "AlcoholVolume": "0",
    "FicCode": "E",
    "EcoscoreValue": "70"
  },
  {
    "productId": "97472",
    "technicalArticleNumber": "2858321",
    "commercialArticleNumber": "15402",
    "name": "olijfolie gourm.",
    "description": "*Koude bereidingen\n*Portugal",
    "brand": "OLIVEIRA DA SERRA",
    "seoBrand": "Oliveira Da Serra",
    "thumbNail": "https://static.colruytgroup.com/images/200x200/std.lang.all/93/29/asset-3169329.jpg",
    "fullImage": "https://static.colruytgroup.com/images/500x500/std.lang.all/93/29/asset-3169329.jpg",
    "squareImage": "https://static.colruytgroup.com/images/500x500sq/std.lang.all/93/29/asset-3169329.jpg",
    "content": "750ml",
    "walkRouteSequenceNumber": 8958,
    "price": {
      "basicPrice": 12.99,
      "recommendedQuantity": "1.0",
      "measurementUnitPrice": 17.32,
      "measurementUnit": "L",
      "isRedPrice": false,
      "pricePerUOM": 17.32,
      "activationDate": "15-11-2023",
      "isPromoActive": "N",
      "priceChangeCode": "H"
    },
    "isAvailable": true,
    "isPriceAvailable": true,
    "inPromo": false,
    "gtin": [
      "45601024124777",
      "05601024124779"
    ],
    "topCategoryName": "Kruidenierswaren/Droge voeding",
    "topCategoryId": "233",
    "businessDomain": "RETAIL_BE",
    "IsPrivateLabel": false,
    "IsBiffe": false,
    "WeightconversionFactor": "0",
    "IsWeightArticle": false,
    "IsBio": false,
    "CountryOfOrigin": "BELGIË",
    "IsExclusivelySoldInLuxembourg": false,
    "OrderUnit": "P",
    "ShortName": "OD SERRA GOURMET 750ML",
    "IsNew": false,
    "RecentQuanityOfStockUnits": "1",
    "LongName": "OLIVEIRA DA SERRA olijfolie gourm. 750ml",
    "AlcoholVolume": "0",
    "FicCode": "E"
  },
  {
    "productId": "220262",
    "technicalArticleNumber": "3491484",
    "commercialArticleNumber": "50528",
    "name": "kruiden nootmuskaat",
    "brand": "BONI",
    "seoBrand": "Boni Selection",
    "thumbNail": "https://static.colruytgroup.com/images/200x200/std.lang.all/56/35/asset-2695635.jpg",
    "fullImage": "https://static.colruytgroup.com/images/500x500/std.lang.all/56/35/asset-2695635.jpg",
    "squareImage": "https://static.colruytgroup.com/images/500x500sq/std.lang.all/56/35/asset-2695635.jpg",
    "content": "180g",
    "walkRouteSequenceNumber": 6443,
    "price": {
      "basicPrice": 8.92,
      "recommendedQuantity": "1.0",
      "measurementUnitPrice": 49.56,
      "measurementUnit": "K",
      "isRedPrice": false,
      "pricePerUOM": 49.56,
      "activationDate": "19-03-2024",
      "recordSource": "Offline",
      "isPromoActive": "N",
      "priceChangeCode": "H"
    },
    "isAvailable": true,
    "isPriceAvailable": true,
    "inPromo": false,
    "gtin": [
      "05400141398199",
      "05400141410174"
    ],
    "topCategoryName": "Kruidenierswaren/Droge voeding",
    "topCategoryId": "233",
    "businessDomain": "RETAIL_BE",
    "IsPrivateLabel": true,
    "IsBiffe": false,
    "WeightconversionFactor": "0",
    "IsWeightArticle": false,
    "IsBio": false,
    "CountryOfOrigin": "INDONESIË",
    "IsExclusivelySoldInLuxembourg": false,
    "OrderUnit": "P",
    "ShortName": "BONI MUSKAATNOOT 180G",
    "IsNew": false,
    "EcoscoreLabel": "B",
    "RecentQuanityOfStockUnits": "1",
    "LongName": "BONI kruiden nootmuskaat 180g",
    "AlcoholVolume": "0",
    "FicCode": "I",
    "EcoscoreValue": "78"
  },
  {
    "productId": "38921",
    "technicalArticleNumber": "1691914",
    "commercialArticleNumber": "5145",
    "name": "Fleur de sel pot",
    "brand": "MARSEL",
    "seoBrand": "Marsel",
    "thumbNail": "https://static.colruytgroup.com/images/200x200/std.lang.all/86/58/asset-968658.jpg",
    "fullImage": "https://static.colruytgroup.com/images/500x500/std.lang.all/86/58/asset-968658.jpg",
    "squareImage": "https://static.colruytgroup.com/images/500x500sq/std.lang.all/86/58/asset-968658.jpg",
    "content": "125g",
    "walkRouteSequenceNumber": 6508,
    "price": {
      "basicPrice": 4.59,
      "recommendedQuantity": "1.0",
      "measurementUnitPrice": 36.72,
      "measurementUnit": "K",
      "isRedPrice": false,
      "pricePerUOM": 36.72,
      "activationDate": "02-01-2024",
      "isPromoActive": "N",
      "priceChangeCode": "E"
    },
    "isAvailable": true,
    "isPriceAvailable": true,
    "inPromo": false,
    "gtin": [
      "05425000966807",
      "05425000966876"
    ],
    "topCategoryName": "Kruidenierswaren/Droge voeding",
    "topCategoryId": "233",
    "businessDomain": "RETAIL_BE",
    "IsPrivateLabel": false,
    "IsBiffe": false,
    "WeightconversionFactor": "0",
    "IsWeightArticle": false,
    "nutriscoreLabel": "E",
    "IsBio": false,
    "CountryOfOrigin": "MEXICO",
    "IsExclusivelySoldInLuxembourg": false,
    "OrderUnit": "P",
    "ShortName": "MARSEL FLEUR DE SEL125G",
    "InSeason": true,
    "IsNew": false,
    "EcoscoreLabel": "B",
    "RecentQuanityOfStockUnits": "1",
    "LongName": "MARSEL Fleur de sel pot 125g",
    "AlcoholVolume": "0",
    "StartSeasonDate": "04/04/2012",
    "FicCode": "E",
    "EcoscoreValue": "78"
  },
  {
    "productId": "851144",
    "technicalArticleNumber": "4699086",
    "commercialArticleNumber": "30927",
    "name": "Crackers Classic 3-zaden",
    "description": "*Volkoren crackers\n*Spelt, haver, bloem\n*Pompoenzaden,\nsesamzaad en lijnzaad",
    "brand": "DR. KARG'S",
    "seoBrand": "Dr.Karg's",
    "thumbNail": "https://static.colruytgroup.com/images/200x200/std.lang.all/38/66/asset-3213866.jpg",
    "fullImage": "https://static.colruytgroup.com/images/500x500/std.lang.all/38/66/asset-3213866.jpg",
    "squareImage": "https://static.colruytgroup.com/images/500x500sq/std.lang.all/38/66/asset-3213866.jpg",
    "content": "200g",
    "walkRouteSequenceNumber": 17011,
    "price": {
      "basicPrice": 2.99,
      "recommendedQuantity": "1.0",
      "measurementUnitPrice": 14.95,
      "measurementUnit": "K",
      "isRedPrice": false,
      "pricePerUOM": 14.95,
      "activationDate": "20-03-2024",
      "isPromoActive": "N",
      "priceChangeCode": "E"
    },
    "isAvailable": true,
    "isPriceAvailable": true,
    "inPromo": false,
    "gtin": [
      "04033634300549",
      "04033634300532"
    ],
    "topCategoryName": "Brood/Ontbijt",
    "topCategoryId": "124",
    "businessDomain": "RETAIL_BE",
    "IsPrivateLabel": false,
    "IsBiffe": false,
    "WeightconversionFactor": "0",
    "IsWeightArticle": false,
    "nutriscoreLabel": "D",
    "IsBio": false,
    "CountryOfOrigin": "DUITSLAND",
    "IsExclusivelySoldInLuxembourg": false,
    "OrderUnit": "P",
    "ShortName": "DRKA CR.CLAS.3ZDN 200G",
    "IsNew": false,
    "EcoscoreLabel": "B",
    "RecentQuanityOfStockUnits": "1,10",
    "LongName": "DR. KARG'S Crackers Classic 3-zaden 200g",
    "FicCode": "E",
    "EcoscoreValue": "67"
  },
  {
    "productId": "641418",
    "technicalArticleNumber": "4334955",
    "commercialArticleNumber": "18678",
    "name": "oestersaus",
    "brand": "SO THAI",
    "seoBrand": "So Thai",
    "thumbNail": "https://static.colruytgroup.com/images/200x200/std.lang.all/25/86/asset-2322586.jpg",
    "fullImage": "https://static.colruytgroup.com/images/500x500/std.lang.all/25/86/asset-2322586.jpg",
    "squareImage": "https://static.colruytgroup.com/images/500x500sq/std.lang.all/25/86/asset-2322586.jpg",
    "content": "200ml",
    "walkRouteSequenceNumber": 8676,
    "price": {
      "basicPrice": 3.99,
      "recommendedQuantity": "1.0",
      "measurementUnitPrice": 19.95,
      "measurementUnit": "L",
      "isRedPrice": false,
      "pricePerUOM": 19.95,
      "activationDate": "20-03-2024",
      "recordSource": "Offline",
      "isPromoActive": "N",
      "priceChangeCode": "H"
    },
    "isAvailable": true,
    "isPriceAvailable": true,
    "inPromo": false,
    "gtin": [
      "08715017719761",
      "08715017719778"
    ],
    "topCategoryName": "Kruidenierswaren/Droge voeding",
    "topCategoryId": "233",
    "businessDomain": "RETAIL_BE",
    "IsPrivateLabel": false,
    "IsBiffe": false,
    "WeightconversionFactor": "0",
    "IsWeightArticle": false,
    "nutriscoreLabel": "D",
    "IsBio": false,
    "CountryOfOrigin": "THAILAND",
    "IsExclusivelySoldInLuxembourg": false,
    "OrderUnit": "P",
    "ShortName": "SOTH OESTERSAUS 200ML",
    "IsNew": false,
    "RecentQuanityOfStockUnits": "1",
    "LongName": "SO THAI oestersaus 200ml",
    "FicCode": "E"
  },
  {
    "productId": "237184",
    "technicalArticleNumber": "3542591",
    "commercialArticleNumber": "50751",
    "name": "quinoa 3 kleuren builtje",
    "description": "*Kookbuiltjes\n*Kooktijd: 10 minuten\n*Recepten:colruyt.be",
    "brand": "BOSTO",
    "seoBrand": "Bosto",
    "thumbNail": "https://static.colruytgroup.com/images/200x200/std.lang.all/65/61/asset-1576561.jpg",
    "fullImage": "https://static.colruytgroup.com/images/500x500/std.lang.all/65/61/asset-1576561.jpg",
    "squareImage": "https://static.colruytgroup.com/images/500x500sq/std.lang.all/65/61/asset-1576561.jpg",
    "content": "4x75g",
    "walkRouteSequenceNumber": 8425,
    "price": {
      "basicPrice": 5.05,
      "recommendedQuantity": "1.0",
      "measurementUnitPrice": 16.84,
      "measurementUnit": "K",
      "isRedPrice": false,
      "pricePerUOM": 16.84,
      "activationDate": "15-02-2024",
      "recordSource": "Online",
      "isPromoActive": "N",
      "priceChangeCode": "H"
    },
    "isAvailable": true,
    "isPriceAvailable": true,
    "inPromo": false,
    "gtin": [
      "15410106070128",
      "05410106070121"
    ],
    "topCategoryName": "Kruidenierswaren/Droge voeding",
    "topCategoryId": "233",
    "businessDomain": "RETAIL_BE",
    "IsPrivateLabel": false,
    "IsBiffe": false,
    "WeightconversionFactor": "0",
    "IsWeightArticle": false,
    "nutriscoreLabel": "A",
    "IsBio": false,
    "CountryOfOrigin": "NEDERLAND",
    "IsExclusivelySoldInLuxembourg": false,
    "OrderUnit": "P",
    "ShortName": "BOSTO QUINOA 3KLEU.4X75",
    "IsNew": false,
    "EcoscoreLabel": "D",
    "RecentQuanityOfStockUnits": "1",
    "LongName": "BOSTO quinoa 3 kleuren builtje 4x75g",
    "AlcoholVolume": "0",
    "FicCode": "E",
    "EcoscoreValue": "22"
  },
  {
    "productId": "40024",
    "technicalArticleNumber": "2480571",
    "commercialArticleNumber": "38970",
    "name": "Soup Idee groenten vermi.",
    "description": "*Droge soep\n*Makkelijk bereiden\n*Instant gerecht\n*Snelle maaltijd\n*Warm gerecht",
    "brand": "KNORR",
    "seoBrand": "Knorr",
    "thumbNail": "https://static.colruytgroup.com/images/200x200/std.lang.all/97/47/asset-3139747.jpg",
    "fullImage": "https://static.colruytgroup.com/images/500x500/std.lang.all/97/47/asset-3139747.jpg",
    "squareImage": "https://static.colruytgroup.com/images/500x500sq/std.lang.all/97/47/asset-3139747.jpg",
    "content": "33g",
    "walkRouteSequenceNumber": 16845,
    "price": {
      "basicPrice": 1.35,
      "recommendedQuantity": "4.0",
      "measurementUnitPrice": 40.91,
      "measurementUnit": "K",
      "isRedPrice": false,
      "pricePerUOM": 40.91,
      "activationDate": "14-03-2024",
      "recordSource": "Folder",
      "isPromoActive": "N",
      "priceChangeCode": "H"
    },
    "isAvailable": true,
    "isPriceAvailable": true,
    "inPromo": true,
    "promotion": [
      {
        "techPromoId": "100943COLR",
        "promotionId": "100943",
        "promotionType": "3",
        "isPersonalized": "N",
        "publicationStartDate": "13-03-2024",
        "publicationEndDate": "26-03-2024"
      }
    ],
    "gtin": [
      "08711200325269",
      "08718114844237",
      "05400141001273"
    ],
    "topCategoryName": "Kruidenierswaren/Droge voeding",
    "topCategoryId": "233",
    "businessDomain": "RETAIL_BE",
    "IsPrivateLabel": false,
    "IsBiffe": false,
    "WeightconversionFactor": "0",
    "IsWeightArticle": false,
    "nutriscoreLabel": "C",
    "IsBio": false,
    "CountryOfOrigin": "FRANKRIJK",
    "IsExclusivelySoldInLuxembourg": false,
    "OrderUnit": "P",
    "ShortName": "KN ID GROENT-JARD 33GR",
    "IsNew": false,
    "EcoscoreLabel": "B",
    "RecentQuanityOfStockUnits": "4,1",
    "LongName": "KNORR Soup Idee groenten vermi. 33g",
    "AlcoholVolume": "0",
    "FicCode": "E",
    "EcoscoreValue": "76"
  },
  {
    "productId": "220028",
    "technicalArticleNumber": "3503339",
    "commercialArticleNumber": "13714",
    "name": "kruiden spaghetti hot",
    "brand": "DUCROS",
    "seoBrand": "Ducros",
    "thumbNail": "https://static.colruytgroup.com/images/200x200/std.lang.all/06/09/asset-2860609.jpg",
    "fullImage": "https://static.colruytgroup.com/images/500x500/std.lang.all/06/09/asset-2860609.jpg",
    "squareImage": "https://static.colruytgroup.com/images/500x500sq/std.lang.all/06/09/asset-2860609.jpg",
    "content": "65g",
    "walkRouteSequenceNumber": 6475,
    "price": {
      "basicPrice": 3.42,
      "recommendedQuantity": "1.0",
      "quantityPrice": 1.71,
      "quantityPriceQuantity": "2.0",
      "measurementUnitPrice": 52.62,
      "measurementUnitQuantityPrice": 26.31,
      "measurementUnit": "K",
      "isRedPrice": false,
      "pricePerUOM": 52.62,
      "activationDate": "20-03-2024",
      "recordSource": "Offline",
      "isPromoActive": "N",
      "priceChangeCode": "E",
      "quantityPricePerUOM": 26.31,
      "quantityActivationDate": "20-03-2024",
      "quantityPriceChangeCode": "L"
    },
    "isAvailable": true,
    "isPriceAvailable": true,
    "inPromo": false,
    "gtin": [
      "03166296208210",
      "03166298774409"
    ],
    "topCategoryName": "Kruidenierswaren/Droge voeding",
    "topCategoryId": "233",
    "businessDomain": "RETAIL_BE",
    "IsPrivateLabel": false,
    "IsBiffe": false,
    "WeightconversionFactor": "0",
    "IsWeightArticle": false,
    "nutriscoreLabel": "E",
    "IsBio": false,
    "CountryOfOrigin": "FRANKRIJK",
    "IsExclusivelySoldInLuxembourg": false,
    "OrderUnit": "P",
    "ShortName": "DUCROS SPAGHETTI HOT65G",
    "IsNew": false,
    "EcoscoreLabel": "E",
    "RecentQuanityOfStockUnits": "1,12",
    "LongName": "DUCROS kruiden spaghetti hot 65g",
    "AlcoholVolume": "0",
    "FicCode": "E",
    "EcoscoreValue": "2"
  },
  {
    "productId": "850625",
    "technicalArticleNumber": "4698101",
    "commercialArticleNumber": "30874",
    "name": "sojasaus",
    "brand": "SUZI WAN",
    "seoBrand": "Suzi Wan",
    "thumbNail": "https://static.colruytgroup.com/images/200x200/std.lang.all/90/74/asset-3159074.jpg",
    "fullImage": "https://static.colruytgroup.com/images/500x500/std.lang.all/90/74/asset-3159074.jpg",
    "squareImage": "https://static.colruytgroup.com/images/500x500sq/std.lang.all/90/74/asset-3159074.jpg",
    "content": "250ml",
    "walkRouteSequenceNumber": 8480,
    "price": {
      "basicPrice": 5.85,
      "recommendedQuantity": "1.0",
      "measurementUnitPrice": 23.4,
      "measurementUnit": "L",
      "isRedPrice": false,
      "pricePerUOM": 23.4,
      "activationDate": "17-02-2024",
      "recordSource": "Offline",
      "isPromoActive": "N",
      "priceChangeCode": "E"
    },
    "isAvailable": true,
    "isPriceAvailable": true,
    "inPromo": false,
    "gtin": [
      "04002359017988",
      "04002359018107"
    ],
    "topCategoryName": "Kruidenierswaren/Droge voeding",
    "topCategoryId": "233",
    "businessDomain": "RETAIL_BE",
    "IsPrivateLabel": false,
    "IsBiffe": false,
    "WeightconversionFactor": "0",
    "IsWeightArticle": false,
    "nutriscoreLabel": "E",
    "IsBio": false,
    "CountryOfOrigin": "NEDERLAND",
    "IsExclusivelySoldInLuxembourg": false,
    "OrderUnit": "P",
    "ShortName": "SUWA SOJASAUS 250ML",
    "IsNew": false,
    "EcoscoreLabel": "B",
    "RecentQuanityOfStockUnits": "1",
    "LongName": "SUZI WAN sojasaus 250ml",
    "FicCode": "E",
    "EcoscoreValue": "77"
  },
  {
    "productId": "2489",
    "technicalArticleNumber": "1100128",
    "commercialArticleNumber": "14205",
    "name": "rijst Thai jasmin",
    "description": "*Kookbuiltjes\n*kooktijd:10 minuten",
    "brand": "BOSTO",
    "seoBrand": "Bosto",
    "thumbNail": "https://static.colruytgroup.com/images/200x200/std.lang.all/88/31/asset-1478831.jpg",
    "fullImage": "https://static.colruytgroup.com/images/500x500/std.lang.all/88/31/asset-1478831.jpg",
    "squareImage": "https://static.colruytgroup.com/images/500x500sq/std.lang.all/88/31/asset-1478831.jpg",
    "content": "8x125g",
    "walkRouteSequenceNumber": 8372,
    "price": {
      "basicPrice": 3.78,
      "recommendedQuantity": "1.0",
      "measurementUnitPrice": 3.78,
      "measurementUnit": "K",
      "isRedPrice": false,
      "pricePerUOM": 3.78,
      "activationDate": "14-02-2024",
      "recordSource": "Offline",
      "isPromoActive": "N",
      "priceChangeCode": "E"
    },
    "isAvailable": true,
    "isPriceAvailable": true,
    "inPromo": false,
    "gtin": [
      "05410106010219",
      "15410106018434"
    ],
    "topCategoryName": "Kruidenierswaren/Droge voeding",
    "topCategoryId": "233",
    "businessDomain": "RETAIL_BE",
    "IsPrivateLabel": false,
    "IsBiffe": false,
    "WeightconversionFactor": "0",
    "IsWeightArticle": false,
    "nutriscoreLabel": "A",
    "IsBio": false,
    "CountryOfOrigin": "BELGIË",
    "IsExclusivelySoldInLuxembourg": false,
    "OrderUnit": "P",
    "ShortName": "BOSTO THAI 8 X 125 G",
    "IsNew": false,
    "EcoscoreLabel": "E",
    "RecentQuanityOfStockUnits": "1",
    "LongName": "BOSTO rijst Thai jasmin 8x125g",
    "AlcoholVolume": "0",
    "FicCode": "E",
    "EcoscoreValue": "4"
  },
  {
    "productId": "226763",
    "technicalArticleNumber": "3552920",
    "commercialArticleNumber": "50883",
    "name": "Tomato ketchup bio top-down",
    "description": "*100% biologische\ntomaten",
    "brand": "HEINZ",
    "seoBrand": "Heinz",
    "thumbNail": "https://static.colruytgroup.com/images/200x200/std.lang.all/83/57/asset-978357.jpg",
    "fullImage": "https://static.colruytgroup.com/images/500x500/std.lang.all/83/57/asset-978357.jpg",
    "squareImage": "https://static.colruytgroup.com/images/500x500sq/std.lang.all/83/57/asset-978357.jpg",
    "content": "500ml",
    "walkRouteSequenceNumber": 8204,
    "price": {
      "basicPrice": 4.49,
      "recommendedQuantity": "1.0",
      "measurementUnitPrice": 8.98,
      "measurementUnit": "L",
      "isRedPrice": false,
      "pricePerUOM": 8.98,
      "activationDate": "07-02-2024",
      "recordSource": "Offline",
      "isPromoActive": "N",
      "priceChangeCode": "H"
    },
    "isAvailable": true,
    "isPriceAvailable": true,
    "inPromo": false,
    "gtin": [
      "08715700220895",
      "08715700122038",
      "08715700418643",
      "00000087157338"
    ],
    "topCategoryName": "Kruidenierswaren/Droge voeding",
    "topCategoryId": "233",
    "businessDomain": "RETAIL_BE",
    "IsPrivateLabel": false,
    "IsBiffe": false,
    "WeightconversionFactor": "0",
    "IsWeightArticle": false,
    "nutriscoreLabel": "D",
    "IsBio": true,
    "CountryOfOrigin": "EUROPA",
    "IsExclusivelySoldInLuxembourg": false,
    "OrderUnit": "P",
    "ShortName": "HEINZ BIO KETCHUP 500ML",
    "IsNew": false,
    "EcoscoreLabel": "B",
    "RecentQuanityOfStockUnits": "1",
    "LongName": "HEINZ Tomato ketchup bio top-down 500ml",
    "AlcoholVolume": "0",
    "FicCode": "E",
    "EcoscoreValue": "74"
  },
  {
    "productId": "858881",
    "technicalArticleNumber": "4709157",
    "commercialArticleNumber": "31727",
    "name": "mosterd Fins Gourmets",
    "brand": "MAILLE",
    "seoBrand": "Maille",
    "thumbNail": "https://static.colruytgroup.com/images/200x200/std.lang.all/10/92/asset-3211092.jpg",
    "fullImage": "https://static.colruytgroup.com/images/500x500/std.lang.all/10/92/asset-3211092.jpg",
    "squareImage": "https://static.colruytgroup.com/images/500x500sq/std.lang.all/10/92/asset-3211092.jpg",
    "content": "320g",
    "walkRouteSequenceNumber": 8247,
    "price": {
      "basicPrice": 3.69,
      "recommendedQuantity": "1.0",
      "measurementUnitPrice": 11.54,
      "measurementUnit": "K",
      "isRedPrice": false,
      "pricePerUOM": 11.54,
      "activationDate": "22-02-2024",
      "recordSource": "Offline",
      "isPromoActive": "N",
      "priceChangeCode": "E"
    },
    "isAvailable": true,
    "isPriceAvailable": true,
    "inPromo": false,
    "gtin": [
      "08720182557315",
      "08720182557346"
    ],
    "topCategoryName": "Kruidenierswaren/Droge voeding",
    "topCategoryId": "233",
    "businessDomain": "RETAIL_BE",
    "IsPrivateLabel": false,
    "IsBiffe": false,
    "WeightconversionFactor": "0",
    "IsWeightArticle": false,
    "nutriscoreLabel": "E",
    "IsBio": false,
    "CountryOfOrigin": "FRANKRIJK",
    "IsExclusivelySoldInLuxembourg": false,
    "OrderUnit": "P",
    "ShortName": "MAIL MOSTERD F.GOURM320",
    "IsNew": false,
    "EcoscoreLabel": "C",
    "RecentQuanityOfStockUnits": "1",
    "LongName": "MAILLE mosterd Fins Gourmets 320g",
    "FicCode": "E",
    "EcoscoreValue": "54"
  },
  {
    "productId": "839898",
    "technicalArticleNumber": "4683629",
    "commercialArticleNumber": "8309",
    "name": "anistelle Bio",
    "description": "*Griesmeel van harde tarwe\n*Italië\n*Kooktijd: 12 minuten\n*Eiwit: 12g/100g",
    "brand": "GAROFALO",
    "seoBrand": "Garofalo",
    "thumbNail": "https://static.colruytgroup.com/images/200x200/std.lang.all/30/17/asset-3273017.jpg",
    "fullImage": "https://static.colruytgroup.com/images/500x500/std.lang.all/30/17/asset-3273017.jpg",
    "squareImage": "https://static.colruytgroup.com/images/500x500sq/std.lang.all/30/17/asset-3273017.jpg",
    "content": "500g",
    "walkRouteSequenceNumber": 8209,
    "price": {
      "basicPrice": 1.99,
      "recommendedQuantity": "1.0",
      "measurementUnitPrice": 3.98,
      "measurementUnit": "K",
      "isRedPrice": false,
      "pricePerUOM": 3.98,
      "activationDate": "28-04-2023",
      "isPromoActive": "N",
      "priceChangeCode": "H"
    },
    "isAvailable": true,
    "isPriceAvailable": true,
    "inPromo": false,
    "gtin": [
      "18000139910606",
      "08000139910081"
    ],
    "topCategoryName": "Kruidenierswaren/Droge voeding",
    "topCategoryId": "233",
    "businessDomain": "RETAIL_BE",
    "IsPrivateLabel": false,
    "IsBiffe": false,
    "WeightconversionFactor": "0",
    "IsWeightArticle": false,
    "IsBio": true,
    "CountryOfOrigin": "ITALIË",
    "IsExclusivelySoldInLuxembourg": false,
    "OrderUnit": "P",
    "ShortName": "GARO ANISTELLE BIO 500G",
    "IsNew": false,
    "RecentQuanityOfStockUnits": "1",
    "LongName": "GAROFALO anistelle Bio 500g",
    "FicCode": "E"
  },
  {
    "productId": "684",
    "technicalArticleNumber": "12322",
    "commercialArticleNumber": "12322",
    "name": "bouillon fond vis",
    "description": "*Visfond",
    "brand": "LACROIX",
    "seoBrand": "Lacroix",
    "thumbNail": "https://static.colruytgroup.com/images/200x200/std.lang.all/35/20/asset-3353520.jpg",
    "fullImage": "https://static.colruytgroup.com/images/500x500/std.lang.all/35/20/asset-3353520.jpg",
    "squareImage": "https://static.colruytgroup.com/images/500x500sq/std.lang.all/35/20/asset-3353520.jpg",
    "content": "400ml",
    "walkRouteSequenceNumber": 6563,
    "price": {
      "basicPrice": 4.89,
      "recommendedQuantity": "2.0",
      "measurementUnitPrice": 12.23,
      "measurementUnit": "L",
      "isRedPrice": false,
      "pricePerUOM": 12.23,
      "activationDate": "19-03-2024",
      "recordSource": "Offline",
      "isPromoActive": "N",
      "priceChangeCode": "H"
    },
    "isAvailable": true,
    "isPriceAvailable": true,
    "inPromo": false,
    "gtin": [
      "05410056779747",
      "05414972726557",
      "00000025123227",
      "04009062800203",
      "05400141123227",
      "05410056279742"
    ],
    "topCategoryName": "Kruidenierswaren/Droge voeding",
    "topCategoryId": "233",
    "businessDomain": "RETAIL_BE",
    "IsPrivateLabel": false,
    "IsBiffe": false,
    "WeightconversionFactor": "0",
    "IsWeightArticle": false,
    "nutriscoreLabel": "C",
    "IsBio": false,
    "CountryOfOrigin": "BELGIË",
    "IsExclusivelySoldInLuxembourg": false,
    "OrderUnit": "P",
    "ShortName": "LACROIX FOND VIS 400ML",
    "IsNew": false,
    "EcoscoreLabel": "E",
    "RecentQuanityOfStockUnits": "2,1,6",
    "LongName": "LACROIX bouillon fond vis 400ml",
    "AlcoholVolume": "0",
    "FicCode": "E",
    "EcoscoreValue": "0"
  },
  {
    "productId": "18694",
    "technicalArticleNumber": "1717183",
    "commercialArticleNumber": "12158",
    "name": "soep tomaten suprême stukjes",
    "description": "*Soep in blik\n*Snelle maaltijd\n*Snelle maaltijd\n*Groentensoep\n*Warm gerecht",
    "brand": "KNORR",
    "seoBrand": "Knorr",
    "thumbNail": "https://static.colruytgroup.com/images/200x200/nl_be/53/45/asset-2795345.jpg",
    "fullImage": "https://static.colruytgroup.com/images/500x500/nl_be/53/45/asset-2795345.jpg",
    "squareImage": "https://static.colruytgroup.com/images/500x500sq/nl_be/53/45/asset-2795345.jpg",
    "content": "515ml",
    "walkRouteSequenceNumber": 16893,
    "price": {
      "basicPrice": 2.59,
      "recommendedQuantity": "3.0",
      "measurementUnitPrice": 5.03,
      "measurementUnit": "L",
      "isRedPrice": false,
      "pricePerUOM": 5.03,
      "activationDate": "20-03-2024",
      "recordSource": "Offline",
      "isPromoActive": "N",
      "priceChangeCode": "H"
    },
    "isAvailable": true,
    "isPriceAvailable": true,
    "inPromo": false,
    "gtin": [
      "05400141122589",
      "08722700700401",
      "08722700083436"
    ],
    "topCategoryName": "Kruidenierswaren/Droge voeding",
    "topCategoryId": "233",
    "businessDomain": "RETAIL_BE",
    "IsPrivateLabel": false,
    "IsBiffe": false,
    "WeightconversionFactor": "0",
    "IsWeightArticle": false,
    "nutriscoreLabel": "C",
    "IsBio": false,
    "CountryOfOrigin": "NEDERLAND",
    "IsExclusivelySoldInLuxembourg": false,
    "OrderUnit": "P",
    "ShortName": "KNORR TOM SUPREME515ML",
    "IsNew": false,
    "EcoscoreLabel": "B",
    "RecentQuanityOfStockUnits": "1,12",
    "LongName": "KNORR soep tomaten suprême stukjes 515ml",
    "AlcoholVolume": "0",
    "FicCode": "E",
    "EcoscoreValue": "78"
  },
  {
    "productId": "138989",
    "technicalArticleNumber": "3176710",
    "commercialArticleNumber": "44282",
    "name": "saus zoetzuur ananas",
    "brand": "BEN'S ORIGINAL",
    "seoBrand": "Ben's original",
    "thumbNail": "https://static.colruytgroup.com/images/200x200/std.lang.all/77/52/asset-2537752.jpg",
    "fullImage": "https://static.colruytgroup.com/images/500x500/std.lang.all/77/52/asset-2537752.jpg",
    "squareImage": "https://static.colruytgroup.com/images/500x500sq/std.lang.all/77/52/asset-2537752.jpg",
    "content": "450g",
    "walkRouteSequenceNumber": 8251,
    "price": {
      "basicPrice": 2.79,
      "recommendedQuantity": "2.0",
      "measurementUnitPrice": 6.2,
      "measurementUnit": "K",
      "isRedPrice": false,
      "pricePerUOM": 6.2,
      "activationDate": "07-02-2024",
      "recordSource": "Offline",
      "isPromoActive": "N",
      "priceChangeCode": "L"
    },
    "isAvailable": true,
    "isPriceAvailable": true,
    "inPromo": false,
    "gtin": [
      "04002359016059",
      "04002359003042",
      "04002359003035",
      "04002359016042",
      "05400141147537"
    ],
    "topCategoryName": "Kruidenierswaren/Droge voeding",
    "topCategoryId": "233",
    "businessDomain": "RETAIL_BE",
    "IsPrivateLabel": false,
    "IsBiffe": false,
    "WeightconversionFactor": "0",
    "IsWeightArticle": false,
    "nutriscoreLabel": "C",
    "IsBio": false,
    "CountryOfOrigin": "NEDERLAND",
    "IsExclusivelySoldInLuxembourg": false,
    "OrderUnit": "P",
    "ShortName": "BEOR ZOETZUUR EX AN 450",
    "IsNew": false,
    "RecentQuanityOfStockUnits": "1,2",
    "LongName": "BEN'S ORIGINAL saus zoetzuur ananas 450g",
    "AlcoholVolume": "0",
    "FicCode": "E"
  },
  {
    "productId": "679",
    "technicalArticleNumber": "12237",
    "commercialArticleNumber": "12237",
    "name": "saus zoetzure gr.",
    "description": "*Zoetzure groentemix",
    "brand": "SUZI WAN",
    "seoBrand": "Suzi Wan",
    "thumbNail": "https://static.colruytgroup.com/images/200x200/std.lang.all/90/01/asset-1389001.jpg",
    "fullImage": "https://static.colruytgroup.com/images/500x500/std.lang.all/90/01/asset-1389001.jpg",
    "squareImage": "https://static.colruytgroup.com/images/500x500sq/std.lang.all/90/01/asset-1389001.jpg",
    "content": "400g",
    "walkRouteSequenceNumber": 8477,
    "price": {
      "basicPrice": 4.65,
      "recommendedQuantity": "1.0",
      "measurementUnitPrice": 11.63,
      "measurementUnit": "K",
      "isRedPrice": false,
      "pricePerUOM": 11.63,
      "activationDate": "05-03-2024",
      "recordSource": "Offline",
      "isPromoActive": "N",
      "priceChangeCode": "H"
    },
    "isAvailable": true,
    "isPriceAvailable": true,
    "inPromo": false,
    "gtin": [
      "04002359636554",
      "04002359648076"
    ],
    "topCategoryName": "Kruidenierswaren/Droge voeding",
    "topCategoryId": "233",
    "businessDomain": "RETAIL_BE",
    "IsPrivateLabel": false,
    "IsBiffe": false,
    "WeightconversionFactor": "0",
    "IsWeightArticle": false,
    "nutriscoreLabel": "C",
    "IsBio": false,
    "CountryOfOrigin": "NEDERLAND",
    "IsExclusivelySoldInLuxembourg": false,
    "OrderUnit": "P",
    "ShortName": "SW ZOETZ.SAUS GROE.400G",
    "InSeason": true,
    "IsNew": false,
    "EcoscoreLabel": "B",
    "RecentQuanityOfStockUnits": "1",
    "LongName": "SUZI WAN saus zoetzure gr. 400g",
    "AlcoholVolume": "0",
    "StartSeasonDate": "27/01/2017",
    "FicCode": "E",
    "EcoscoreValue": "73"
  },
  {
    "productId": "182127",
    "technicalArticleNumber": "3371205",
    "commercialArticleNumber": "22161",
    "name": "tagliatelle",
    "description": "*Italië\n*2 minuten",
    "brand": "BONI BIO",
    "seoBrand": "Boni Selection Bio",
    "thumbNail": "https://static.colruytgroup.com/images/200x200/std.lang.all/28/15/asset-3352815.jpg",
    "fullImage": "https://static.colruytgroup.com/images/500x500/std.lang.all/28/15/asset-3352815.jpg",
    "squareImage": "https://static.colruytgroup.com/images/500x500sq/std.lang.all/28/15/asset-3352815.jpg",
    "content": "250g",
    "walkRouteSequenceNumber": 6691,
    "price": {
      "basicPrice": 2.39,
      "recommendedQuantity": "1.0",
      "quantityPrice": 1.79,
      "quantityPriceQuantity": "2.0",
      "measurementUnitPrice": 9.56,
      "measurementUnitQuantityPrice": 7.16,
      "measurementUnit": "K",
      "isRedPrice": false,
      "pricePerUOM": 9.56,
      "activationDate": "20-03-2024",
      "recordSource": "Offline",
      "isPromoActive": "N",
      "priceChangeCode": "E",
      "quantityPricePerUOM": 7.16,
      "quantityActivationDate": "20-03-2024",
      "quantityPriceChangeCode": "H"
    },
    "isAvailable": true,
    "isPriceAvailable": true,
    "inPromo": false,
    "gtin": [
      "05400141302745",
      "05400141158793",
      "15400141158790",
      "15400141829805",
      "05400141358117",
      "15400141568452",
      "05400141568455"
    ],
    "topCategoryName": "Kruidenierswaren/Droge voeding",
    "topCategoryId": "233",
    "businessDomain": "RETAIL_BE",
    "IsPrivateLabel": true,
    "IsBiffe": false,
    "WeightconversionFactor": "0",
    "IsWeightArticle": false,
    "nutriscoreLabel": "B",
    "IsBio": true,
    "CountryOfOrigin": "BELGIË",
    "IsExclusivelySoldInLuxembourg": false,
    "OrderUnit": "P",
    "ShortName": "BS BIO TAGLIATELL.250GR",
    "IsNew": false,
    "EcoscoreLabel": "A",
    "RecentQuanityOfStockUnits": "1",
    "LongName": "BONI BIO tagliatelle 250g",
    "AlcoholVolume": "0",
    "FicCode": "I",
    "EcoscoreValue": "99"
  },
  {
    "productId": "106003",
    "technicalArticleNumber": "3134604",
    "commercialArticleNumber": "18065",
    "name": "olie rijst",
    "description": "*Rijstolie\nzonder geur",
    "brand": "KING",
    "seoBrand": "King",
    "thumbNail": "https://static.colruytgroup.com/images/200x200/std.lang.all/29/68/asset-1382968.jpg",
    "fullImage": "https://static.colruytgroup.com/images/500x500/std.lang.all/29/68/asset-1382968.jpg",
    "squareImage": "https://static.colruytgroup.com/images/500x500sq/std.lang.all/29/68/asset-1382968.jpg",
    "content": "1L",
    "walkRouteSequenceNumber": 8954,
    "price": {
      "basicPrice": 5.59,
      "recommendedQuantity": "1.0",
      "measurementUnitPrice": 5.59,
      "measurementUnit": "L",
      "isRedPrice": false,
      "pricePerUOM": 5.59,
      "activationDate": "14-11-2023",
      "recordSource": "Offline",
      "isPromoActive": "N",
      "priceChangeCode": "H"
    },
    "isAvailable": true,
    "isPriceAvailable": true,
    "inPromo": false,
    "gtin": [
      "88850282191013",
      "08850282299461",
      "08850282291519",
      "08850282291465"
    ],
    "topCategoryName": "Kruidenierswaren/Droge voeding",
    "topCategoryId": "233",
    "businessDomain": "RETAIL_BE",
    "IsPrivateLabel": false,
    "IsBiffe": false,
    "WeightconversionFactor": "0",
    "IsWeightArticle": false,
    "IsBio": false,
    "CountryOfOrigin": "THAILAND",
    "IsExclusivelySoldInLuxembourg": false,
    "OrderUnit": "P",
    "ShortName": "KING RIJSTOLIE 1L",
    "InSeason": true,
    "IsNew": false,
    "RecentQuanityOfStockUnits": "1",
    "LongName": "KING olie rijst 1L",
    "AlcoholVolume": "0",
    "StartSeasonDate": "29/09/2015",
    "FicCode": "E"
  },
  {
    "productId": "138646",
    "technicalArticleNumber": "3202566",
    "commercialArticleNumber": "34411",
    "name": "zwarte tapenade",
    "description": "*Tapenade op basis\nvan zwarte olijven,\nkappers",
    "brand": "BONI",
    "seoBrand": "Boni Selection",
    "thumbNail": "https://static.colruytgroup.com/images/200x200/std.lang.all/29/21/asset-2762921.jpg",
    "fullImage": "https://static.colruytgroup.com/images/500x500/std.lang.all/29/21/asset-2762921.jpg",
    "squareImage": "https://static.colruytgroup.com/images/500x500sq/std.lang.all/29/21/asset-2762921.jpg",
    "content": "150g",
    "walkRouteSequenceNumber": 6782,
    "price": {
      "basicPrice": 2.69,
      "recommendedQuantity": "1.0",
      "measurementUnitPrice": 17.94,
      "measurementUnit": "K",
      "isRedPrice": false,
      "pricePerUOM": 17.94,
      "activationDate": "07-03-2024",
      "recordSource": "Offline",
      "isPromoActive": "N",
      "priceChangeCode": "H"
    },
    "isAvailable": true,
    "isPriceAvailable": true,
    "inPromo": false,
    "gtin": [
      "05400141165814",
      "05400141205305",
      "05400141406306",
      "05400141916591"
    ],
    "topCategoryName": "Chips/Borrelhapjes",
    "topCategoryId": "306",
    "businessDomain": "RETAIL_BE",
    "IsPrivateLabel": true,
    "IsBiffe": false,
    "WeightconversionFactor": "0",
    "IsWeightArticle": false,
    "nutriscoreLabel": "C",
    "IsBio": false,
    "CountryOfOrigin": "BELGIË",
    "IsExclusivelySoldInLuxembourg": false,
    "OrderUnit": "P",
    "ShortName": "B ZWARTE TAPENADE 150G",
    "IsNew": false,
    "EcoscoreLabel": "C",
    "RecentQuanityOfStockUnits": "1",
    "LongName": "BONI zwarte tapenade 150g",
    "FicCode": "I",
    "EcoscoreValue": "58"
  },
  {
    "productId": "484157",
    "technicalArticleNumber": "4009865",
    "commercialArticleNumber": "4799",
    "name": "guacamole pikant",
    "brand": "WONKY",
    "seoBrand": "Wonky",
    "thumbNail": "https://static.colruytgroup.com/images/200x200/std.lang.all/03/49/asset-2460349.jpg",
    "fullImage": "https://static.colruytgroup.com/images/500x500/std.lang.all/03/49/asset-2460349.jpg",
    "squareImage": "https://static.colruytgroup.com/images/500x500sq/std.lang.all/03/49/asset-2460349.jpg",
    "content": "150g",
    "walkRouteSequenceNumber": 7762,
    "price": {
      "basicPrice": 2.99,
      "recommendedQuantity": "1.0",
      "quantityPrice": 2.75,
      "quantityPriceQuantity": "3.0",
      "measurementUnitPrice": 19.94,
      "measurementUnitQuantityPrice": 18.34,
      "measurementUnit": "K",
      "isRedPrice": false,
      "pricePerUOM": 19.94,
      "activationDate": "14-11-2023",
      "isPromoActive": "N",
      "priceChangeCode": "E",
      "quantityPricePerUOM": 18.34,
      "quantityActivationDate": "14-11-2023",
      "quantityPriceChangeCode": "E"
    },
    "isAvailable": true,
    "isPriceAvailable": true,
    "inPromo": false,
    "gtin": [
      "05425001800063",
      "05425001800070"
    ],
    "topCategoryName": "Chips/Borrelhapjes",
    "topCategoryId": "306",
    "businessDomain": "RETAIL_BE",
    "IsPrivateLabel": false,
    "IsBiffe": false,
    "WeightconversionFactor": "0",
    "IsWeightArticle": false,
    "nutriscoreLabel": "A",
    "IsBio": false,
    "CountryOfOrigin": "BELGIË",
    "IsExclusivelySoldInLuxembourg": false,
    "OrderUnit": "P",
    "ShortName": "WONK GUACAMOLE PIK.150G",
    "IsNew": false,
    "EcoscoreLabel": "B",
    "RecentQuanityOfStockUnits": "1",
    "LongName": "WONKY guacamole pikant 150g",
    "FicCode": "E",
    "EcoscoreValue": "65"
  },
  {
    "productId": "862",
    "technicalArticleNumber": "13176",
    "commercialArticleNumber": "13176",
    "name": "kruiden kaneelstokjes",
    "brand": "BONI",
    "seoBrand": "Boni Selection",
    "thumbNail": "https://static.colruytgroup.com/images/200x200/std.lang.all/83/65/asset-3028365.jpg",
    "fullImage": "https://static.colruytgroup.com/images/500x500/std.lang.all/83/65/asset-3028365.jpg",
    "squareImage": "https://static.colruytgroup.com/images/500x500sq/std.lang.all/83/65/asset-3028365.jpg",
    "content": "15g",
    "walkRouteSequenceNumber": 6394,
    "price": {
      "basicPrice": 1.14,
      "recommendedQuantity": "1.0",
      "measurementUnitPrice": 76,
      "measurementUnit": "K",
      "isRedPrice": false,
      "pricePerUOM": 76,
      "activationDate": "30-01-2024",
      "recordSource": "Offline",
      "isPromoActive": "N",
      "priceChangeCode": "H"
    },
    "isAvailable": true,
    "isPriceAvailable": true,
    "inPromo": false,
    "gtin": [
      "05400141098044",
      "05400141210248",
      "15400141098041"
    ],
    "topCategoryName": "Kruidenierswaren/Droge voeding",
    "topCategoryId": "233",
    "businessDomain": "RETAIL_BE",
    "IsPrivateLabel": true,
    "IsBiffe": false,
    "WeightconversionFactor": "0",
    "IsWeightArticle": false,
    "nutriscoreLabel": "A",
    "IsBio": false,
    "CountryOfOrigin": "INDONESIË",
    "IsExclusivelySoldInLuxembourg": false,
    "OrderUnit": "P",
    "ShortName": "BONI KANEELSTOKJES 15G",
    "IsNew": false,
    "EcoscoreLabel": "E",
    "RecentQuanityOfStockUnits": "1,12",
    "LongName": "BONI kruiden kaneelstokjes 15g",
    "AlcoholVolume": "0",
    "FicCode": "I",
    "EcoscoreValue": "14"
  },
  {
    "productId": "253827",
    "technicalArticleNumber": "3623723",
    "commercialArticleNumber": "18987",
    "name": "woksaus milde curry",
    "brand": "BONI",
    "seoBrand": "Boni Selection",
    "thumbNail": "https://static.colruytgroup.com/images/200x200/std.lang.all/32/02/asset-2503202.jpg",
    "fullImage": "https://static.colruytgroup.com/images/500x500/std.lang.all/32/02/asset-2503202.jpg",
    "squareImage": "https://static.colruytgroup.com/images/500x500sq/std.lang.all/32/02/asset-2503202.jpg",
    "content": "200ml",
    "walkRouteSequenceNumber": 8484,
    "price": {
      "basicPrice": 2.49,
      "recommendedQuantity": "1.0",
      "measurementUnitPrice": 12.45,
      "measurementUnit": "L",
      "isRedPrice": false,
      "pricePerUOM": 12.45,
      "activationDate": "14-06-2023",
      "isPromoActive": "N",
      "priceChangeCode": "E"
    },
    "isAvailable": true,
    "isPriceAvailable": true,
    "inPromo": false,
    "gtin": [
      "05400141634624",
      "15400141634621",
      "15400141290452",
      "05400141290455",
      "05400141046274"
    ],
    "topCategoryName": "Kruidenierswaren/Droge voeding",
    "topCategoryId": "233",
    "businessDomain": "RETAIL_BE",
    "IsPrivateLabel": true,
    "IsBiffe": false,
    "WeightconversionFactor": "0",
    "IsWeightArticle": false,
    "nutriscoreLabel": "E",
    "IsBio": false,
    "CountryOfOrigin": "NEDERLAND",
    "IsExclusivelySoldInLuxembourg": false,
    "OrderUnit": "P",
    "ShortName": "BONI MIL.CURRY WOK200ML",
    "IsNew": false,
    "EcoscoreLabel": "A",
    "RecentQuanityOfStockUnits": "1",
    "LongName": "BONI woksaus milde curry 200ml",
    "AlcoholVolume": "0",
    "FicCode": "I",
    "EcoscoreValue": "98"
  },
  {
    "productId": "50749",
    "technicalArticleNumber": "2400631",
    "commercialArticleNumber": "36654",
    "name": "soep pompoen suprême",
    "description": "*Pompoenroomsoep",
    "brand": "ROYCO CRUNCHY",
    "seoBrand": "Royco Crunchy",
    "thumbNail": "https://static.colruytgroup.com/images/200x200/std.lang.all/36/84/asset-3353684.jpg",
    "fullImage": "https://static.colruytgroup.com/images/500x500/std.lang.all/36/84/asset-3353684.jpg",
    "squareImage": "https://static.colruytgroup.com/images/500x500sq/std.lang.all/36/84/asset-3353684.jpg",
    "content": "20st",
    "walkRouteSequenceNumber": 16915,
    "price": {
      "basicPrice": 9.99,
      "recommendedQuantity": "1.0",
      "measurementUnitPrice": 22.2,
      "measurementUnit": "K",
      "isRedPrice": false,
      "pricePerUOM": 22.2,
      "activationDate": "20-03-2024",
      "recordSource": "Offline",
      "isPromoActive": "N",
      "priceChangeCode": "L"
    },
    "isAvailable": true,
    "isPriceAvailable": true,
    "inPromo": false,
    "gtin": [
      "05414972100289",
      "05414972700281"
    ],
    "topCategoryName": "Kruidenierswaren/Droge voeding",
    "topCategoryId": "233",
    "businessDomain": "RETAIL_BE",
    "IsPrivateLabel": false,
    "IsBiffe": false,
    "WeightconversionFactor": "0",
    "IsWeightArticle": false,
    "nutriscoreLabel": "C",
    "IsBio": false,
    "CountryOfOrigin": "NEDERLAND",
    "IsExclusivelySoldInLuxembourg": false,
    "OrderUnit": "P",
    "ShortName": "RMS CRUN.POM.SUP 20 Z",
    "IsNew": false,
    "EcoscoreLabel": "B",
    "RecentQuanityOfStockUnits": "1,8",
    "LongName": "ROYCO CRUNCHY soep pompoen suprême 20st",
    "AlcoholVolume": "0",
    "FicCode": "E",
    "EcoscoreValue": "75"
  },
  {
    "productId": "116",
    "technicalArticleNumber": "13639",
    "commercialArticleNumber": "13639",
    "name": "kruiden spaghetti",
    "brand": "EVERYDAY",
    "seoBrand": "Everyday",
    "thumbNail": "https://static.colruytgroup.com/images/200x200/std.lang.all/08/34/asset-1370834.jpg",
    "fullImage": "https://static.colruytgroup.com/images/500x500/std.lang.all/08/34/asset-1370834.jpg",
    "squareImage": "https://static.colruytgroup.com/images/500x500sq/std.lang.all/08/34/asset-1370834.jpg",
    "content": "150g",
    "walkRouteSequenceNumber": 6402,
    "price": {
      "basicPrice": 0.89,
      "recommendedQuantity": "1.0",
      "measurementUnitPrice": 5.94,
      "measurementUnit": "K",
      "isRedPrice": false,
      "pricePerUOM": 5.94,
      "activationDate": "14-12-2023",
      "recordSource": "Offline",
      "isPromoActive": "N",
      "priceChangeCode": "H"
    },
    "isAvailable": true,
    "isPriceAvailable": true,
    "inPromo": false,
    "gtin": [
      "00000025836394",
      "05400141137378",
      "05400141159769",
      "05400141167061",
      "15400141159766"
    ],
    "topCategoryName": "Kruidenierswaren/Droge voeding",
    "topCategoryId": "233",
    "businessDomain": "RETAIL_BE",
    "IsPrivateLabel": true,
    "IsBiffe": false,
    "WeightconversionFactor": "0",
    "IsWeightArticle": false,
    "nutriscoreLabel": "E",
    "IsBio": false,
    "CountryOfOrigin": "BELGIË",
    "IsExclusivelySoldInLuxembourg": false,
    "OrderUnit": "P",
    "ShortName": "EVD SPAGH KRUID150G",
    "IsNew": false,
    "EcoscoreLabel": "E",
    "RecentQuanityOfStockUnits": "1,28",
    "LongName": "EVERYDAY kruiden spaghetti 150g",
    "AlcoholVolume": "0",
    "FicCode": "I",
    "EcoscoreValue": "7"
  },
  {
    "productId": "620974",
    "technicalArticleNumber": "4300189",
    "commercialArticleNumber": "23564",
    "name": "bolognesesaus",
    "brand": "BARILLA",
    "seoBrand": "Barilla",
    "thumbNail": "https://static.colruytgroup.com/images/200x200/std.lang.all/97/55/asset-3139755.jpg",
    "fullImage": "https://static.colruytgroup.com/images/500x500/std.lang.all/97/55/asset-3139755.jpg",
    "squareImage": "https://static.colruytgroup.com/images/500x500sq/std.lang.all/97/55/asset-3139755.jpg",
    "content": "400g",
    "walkRouteSequenceNumber": 8392,
    "price": {
      "basicPrice": 4.22,
      "recommendedQuantity": "1.0",
      "measurementUnitPrice": 10.55,
      "measurementUnit": "K",
      "isRedPrice": false,
      "pricePerUOM": 10.55,
      "activationDate": "22-03-2024",
      "recordSource": "Offline",
      "isPromoActive": "N",
      "priceChangeCode": "L"
    },
    "isAvailable": true,
    "isPriceAvailable": true,
    "inPromo": false,
    "gtin": [
      "08076809036672",
      "08076809513678"
    ],
    "topCategoryName": "Kruidenierswaren/Droge voeding",
    "topCategoryId": "233",
    "businessDomain": "RETAIL_BE",
    "IsPrivateLabel": false,
    "IsBiffe": false,
    "WeightconversionFactor": "0",
    "IsWeightArticle": false,
    "nutriscoreLabel": "C",
    "IsBio": false,
    "CountryOfOrigin": "ITALIË",
    "IsExclusivelySoldInLuxembourg": false,
    "OrderUnit": "P",
    "ShortName": "BARI BOLOGN.SAUS 400G",
    "InSeason": true,
    "IsNew": false,
    "EcoscoreLabel": "E",
    "RecentQuanityOfStockUnits": "1,6",
    "LongName": "BARILLA bolognesesaus 400g",
    "StartSeasonDate": "21/10/2020",
    "FicCode": "E",
    "EcoscoreValue": "5"
  },
  {
    "productId": "64483",
    "technicalArticleNumber": "2770810",
    "commercialArticleNumber": "43304",
    "name": "tomaat-pasta-kippenballetjes",
    "description": "*Tomatensoep met\nkippenballetjes",
    "brand": "LIEBIG",
    "seoBrand": "Liebig",
    "thumbNail": "https://static.colruytgroup.com/images/200x200/nl_be/99/30/asset-1549930.jpg",
    "fullImage": "https://static.colruytgroup.com/images/500x500/nl_be/99/30/asset-1549930.jpg",
    "squareImage": "https://static.colruytgroup.com/images/500x500sq/nl_be/99/30/asset-1549930.jpg",
    "content": "1L",
    "walkRouteSequenceNumber": 16882,
    "price": {
      "basicPrice": 4.89,
      "recommendedQuantity": "1.0",
      "measurementUnitPrice": 4.89,
      "measurementUnit": "L",
      "isRedPrice": false,
      "pricePerUOM": 4.89,
      "activationDate": "22-03-2024",
      "recordSource": "Offline",
      "isPromoActive": "N",
      "priceChangeCode": "H"
    },
    "isAvailable": true,
    "isPriceAvailable": true,
    "inPromo": false,
    "gtin": [
      "05414972104348",
      "05414972705903"
    ],
    "topCategoryName": "Kruidenierswaren/Droge voeding",
    "topCategoryId": "233",
    "businessDomain": "RETAIL_BE",
    "IsPrivateLabel": false,
    "IsBiffe": false,
    "WeightconversionFactor": "0",
    "IsWeightArticle": false,
    "nutriscoreLabel": "B",
    "IsBio": false,
    "CountryOfOrigin": "FRANKRIJK",
    "IsExclusivelySoldInLuxembourg": false,
    "OrderUnit": "P",
    "ShortName": "LIEB TOM-PASTA-KIP.1L",
    "IsNew": false,
    "EcoscoreLabel": "D",
    "RecentQuanityOfStockUnits": "1,8",
    "LongName": "LIEBIG tomaat-pasta-kippenballetjes 1L",
    "AlcoholVolume": "0",
    "FicCode": "E",
    "EcoscoreValue": "32"
  },
  {
    "productId": "779690",
    "technicalArticleNumber": "4573971",
    "commercialArticleNumber": "28659",
    "name": "pudding chocolade",
    "description": "*Instant pudding\n*Zonder koken",
    "brand": "DR.OETKER SAROMA",
    "seoBrand": "Dr.Oetker Saroma",
    "thumbNail": "https://static.colruytgroup.com/images/200x200/std.lang.all/12/98/asset-2821298.jpg",
    "fullImage": "https://static.colruytgroup.com/images/500x500/std.lang.all/12/98/asset-2821298.jpg",
    "squareImage": "https://static.colruytgroup.com/images/500x500sq/std.lang.all/12/98/asset-2821298.jpg",
    "content": "80g",
    "walkRouteSequenceNumber": 9590,
    "price": {
      "basicPrice": 0.895,
      "recommendedQuantity": "4.0",
      "measurementUnitPrice": 11.19,
      "measurementUnit": "K",
      "isRedPrice": false,
      "pricePerUOM": 11.19,
      "activationDate": "20-03-2024",
      "recordSource": "Folder",
      "isPromoActive": "N",
      "priceChangeCode": "L"
    },
    "isAvailable": true,
    "isPriceAvailable": true,
    "inPromo": false,
    "gtin": [
      "05410231084345",
      "15400141510246",
      "05410231084321"
    ],
    "topCategoryName": "Kruidenierswaren/Droge voeding",
    "topCategoryId": "233",
    "businessDomain": "RETAIL_BE",
    "IsPrivateLabel": false,
    "IsBiffe": false,
    "WeightconversionFactor": "0",
    "IsWeightArticle": false,
    "nutriscoreLabel": "C",
    "IsBio": false,
    "CountryOfOrigin": "DUITSLAND",
    "IsExclusivelySoldInLuxembourg": false,
    "OrderUnit": "P",
    "ShortName": "OETK SAR.PUDDING CHOC80",
    "IsNew": false,
    "RecentQuanityOfStockUnits": "1,4",
    "LongName": "DR.OETKER SAROMA pudding chocolade 80g",
    "FicCode": "E"
  },
  {
    "productId": "641438",
    "technicalArticleNumber": "4334976",
    "commercialArticleNumber": "18782",
    "name": "kokosmelk",
    "brand": "SO THAI",
    "seoBrand": "So Thai",
    "thumbNail": "https://static.colruytgroup.com/images/200x200/std.lang.all/64/75/asset-2326475.jpg",
    "fullImage": "https://static.colruytgroup.com/images/500x500/std.lang.all/64/75/asset-2326475.jpg",
    "squareImage": "https://static.colruytgroup.com/images/500x500sq/std.lang.all/64/75/asset-2326475.jpg",
    "content": "165ml",
    "walkRouteSequenceNumber": 8488,
    "price": {
      "basicPrice": 1.95,
      "recommendedQuantity": "3.0",
      "measurementUnitPrice": 11.82,
      "measurementUnit": "L",
      "isRedPrice": false,
      "pricePerUOM": 11.82,
      "activationDate": "14-06-2023",
      "isPromoActive": "N",
      "priceChangeCode": "E"
    },
    "isAvailable": true,
    "isPriceAvailable": true,
    "inPromo": false,
    "gtin": [
      "08715017719600",
      "08715017719617",
      "08715017719594"
    ],
    "topCategoryName": "Kruidenierswaren/Droge voeding",
    "topCategoryId": "233",
    "businessDomain": "RETAIL_BE",
    "IsPrivateLabel": false,
    "IsBiffe": false,
    "WeightconversionFactor": "0",
    "IsWeightArticle": false,
    "nutriscoreLabel": "C",
    "IsBio": false,
    "CountryOfOrigin": "THAILAND",
    "IsExclusivelySoldInLuxembourg": false,
    "OrderUnit": "P",
    "ShortName": "SOTH KOKOSMELK 165ML",
    "IsNew": false,
    "EcoscoreLabel": "C",
    "RecentQuanityOfStockUnits": "1,3",
    "LongName": "SO THAI kokosmelk 165ml",
    "FicCode": "E",
    "EcoscoreValue": "58"
  },
  {
    "productId": "251657",
    "technicalArticleNumber": "3602637",
    "commercialArticleNumber": "18583",
    "name": "tikka masala saus",
    "brand": "SHARWOOD'S",
    "seoBrand": "Sharwood's",
    "thumbNail": "https://static.colruytgroup.com/images/200x200/std.lang.all/95/59/asset-2619559.jpg",
    "fullImage": "https://static.colruytgroup.com/images/500x500/std.lang.all/95/59/asset-2619559.jpg",
    "squareImage": "https://static.colruytgroup.com/images/500x500sq/std.lang.all/95/59/asset-2619559.jpg",
    "content": "420g",
    "walkRouteSequenceNumber": 8640,
    "price": {
      "basicPrice": 4.85,
      "recommendedQuantity": "1.0",
      "measurementUnitPrice": 11.55,
      "measurementUnit": "K",
      "isRedPrice": false,
      "pricePerUOM": 11.55,
      "activationDate": "21-03-2024",
      "recordSource": "Offline",
      "isPromoActive": "N",
      "priceChangeCode": "H"
    },
    "isAvailable": true,
    "isPriceAvailable": true,
    "inPromo": false,
    "gtin": [
      "05000354911743",
      "05000197101561",
      "05000117915148"
    ],
    "topCategoryName": "Kruidenierswaren/Droge voeding",
    "topCategoryId": "233",
    "businessDomain": "RETAIL_BE",
    "IsPrivateLabel": false,
    "IsBiffe": false,
    "WeightconversionFactor": "0",
    "IsWeightArticle": false,
    "nutriscoreLabel": "C",
    "IsBio": false,
    "CountryOfOrigin": "VERENIGD KONINKRIJK",
    "IsExclusivelySoldInLuxembourg": false,
    "OrderUnit": "P",
    "ShortName": "SHARW.TIKKA MASALA 420G",
    "IsNew": false,
    "EcoscoreLabel": "B",
    "RecentQuanityOfStockUnits": "1,6",
    "LongName": "SHARWOOD'S tikka masala saus 420g",
    "AlcoholVolume": "0",
    "FicCode": "E",
    "EcoscoreValue": "70"
  },
  {
    "productId": "416569",
    "technicalArticleNumber": "3937396",
    "commercialArticleNumber": "1246",
    "name": "spicy algérienne",
    "brand": "HALWA",
    "seoBrand": "Halwa",
    "thumbNail": "https://static.colruytgroup.com/images/200x200/std.lang.all/68/50/asset-1566850.jpg",
    "fullImage": "https://static.colruytgroup.com/images/500x500/std.lang.all/68/50/asset-1566850.jpg",
    "squareImage": "https://static.colruytgroup.com/images/500x500sq/std.lang.all/68/50/asset-1566850.jpg",
    "content": "500ml",
    "walkRouteSequenceNumber": 8176,
    "price": {
      "basicPrice": 2.99,
      "recommendedQuantity": "1.0",
      "measurementUnitPrice": 5.98,
      "measurementUnit": "L",
      "isRedPrice": false,
      "pricePerUOM": 5.98,
      "activationDate": "30-11-2023",
      "isPromoActive": "N",
      "priceChangeCode": "H"
    },
    "isAvailable": true,
    "isPriceAvailable": true,
    "inPromo": false,
    "gtin": [
      "05425031099284",
      "05425031099277"
    ],
    "topCategoryName": "Kruidenierswaren/Droge voeding",
    "topCategoryId": "233",
    "businessDomain": "RETAIL_BE",
    "IsPrivateLabel": false,
    "IsBiffe": false,
    "WeightconversionFactor": "0",
    "IsWeightArticle": false,
    "IsBio": false,
    "CountryOfOrigin": "BELGIË",
    "IsExclusivelySoldInLuxembourg": false,
    "OrderUnit": "P",
    "ShortName": "HALW SP.ALGERIE.500M",
    "IsNew": false,
    "RecentQuanityOfStockUnits": "1",
    "LongName": "HALWA spicy algérienne 500ml",
    "FicCode": "E"
  },
  {
    "productId": "378118",
    "technicalArticleNumber": "3862582",
    "commercialArticleNumber": "22544",
    "name": "jagersaus",
    "description": "*Droge saus\n*Zachte smaak\n*Makkelijk doseren\n*Warm gerecht\n*Klaar voor gebruik",
    "brand": "KNORR",
    "seoBrand": "Knorr",
    "thumbNail": "https://static.colruytgroup.com/images/200x200/std.lang.all/22/98/asset-2802298.jpg",
    "fullImage": "https://static.colruytgroup.com/images/500x500/std.lang.all/22/98/asset-2802298.jpg",
    "squareImage": "https://static.colruytgroup.com/images/500x500sq/std.lang.all/22/98/asset-2802298.jpg",
    "content": "3x26g",
    "walkRouteSequenceNumber": 8270,
    "price": {
      "basicPrice": 3.35,
      "recommendedQuantity": "2.0",
      "measurementUnitPrice": 42.95,
      "measurementUnit": "K",
      "isRedPrice": false,
      "pricePerUOM": 42.95,
      "activationDate": "28-02-2024",
      "recordSource": "Offline",
      "isPromoActive": "N",
      "priceChangeCode": "H"
    },
    "isAvailable": true,
    "isPriceAvailable": true,
    "inPromo": false,
    "gtin": [
      "05400141237405",
      "08712423007291",
      "08712423007284"
    ],
    "topCategoryName": "Kruidenierswaren/Droge voeding",
    "topCategoryId": "233",
    "businessDomain": "RETAIL_BE",
    "IsPrivateLabel": false,
    "IsBiffe": false,
    "WeightconversionFactor": "0",
    "IsWeightArticle": false,
    "nutriscoreLabel": "C",
    "IsBio": false,
    "CountryOfOrigin": "FRANKRIJK",
    "IsExclusivelySoldInLuxembourg": false,
    "OrderUnit": "P",
    "ShortName": "KNOR JAGERSAUS 3X26G",
    "IsNew": false,
    "EcoscoreLabel": "C",
    "RecentQuanityOfStockUnits": "1,2",
    "LongName": "KNORR jagersaus 3x26g",
    "AlcoholVolume": "0",
    "FicCode": "E",
    "EcoscoreValue": "57"
  },
  {
    "productId": "158010",
    "technicalArticleNumber": "3283575",
    "commercialArticleNumber": "8179",
    "name": "burgersaus TD",
    "description": "*BBQ assortiment",
    "brand": "DEVOS LEMMENS",
    "seoBrand": "Devos Lemmens",
    "thumbNail": "https://static.colruytgroup.com/images/200x200/std.lang.all/00/80/asset-2440080.jpg",
    "fullImage": "https://static.colruytgroup.com/images/500x500/std.lang.all/00/80/asset-2440080.jpg",
    "squareImage": "https://static.colruytgroup.com/images/500x500sq/std.lang.all/00/80/asset-2440080.jpg",
    "content": "300ml",
    "walkRouteSequenceNumber": 8138,
    "price": {
      "basicPrice": 4.15,
      "recommendedQuantity": "1.0",
      "measurementUnitPrice": 13.84,
      "measurementUnit": "L",
      "isRedPrice": false,
      "pricePerUOM": 13.84,
      "activationDate": "16-01-2024",
      "recordSource": "Offline",
      "isPromoActive": "N",
      "priceChangeCode": "H"
    },
    "isAvailable": true,
    "isPriceAvailable": true,
    "inPromo": false,
    "gtin": [
      "05414972115061",
      "05414972715063"
    ],
    "topCategoryName": "Kruidenierswaren/Droge voeding",
    "topCategoryId": "233",
    "businessDomain": "RETAIL_BE",
    "IsPrivateLabel": false,
    "IsBiffe": false,
    "WeightconversionFactor": "0",
    "IsWeightArticle": false,
    "nutriscoreLabel": "D",
    "IsBio": false,
    "CountryOfOrigin": "BELGIË",
    "IsExclusivelySoldInLuxembourg": false,
    "OrderUnit": "P",
    "ShortName": "DVL BURGERSAUS SQ300",
    "InSeason": true,
    "IsNew": false,
    "EcoscoreLabel": "D",
    "RecentQuanityOfStockUnits": "1",
    "LongName": "DEVOS LEMMENS burgersaus TD 300ml",
    "AlcoholVolume": "0",
    "StartSeasonDate": "02/09/2021",
    "FicCode": "E",
    "EcoscoreValue": "34"
  },
  {
    "productId": "799828",
    "technicalArticleNumber": "4613249",
    "commercialArticleNumber": "10246",
    "name": "Pastasaus tomaat-mascarpone",
    "description": "*Pastasaus met\ntomaat-mascarpone",
    "brand": "BONI",
    "seoBrand": "Boni Selection",
    "thumbNail": "https://static.colruytgroup.com/images/200x200/std.lang.all/59/37/asset-2945937.jpg",
    "fullImage": "https://static.colruytgroup.com/images/500x500/std.lang.all/59/37/asset-2945937.jpg",
    "squareImage": "https://static.colruytgroup.com/images/500x500sq/std.lang.all/59/37/asset-2945937.jpg",
    "content": "250g",
    "walkRouteSequenceNumber": 6625,
    "price": {
      "basicPrice": 2.76,
      "recommendedQuantity": "1.0",
      "measurementUnitPrice": 11.04,
      "measurementUnit": "K",
      "isRedPrice": false,
      "pricePerUOM": 11.04,
      "activationDate": "29-01-2024",
      "recordSource": "Offline",
      "isPromoActive": "N",
      "priceChangeCode": "E"
    },
    "isAvailable": true,
    "isPriceAvailable": true,
    "inPromo": false,
    "gtin": [
      "15400141594987",
      "05400141594980"
    ],
    "topCategoryName": "Kruidenierswaren/Droge voeding",
    "topCategoryId": "233",
    "businessDomain": "RETAIL_BE",
    "IsPrivateLabel": true,
    "IsBiffe": false,
    "WeightconversionFactor": "0",
    "IsWeightArticle": false,
    "nutriscoreLabel": "C",
    "IsBio": false,
    "CountryOfOrigin": "NEDERLAND",
    "IsExclusivelySoldInLuxembourg": false,
    "OrderUnit": "P",
    "ShortName": "BONI PASTASAU.TOM-MA250",
    "IsNew": false,
    "EcoscoreLabel": "B",
    "RecentQuanityOfStockUnits": "1",
    "LongName": "BONI Pastasaus tomaat-mascarpone 250g",
    "FicCode": "I",
    "EcoscoreValue": "69"
  },
  {
    "productId": "219810",
    "technicalArticleNumber": "3489768",
    "commercialArticleNumber": "50522",
    "name": "pastasaus arrabiata",
    "brand": "BERTOLLI",
    "seoBrand": "Bertolli",
    "thumbNail": "https://static.colruytgroup.com/images/200x200/std.lang.all/93/21/asset-2809321.jpg",
    "fullImage": "https://static.colruytgroup.com/images/500x500/std.lang.all/93/21/asset-2809321.jpg",
    "squareImage": "https://static.colruytgroup.com/images/500x500sq/std.lang.all/93/21/asset-2809321.jpg",
    "content": "400g",
    "walkRouteSequenceNumber": 8345,
    "price": {
      "basicPrice": 3.89,
      "recommendedQuantity": "1.0",
      "measurementUnitPrice": 9.73,
      "measurementUnit": "K",
      "isRedPrice": false,
      "pricePerUOM": 9.73,
      "activationDate": "15-03-2024",
      "recordSource": "Offline",
      "isPromoActive": "N",
      "priceChangeCode": "L"
    },
    "isAvailable": true,
    "isPriceAvailable": true,
    "inPromo": false,
    "gtin": [
      "08712247232275",
      "08712247232282",
      "08712566105786",
      "08712566523450"
    ],
    "topCategoryName": "Kruidenierswaren/Droge voeding",
    "topCategoryId": "233",
    "businessDomain": "RETAIL_BE",
    "IsPrivateLabel": false,
    "IsBiffe": false,
    "WeightconversionFactor": "0",
    "IsWeightArticle": false,
    "nutriscoreLabel": "A",
    "IsBio": false,
    "CountryOfOrigin": "NEDERLAND",
    "IsExclusivelySoldInLuxembourg": false,
    "OrderUnit": "P",
    "ShortName": "BERTOLLI ARRABIATA 400G",
    "IsNew": false,
    "EcoscoreLabel": "B",
    "RecentQuanityOfStockUnits": "1",
    "LongName": "BERTOLLI pastasaus arrabiata 400g",
    "AlcoholVolume": "0",
    "FicCode": "E",
    "EcoscoreValue": "69"
  },
  {
    "productId": "745253",
    "technicalArticleNumber": "4512947",
    "commercialArticleNumber": "6537",
    "name": "lookteentjes basilicum",
    "description": "*Knoflookteentjes\nmet basilicum",
    "brand": "BONI",
    "seoBrand": "Boni Selection",
    "thumbNail": "https://static.colruytgroup.com/images/200x200/std.lang.all/16/21/asset-2741621.jpg",
    "fullImage": "https://static.colruytgroup.com/images/500x500/std.lang.all/16/21/asset-2741621.jpg",
    "squareImage": "https://static.colruytgroup.com/images/500x500sq/std.lang.all/16/21/asset-2741621.jpg",
    "content": "150g",
    "walkRouteSequenceNumber": 7677,
    "price": {
      "basicPrice": 3.49,
      "recommendedQuantity": "1.0",
      "measurementUnitPrice": 23.27,
      "measurementUnit": "K",
      "isRedPrice": false,
      "pricePerUOM": 23.27,
      "activationDate": "26-01-2024",
      "recordSource": "Offline",
      "isPromoActive": "N",
      "priceChangeCode": "L"
    },
    "isAvailable": true,
    "isPriceAvailable": true,
    "inPromo": false,
    "gtin": [
      "05400141886276",
      "05400141460261"
    ],
    "topCategoryName": "Chips/Borrelhapjes",
    "topCategoryId": "306",
    "businessDomain": "RETAIL_BE",
    "IsPrivateLabel": true,
    "IsBiffe": false,
    "WeightconversionFactor": "0",
    "IsWeightArticle": false,
    "nutriscoreLabel": "D",
    "IsBio": false,
    "CountryOfOrigin": "CHINA (VOLKSREBUPLIEK)",
    "IsExclusivelySoldInLuxembourg": false,
    "OrderUnit": "P",
    "ShortName": "BONI LOOKT. BASIL 150G",
    "IsNew": false,
    "RecentQuanityOfStockUnits": "1",
    "LongName": "BONI lookteentjes basilicum 150g",
    "FicCode": "I"
  },
  {
    "productId": "169978",
    "technicalArticleNumber": "3379532",
    "commercialArticleNumber": "6418",
    "name": "rijst sushi",
    "brand": "BLUE DRAGON",
    "seoBrand": "Blue Dragon",
    "thumbNail": "https://static.colruytgroup.com/images/200x200/std.lang.all/95/55/asset-2619555.jpg",
    "fullImage": "https://static.colruytgroup.com/images/500x500/std.lang.all/95/55/asset-2619555.jpg",
    "squareImage": "https://static.colruytgroup.com/images/500x500sq/std.lang.all/95/55/asset-2619555.jpg",
    "content": "500g",
    "walkRouteSequenceNumber": 8684,
    "price": {
      "basicPrice": 4.49,
      "recommendedQuantity": "1.0",
      "measurementUnitPrice": 8.98,
      "measurementUnit": "K",
      "isRedPrice": false,
      "pricePerUOM": 8.98,
      "activationDate": "17-02-2024",
      "recordSource": "Offline",
      "isPromoActive": "N",
      "priceChangeCode": "H"
    },
    "isAvailable": true,
    "isPriceAvailable": true,
    "inPromo": false,
    "gtin": [
      "05010338303273",
      "05015612201146",
      "05015612907826",
      "05015612907161",
      "05015612102726"
    ],
    "topCategoryName": "Kruidenierswaren/Droge voeding",
    "topCategoryId": "233",
    "businessDomain": "RETAIL_BE",
    "IsPrivateLabel": false,
    "IsBiffe": false,
    "WeightconversionFactor": "0",
    "IsWeightArticle": false,
    "nutriscoreLabel": "B",
    "IsBio": false,
    "CountryOfOrigin": "VERENIGD KONINKRIJK",
    "IsExclusivelySoldInLuxembourg": false,
    "OrderUnit": "P",
    "ShortName": "BLUE DR.SUSHIRIJST 500G",
    "IsNew": false,
    "EcoscoreLabel": "E",
    "RecentQuanityOfStockUnits": "1",
    "LongName": "BLUE DRAGON rijst sushi 500g",
    "AlcoholVolume": "0",
    "FicCode": "E",
    "EcoscoreValue": "12"
  },
  {
    "productId": "857",
    "technicalArticleNumber": "13165",
    "commercialArticleNumber": "13165",
    "name": "kruiden kruidnagel",
    "description": "*Geeft smaak aan\nwarme wijn en\nmarinades",
    "brand": "BONI",
    "seoBrand": "Boni Selection",
    "thumbNail": "https://static.colruytgroup.com/images/200x200/std.lang.all/83/63/asset-3028363.jpg",
    "fullImage": "https://static.colruytgroup.com/images/500x500/std.lang.all/83/63/asset-3028363.jpg",
    "squareImage": "https://static.colruytgroup.com/images/500x500sq/std.lang.all/83/63/asset-3028363.jpg",
    "content": "30g",
    "walkRouteSequenceNumber": 6391,
    "price": {
      "basicPrice": 2.59,
      "recommendedQuantity": "1.0",
      "measurementUnitPrice": 86.34,
      "measurementUnit": "K",
      "isRedPrice": false,
      "pricePerUOM": 86.34,
      "activationDate": "27-02-2024",
      "recordSource": "Offline",
      "isPromoActive": "N",
      "priceChangeCode": "L"
    },
    "isAvailable": true,
    "isPriceAvailable": true,
    "inPromo": false,
    "gtin": [
      "15400141097976",
      "05400141097979",
      "05400141210026"
    ],
    "topCategoryName": "Kruidenierswaren/Droge voeding",
    "topCategoryId": "233",
    "businessDomain": "RETAIL_BE",
    "IsPrivateLabel": true,
    "IsBiffe": false,
    "WeightconversionFactor": "0",
    "IsWeightArticle": false,
    "nutriscoreLabel": "B",
    "IsBio": false,
    "CountryOfOrigin": "MADAGASKAR",
    "IsExclusivelySoldInLuxembourg": false,
    "OrderUnit": "P",
    "ShortName": "BONI KRUIDNAGEL 30G",
    "IsNew": false,
    "EcoscoreLabel": "E",
    "RecentQuanityOfStockUnits": "1,12",
    "LongName": "BONI kruiden kruidnagel 30g",
    "AlcoholVolume": "0",
    "FicCode": "I",
    "EcoscoreValue": "16"
  },
  {
    "productId": "132114",
    "technicalArticleNumber": "3171600",
    "commercialArticleNumber": "37169",
    "name": "tomaten suprême brik",
    "description": "*Tomatensuprême",
    "brand": "LIEBIG",
    "seoBrand": "Liebig",
    "thumbNail": "https://static.colruytgroup.com/images/200x200/nl_be/35/82/asset-3353582.jpg",
    "fullImage": "https://static.colruytgroup.com/images/500x500/nl_be/35/82/asset-3353582.jpg",
    "squareImage": "https://static.colruytgroup.com/images/500x500sq/nl_be/35/82/asset-3353582.jpg",
    "content": "1L",
    "walkRouteSequenceNumber": 16884,
    "price": {
      "basicPrice": 5.29,
      "recommendedQuantity": "1.0",
      "measurementUnitPrice": 5.29,
      "measurementUnit": "L",
      "isRedPrice": false,
      "pricePerUOM": 5.29,
      "activationDate": "14-03-2024",
      "recordSource": "Offline",
      "isPromoActive": "N",
      "priceChangeCode": "E"
    },
    "isAvailable": true,
    "isPriceAvailable": true,
    "inPromo": false,
    "gtin": [
      "05414972110172",
      "05414972710174"
    ],
    "topCategoryName": "Kruidenierswaren/Droge voeding",
    "topCategoryId": "233",
    "businessDomain": "RETAIL_BE",
    "IsPrivateLabel": false,
    "IsBiffe": false,
    "WeightconversionFactor": "0",
    "IsWeightArticle": false,
    "nutriscoreLabel": "B",
    "IsBio": false,
    "CountryOfOrigin": "FRANKRIJK",
    "IsExclusivelySoldInLuxembourg": false,
    "OrderUnit": "P",
    "ShortName": "LIEB TOMATEN SUPREME 1L",
    "IsNew": false,
    "EcoscoreLabel": "B",
    "RecentQuanityOfStockUnits": "1,8",
    "LongName": "LIEBIG tomaten suprême brik 1L",
    "AlcoholVolume": "0",
    "FicCode": "E",
    "EcoscoreValue": "78"
  },
  {
    "productId": "831",
    "technicalArticleNumber": "13059",
    "commercialArticleNumber": "13059",
    "name": "olie arachide",
    "description": "*Koude en warme\nbereidingen,\nbasis voor sauzen,\nfrituren\n*100% arachideolie",
    "brand": "VANDEMOORTELE",
    "seoBrand": "Vandemoortele",
    "thumbNail": "https://static.colruytgroup.com/images/200x200/std.lang.all/44/72/asset-2434472.jpg",
    "fullImage": "https://static.colruytgroup.com/images/500x500/std.lang.all/44/72/asset-2434472.jpg",
    "squareImage": "https://static.colruytgroup.com/images/500x500sq/std.lang.all/44/72/asset-2434472.jpg",
    "content": "1L",
    "walkRouteSequenceNumber": 9126,
    "price": {
      "basicPrice": 7.29,
      "recommendedQuantity": "1.0",
      "measurementUnitPrice": 7.29,
      "measurementUnit": "L",
      "isRedPrice": false,
      "pricePerUOM": 7.29,
      "activationDate": "06-03-2024",
      "recordSource": "Offline",
      "isPromoActive": "N",
      "priceChangeCode": "H"
    },
    "isAvailable": true,
    "isPriceAvailable": true,
    "inPromo": false,
    "gtin": [
      "05410093152633",
      "05410093152640",
      "05410093011800",
      "05410093145956",
      "05410093088918"
    ],
    "topCategoryName": "Kruidenierswaren/Droge voeding",
    "topCategoryId": "233",
    "businessDomain": "RETAIL_BE",
    "IsPrivateLabel": false,
    "IsBiffe": false,
    "WeightconversionFactor": "0",
    "IsWeightArticle": false,
    "nutriscoreLabel": "B",
    "IsBio": false,
    "CountryOfOrigin": "BELGIË",
    "IsExclusivelySoldInLuxembourg": false,
    "OrderUnit": "P",
    "ShortName": "VDM ARACHIDE OLIE 1L",
    "InSeason": true,
    "IsNew": false,
    "EcoscoreLabel": "E",
    "RecentQuanityOfStockUnits": "1",
    "LongName": "VANDEMOORTELE olie arachide 1L",
    "AlcoholVolume": "0",
    "StartSeasonDate": "16/01/2014",
    "FicCode": "E",
    "EcoscoreValue": "12"
  },
  {
    "productId": "689",
    "technicalArticleNumber": "12603",
    "commercialArticleNumber": "12603",
    "name": "soep kip",
    "description": "*Klassieke\nkippensoep",
    "brand": "ROYCO",
    "seoBrand": "Royco",
    "thumbNail": "https://static.colruytgroup.com/images/200x200/std.lang.all/38/55/asset-593855.jpg",
    "fullImage": "https://static.colruytgroup.com/images/500x500/std.lang.all/38/55/asset-593855.jpg",
    "squareImage": "https://static.colruytgroup.com/images/500x500sq/std.lang.all/38/55/asset-593855.jpg",
    "content": "25st",
    "walkRouteSequenceNumber": 16916,
    "price": {
      "basicPrice": 13.79,
      "recommendedQuantity": "1.0",
      "measurementUnitPrice": 47.07,
      "measurementUnit": "K",
      "isRedPrice": false,
      "pricePerUOM": 47.07,
      "activationDate": "24-02-2024",
      "isPromoActive": "N",
      "priceChangeCode": "H"
    },
    "isAvailable": true,
    "isPriceAvailable": true,
    "inPromo": false,
    "gtin": [
      "05410056186514",
      "05410056786516",
      "05414972723976"
    ],
    "topCategoryName": "Kruidenierswaren/Droge voeding",
    "topCategoryId": "233",
    "businessDomain": "RETAIL_BE",
    "IsPrivateLabel": false,
    "IsBiffe": false,
    "WeightconversionFactor": "0",
    "IsWeightArticle": false,
    "nutriscoreLabel": "C",
    "IsBio": false,
    "CountryOfOrigin": "NEDERLAND",
    "IsExclusivelySoldInLuxembourg": false,
    "OrderUnit": "P",
    "ShortName": "RMS CLASSIC KIP 25Z",
    "IsNew": false,
    "EcoscoreLabel": "B",
    "RecentQuanityOfStockUnits": "1,8",
    "LongName": "ROYCO soep kip 25st",
    "AlcoholVolume": "0",
    "FicCode": "E",
    "EcoscoreValue": "79"
  },
  {
    "productId": "19751",
    "technicalArticleNumber": "1910806",
    "commercialArticleNumber": "12757",
    "name": "kokosmelk brik",
    "description": "*Kokosmelk",
    "brand": "SUZI WAN",
    "seoBrand": "Suzi Wan",
    "thumbNail": "https://static.colruytgroup.com/images/200x200/std.lang.all/46/68/asset-1244668.jpg",
    "fullImage": "https://static.colruytgroup.com/images/500x500/std.lang.all/46/68/asset-1244668.jpg",
    "squareImage": "https://static.colruytgroup.com/images/500x500sq/std.lang.all/46/68/asset-1244668.jpg",
    "content": "500ml",
    "walkRouteSequenceNumber": 8491,
    "price": {
      "basicPrice": 6.77,
      "recommendedQuantity": "1.0",
      "measurementUnitPrice": 13.54,
      "measurementUnit": "L",
      "isRedPrice": false,
      "pricePerUOM": 13.54,
      "activationDate": "05-03-2024",
      "recordSource": "Offline",
      "isPromoActive": "N",
      "priceChangeCode": "H"
    },
    "isAvailable": true,
    "isPriceAvailable": true,
    "inPromo": false,
    "gtin": [
      "04002359648618",
      "04002359648533",
      "04002359654718"
    ],
    "topCategoryName": "Kruidenierswaren/Droge voeding",
    "topCategoryId": "233",
    "businessDomain": "RETAIL_BE",
    "IsPrivateLabel": false,
    "IsBiffe": false,
    "WeightconversionFactor": "0",
    "IsWeightArticle": false,
    "nutriscoreLabel": "D",
    "IsBio": false,
    "CountryOfOrigin": "ZWITSERLAND",
    "IsExclusivelySoldInLuxembourg": false,
    "OrderUnit": "P",
    "ShortName": "SW KOKOSMELK BRIK500ML",
    "IsNew": false,
    "EcoscoreLabel": "C",
    "RecentQuanityOfStockUnits": "1,12",
    "LongName": "SUZI WAN kokosmelk brik 500ml",
    "AlcoholVolume": "0",
    "FicCode": "E",
    "EcoscoreValue": "58"
  },
  {
    "productId": "800810",
    "technicalArticleNumber": "4615496",
    "commercialArticleNumber": "10594",
    "name": "pastasaus 5 kazen",
    "brand": "BONI",
    "seoBrand": "Boni Selection",
    "thumbNail": "https://static.colruytgroup.com/images/200x200/std.lang.all/59/38/asset-2945938.jpg",
    "fullImage": "https://static.colruytgroup.com/images/500x500/std.lang.all/59/38/asset-2945938.jpg",
    "squareImage": "https://static.colruytgroup.com/images/500x500sq/std.lang.all/59/38/asset-2945938.jpg",
    "content": "250g",
    "walkRouteSequenceNumber": 6627,
    "price": {
      "basicPrice": 2.76,
      "recommendedQuantity": "1.0",
      "measurementUnitPrice": 11.04,
      "measurementUnit": "K",
      "isRedPrice": false,
      "pricePerUOM": 11.04,
      "activationDate": "29-01-2024",
      "recordSource": "Offline",
      "isPromoActive": "N",
      "priceChangeCode": "E"
    },
    "isAvailable": true,
    "isPriceAvailable": true,
    "inPromo": false,
    "gtin": [
      "05400141595505",
      "15400141595502"
    ],
    "topCategoryName": "Kruidenierswaren/Droge voeding",
    "topCategoryId": "233",
    "businessDomain": "RETAIL_BE",
    "IsPrivateLabel": true,
    "IsBiffe": false,
    "WeightconversionFactor": "0",
    "IsWeightArticle": false,
    "nutriscoreLabel": "C",
    "IsBio": false,
    "CountryOfOrigin": "NEDERLAND",
    "IsExclusivelySoldInLuxembourg": false,
    "OrderUnit": "P",
    "ShortName": "BONI PAS.SAUS 5KAZEN250",
    "IsNew": false,
    "EcoscoreLabel": "B",
    "RecentQuanityOfStockUnits": "1",
    "LongName": "BONI pastasaus 5 kazen 250g",
    "FicCode": "I",
    "EcoscoreValue": "70"
  },
  {
    "productId": "66529",
    "technicalArticleNumber": "2822981",
    "commercialArticleNumber": "22712",
    "name": "rijst risotto",
    "description": "*Kookbuiltjes\n*kooktijd:15 minuten",
    "brand": "BEN'S ORIGINAL",
    "seoBrand": "Ben's original",
    "thumbNail": "https://static.colruytgroup.com/images/200x200/std.lang.all/77/51/asset-2537751.jpg",
    "fullImage": "https://static.colruytgroup.com/images/500x500/std.lang.all/77/51/asset-2537751.jpg",
    "squareImage": "https://static.colruytgroup.com/images/500x500sq/std.lang.all/77/51/asset-2537751.jpg",
    "content": "500g",
    "walkRouteSequenceNumber": 8359,
    "price": {
      "basicPrice": 4.99,
      "recommendedQuantity": "2.0",
      "measurementUnitPrice": 9.98,
      "measurementUnit": "K",
      "isRedPrice": false,
      "pricePerUOM": 9.98,
      "activationDate": "20-02-2024",
      "recordSource": "Offline",
      "isPromoActive": "N",
      "priceChangeCode": "H"
    },
    "isAvailable": true,
    "isPriceAvailable": true,
    "inPromo": false,
    "gtin": [
      "05410673005175",
      "05410673005182",
      "55400141282257",
      "05410673731616",
      "05410673731609"
    ],
    "topCategoryName": "Kruidenierswaren/Droge voeding",
    "topCategoryId": "233",
    "businessDomain": "RETAIL_BE",
    "IsPrivateLabel": false,
    "IsBiffe": false,
    "WeightconversionFactor": "0",
    "IsWeightArticle": false,
    "IsBio": false,
    "CountryOfOrigin": "BELGIË",
    "IsExclusivelySoldInLuxembourg": false,
    "OrderUnit": "P",
    "ShortName": "BEOR RISOTTO 15M 500G",
    "IsNew": false,
    "RecentQuanityOfStockUnits": "1,2",
    "LongName": "BEN'S ORIGINAL rijst risotto 500g",
    "AlcoholVolume": "0",
    "FicCode": "E"
  },
  {
    "productId": "270483",
    "technicalArticleNumber": "3629784",
    "commercialArticleNumber": "19413",
    "name": "kokosroom brik",
    "brand": "SUZI WAN",
    "seoBrand": "Suzi Wan",
    "thumbNail": "https://static.colruytgroup.com/images/200x200/std.lang.all/36/08/asset-1203608.jpg",
    "fullImage": "https://static.colruytgroup.com/images/500x500/std.lang.all/36/08/asset-1203608.jpg",
    "squareImage": "https://static.colruytgroup.com/images/500x500sq/std.lang.all/36/08/asset-1203608.jpg",
    "content": "200ml",
    "walkRouteSequenceNumber": 8490,
    "price": {
      "basicPrice": 4.09,
      "recommendedQuantity": "1.0",
      "measurementUnitPrice": 20.45,
      "measurementUnit": "L",
      "isRedPrice": false,
      "pricePerUOM": 20.45,
      "activationDate": "20-03-2024",
      "recordSource": "Offline",
      "isPromoActive": "N",
      "priceChangeCode": "H"
    },
    "isAvailable": true,
    "isPriceAvailable": true,
    "inPromo": false,
    "gtin": [
      "04002359654688",
      "04002359654695"
    ],
    "topCategoryName": "Kruidenierswaren/Droge voeding",
    "topCategoryId": "233",
    "businessDomain": "RETAIL_BE",
    "IsPrivateLabel": false,
    "IsBiffe": false,
    "WeightconversionFactor": "0",
    "IsWeightArticle": false,
    "nutriscoreLabel": "D",
    "IsBio": false,
    "CountryOfOrigin": "NEDERLAND",
    "IsExclusivelySoldInLuxembourg": false,
    "OrderUnit": "P",
    "ShortName": "SW KOKOSROOM 200ML",
    "IsNew": false,
    "EcoscoreLabel": "B",
    "RecentQuanityOfStockUnits": "12,1",
    "LongName": "SUZI WAN kokosroom brik 200ml",
    "AlcoholVolume": "0",
    "FicCode": "E",
    "EcoscoreValue": "78"
  },
  {
    "productId": "63396",
    "technicalArticleNumber": "2761808",
    "commercialArticleNumber": "42015",
    "name": "frituurolie geurloos",
    "description": "*Frituren\n*100% zonnebloemolie\nrijk aan oleïnezuur",
    "brand": "BONI",
    "seoBrand": "Boni Selection",
    "thumbNail": "https://static.colruytgroup.com/images/200x200/std.lang.all/48/97/asset-1674897.jpg",
    "fullImage": "https://static.colruytgroup.com/images/500x500/std.lang.all/48/97/asset-1674897.jpg",
    "squareImage": "https://static.colruytgroup.com/images/500x500sq/std.lang.all/48/97/asset-1674897.jpg",
    "content": "2L",
    "walkRouteSequenceNumber": 9133,
    "price": {
      "basicPrice": 7.29,
      "recommendedQuantity": "1.0",
      "measurementUnitPrice": 3.65,
      "measurementUnit": "L",
      "isRedPrice": false,
      "pricePerUOM": 3.65,
      "activationDate": "12-01-2024",
      "isPromoActive": "N",
      "priceChangeCode": "H"
    },
    "isAvailable": true,
    "isPriceAvailable": true,
    "inPromo": false,
    "gtin": [
      "15400141511298",
      "05400141511291",
      "05400141437621",
      "15400141437628",
      "15400141192886",
      "05400141015461",
      "05400141192889"
    ],
    "topCategoryName": "Kruidenierswaren/Droge voeding",
    "topCategoryId": "233",
    "businessDomain": "RETAIL_BE",
    "IsPrivateLabel": true,
    "IsBiffe": false,
    "WeightconversionFactor": "0",
    "IsWeightArticle": false,
    "nutriscoreLabel": "B",
    "IsBio": false,
    "CountryOfOrigin": "FRANKRIJK",
    "IsExclusivelySoldInLuxembourg": false,
    "OrderUnit": "P",
    "ShortName": "BONI GEURL.ZON FRIT 2L",
    "IsNew": false,
    "EcoscoreLabel": "B",
    "RecentQuanityOfStockUnits": "1,6",
    "LongName": "BONI frituurolie geurloos 2L",
    "AlcoholVolume": "0",
    "FicCode": "I",
    "EcoscoreValue": "75"
  },
  {
    "productId": "15817",
    "technicalArticleNumber": "1639582",
    "commercialArticleNumber": "31604",
    "name": "olijven groen&zwart paprika",
    "description": "*Mix groen en zwart\n*Ontpit\n*Griekenland",
    "brand": "BONI",
    "seoBrand": "Boni Selection",
    "thumbNail": "https://static.colruytgroup.com/images/200x200/std.lang.all/16/13/asset-2741613.jpg",
    "fullImage": "https://static.colruytgroup.com/images/500x500/std.lang.all/16/13/asset-2741613.jpg",
    "squareImage": "https://static.colruytgroup.com/images/500x500sq/std.lang.all/16/13/asset-2741613.jpg",
    "content": "150g",
    "walkRouteSequenceNumber": 7678,
    "price": {
      "basicPrice": 2.89,
      "recommendedQuantity": "1.0",
      "measurementUnitPrice": 19.27,
      "measurementUnit": "K",
      "isRedPrice": false,
      "pricePerUOM": 19.27,
      "activationDate": "14-11-2023",
      "recordSource": "Offline",
      "isPromoActive": "N",
      "priceChangeCode": "E"
    },
    "isAvailable": true,
    "isPriceAvailable": true,
    "inPromo": false,
    "gtin": [
      "05400141886221",
      "05400141088113",
      "15400141088110",
      "05400141406290",
      "05400141085716",
      "15400141987390",
      "05400141697995",
      "05400141488074"
    ],
    "topCategoryName": "Chips/Borrelhapjes",
    "topCategoryId": "306",
    "businessDomain": "RETAIL_BE",
    "IsPrivateLabel": true,
    "IsBiffe": false,
    "WeightconversionFactor": "0",
    "IsWeightArticle": false,
    "nutriscoreLabel": "C",
    "IsBio": false,
    "CountryOfOrigin": "GRIEKENLAND",
    "IsExclusivelySoldInLuxembourg": false,
    "OrderUnit": "P",
    "ShortName": "BONI GR.ZW.OLI.PAP.150G",
    "IsNew": false,
    "EcoscoreLabel": "A",
    "RecentQuanityOfStockUnits": "1",
    "LongName": "BONI olijven groen&zwart paprika 150g",
    "AlcoholVolume": "0",
    "FicCode": "I",
    "EcoscoreValue": "96"
  },
  {
    "productId": "294380",
    "technicalArticleNumber": "3676977",
    "commercialArticleNumber": "22234",
    "name": "saus bearnaise Brik",
    "description": "*Droge saus\n*Zachte smaak\n*Makkelijk doseren\n*Warm gerechten\n*Klaar voor gebruik",
    "brand": "KNORR",
    "seoBrand": "Knorr",
    "thumbNail": "https://static.colruytgroup.com/images/200x200/std.lang.all/44/84/asset-2804484.jpg",
    "fullImage": "https://static.colruytgroup.com/images/500x500/std.lang.all/44/84/asset-2804484.jpg",
    "squareImage": "https://static.colruytgroup.com/images/500x500sq/std.lang.all/44/84/asset-2804484.jpg",
    "content": "300ml",
    "walkRouteSequenceNumber": 8267,
    "price": {
      "basicPrice": 3.55,
      "recommendedQuantity": "2.0",
      "measurementUnitPrice": 11.84,
      "measurementUnit": "L",
      "isRedPrice": false,
      "pricePerUOM": 11.84,
      "activationDate": "04-01-2024",
      "recordSource": "Offline",
      "isPromoActive": "N",
      "priceChangeCode": "E"
    },
    "isAvailable": true,
    "isPriceAvailable": true,
    "inPromo": false,
    "gtin": [
      "08714100696347",
      "08711200373116",
      "08711200373093",
      "05400141002515",
      "08714100952917"
    ],
    "topCategoryName": "Kruidenierswaren/Droge voeding",
    "topCategoryId": "233",
    "businessDomain": "RETAIL_BE",
    "IsPrivateLabel": false,
    "IsBiffe": false,
    "WeightconversionFactor": "0",
    "IsWeightArticle": false,
    "nutriscoreLabel": "C",
    "IsBio": false,
    "CountryOfOrigin": "FRANKRIJK",
    "IsExclusivelySoldInLuxembourg": false,
    "OrderUnit": "P",
    "ShortName": "KNOR TETRA BEARNAISE300",
    "IsNew": false,
    "EcoscoreLabel": "D",
    "RecentQuanityOfStockUnits": "2,1,12",
    "LongName": "KNORR saus bearnaise Brik 300ml",
    "AlcoholVolume": "0",
    "FicCode": "E",
    "EcoscoreValue": "29"
  },
  {
    "productId": "158909",
    "technicalArticleNumber": "3275740",
    "commercialArticleNumber": "44434",
    "name": "roomrijstpap original blik",
    "description": "Romig rijstdessert van magere melk.\nWordt zowel warm als koud gegeten,\nmet fruit, jam of bruine suiker.\nPer 100 g: 120 kcal (500 kJ); eiwit:\n3 g; koolh.: 19 g; vetstoffen: 3 g.",
    "brand": "BOSS",
    "seoBrand": "Boss",
    "thumbNail": "https://static.colruytgroup.com/images/200x200/std.lang.all/83/68/asset-598368.jpg",
    "fullImage": "https://static.colruytgroup.com/images/500x500/std.lang.all/83/68/asset-598368.jpg",
    "squareImage": "https://static.colruytgroup.com/images/500x500sq/std.lang.all/83/68/asset-598368.jpg",
    "content": "400g",
    "walkRouteSequenceNumber": 9582,
    "price": {
      "basicPrice": 1.99,
      "recommendedQuantity": "6.0",
      "measurementUnitPrice": 4.98,
      "measurementUnit": "K",
      "isRedPrice": false,
      "pricePerUOM": 4.98,
      "activationDate": "02-02-2024",
      "recordSource": "Offline",
      "isPromoActive": "N",
      "priceChangeCode": "E"
    },
    "isAvailable": true,
    "isPriceAvailable": true,
    "inPromo": false,
    "gtin": [
      "05410106080915",
      "15410106080912",
      "05410106080908"
    ],
    "topCategoryName": "Kruidenierswaren/Droge voeding",
    "topCategoryId": "233",
    "businessDomain": "RETAIL_BE",
    "IsPrivateLabel": false,
    "IsBiffe": false,
    "WeightconversionFactor": "0",
    "IsWeightArticle": false,
    "nutriscoreLabel": "A",
    "IsBio": false,
    "CountryOfOrigin": "BELGIË",
    "IsExclusivelySoldInLuxembourg": false,
    "OrderUnit": "P",
    "ShortName": "BOSS ROOMRIJST NAT 400G",
    "IsNew": false,
    "EcoscoreLabel": "A",
    "RecentQuanityOfStockUnits": "1,6",
    "LongName": "BOSS roomrijstpap original blik 400g",
    "AlcoholVolume": "0",
    "FicCode": "E",
    "EcoscoreValue": "88"
  },
  {
    "productId": "201249",
    "technicalArticleNumber": "3422777",
    "commercialArticleNumber": "11645",
    "name": "paneermeel peterselie paprika",
    "description": "*Versgebakken brood\n*Peterselie/paprika\n*Paneren kroketten\n*Paneren vlees/vis\n*Zonder bewaarmiddel",
    "brand": "ANCO",
    "seoBrand": "Anco",
    "thumbNail": "https://static.colruytgroup.com/images/200x200/std.lang.all/27/23/asset-822723.jpg",
    "fullImage": "https://static.colruytgroup.com/images/500x500/std.lang.all/27/23/asset-822723.jpg",
    "squareImage": "https://static.colruytgroup.com/images/500x500sq/std.lang.all/27/23/asset-822723.jpg",
    "content": "200g",
    "walkRouteSequenceNumber": 9707,
    "price": {
      "basicPrice": 2.95,
      "recommendedQuantity": "1.0",
      "measurementUnitPrice": 14.75,
      "measurementUnit": "K",
      "isRedPrice": false,
      "pricePerUOM": 14.75,
      "activationDate": "22-06-2023",
      "recordSource": "Offline",
      "isPromoActive": "N",
      "priceChangeCode": "H"
    },
    "isAvailable": true,
    "isPriceAvailable": true,
    "inPromo": false,
    "gtin": [
      "15410028632329",
      "05410028632322",
      "05410018632318",
      "05410018302136"
    ],
    "topCategoryName": "Kruidenierswaren/Droge voeding",
    "topCategoryId": "233",
    "businessDomain": "RETAIL_BE",
    "IsPrivateLabel": false,
    "IsBiffe": false,
    "WeightconversionFactor": "0",
    "IsWeightArticle": false,
    "nutriscoreLabel": "D",
    "IsBio": false,
    "CountryOfOrigin": "NEDERLAND",
    "IsExclusivelySoldInLuxembourg": false,
    "OrderUnit": "P",
    "ShortName": "ANCO PANEERM.PE/PAP200G",
    "InSeason": true,
    "IsNew": false,
    "RecentQuanityOfStockUnits": "1,1",
    "LongName": "ANCO paneermeel peterselie paprika 200g",
    "AlcoholVolume": "0",
    "StartSeasonDate": "31/03/2021",
    "FicCode": "E"
  },
  {
    "productId": "704475",
    "technicalArticleNumber": "4439123",
    "commercialArticleNumber": "25091",
    "name": "mayonaise met eieren",
    "brand": "ECONOM",
    "seoBrand": "Econom",
    "thumbNail": "https://static.colruytgroup.com/images/200x200/std.lang.all/08/30/asset-2450830.jpg",
    "fullImage": "https://static.colruytgroup.com/images/500x500/std.lang.all/08/30/asset-2450830.jpg",
    "squareImage": "https://static.colruytgroup.com/images/500x500sq/std.lang.all/08/30/asset-2450830.jpg",
    "content": "4,75kg",
    "walkRouteSequenceNumber": 8071,
    "price": {
      "basicPrice": 12.79,
      "recommendedQuantity": "1.0",
      "measurementUnitPrice": 2.7,
      "measurementUnit": "K",
      "isRedPrice": false,
      "pricePerUOM": 2.7,
      "activationDate": "12-07-2023",
      "isPromoActive": "N",
      "priceChangeCode": "E"
    },
    "isAvailable": true,
    "isPriceAvailable": true,
    "inPromo": false,
    "gtin": [
      "05404009107091",
      "05404009110022"
    ],
    "topCategoryName": "Kruidenierswaren/Droge voeding",
    "topCategoryId": "233",
    "businessDomain": "RETAIL_BE",
    "IsPrivateLabel": true,
    "IsBiffe": false,
    "WeightconversionFactor": "0",
    "IsWeightArticle": false,
    "nutriscoreLabel": "E",
    "IsBio": false,
    "CountryOfOrigin": "DUITSLAND",
    "IsExclusivelySoldInLuxembourg": false,
    "OrderUnit": "P",
    "ShortName": "HC ECON MAYON.EI 4.75KG",
    "IsNew": false,
    "EcoscoreLabel": "C",
    "RecentQuanityOfStockUnits": "1",
    "LongName": "ECONOM mayonaise met eieren 4,75kg",
    "FicCode": "I",
    "EcoscoreValue": "45"
  },
  {
    "productId": "657139",
    "technicalArticleNumber": "4358299",
    "commercialArticleNumber": "23964",
    "name": "rijstpapier",
    "brand": "SO THAI",
    "seoBrand": "So Thai",
    "thumbNail": "https://static.colruytgroup.com/images/200x200/std.lang.all/00/50/asset-2330050.jpg",
    "fullImage": "https://static.colruytgroup.com/images/500x500/std.lang.all/00/50/asset-2330050.jpg",
    "squareImage": "https://static.colruytgroup.com/images/500x500sq/std.lang.all/00/50/asset-2330050.jpg",
    "content": "200g",
    "walkRouteSequenceNumber": 8658,
    "price": {
      "basicPrice": 3.18,
      "recommendedQuantity": "1.0",
      "measurementUnitPrice": 15.9,
      "measurementUnit": "K",
      "isRedPrice": false,
      "pricePerUOM": 15.9,
      "activationDate": "20-02-2024",
      "recordSource": "Offline",
      "isPromoActive": "N",
      "priceChangeCode": "H"
    },
    "isAvailable": true,
    "isPriceAvailable": true,
    "inPromo": false,
    "gtin": [
      "08715017720699",
      "08715017720682"
    ],
    "topCategoryName": "Kruidenierswaren/Droge voeding",
    "topCategoryId": "233",
    "businessDomain": "RETAIL_BE",
    "IsPrivateLabel": false,
    "IsBiffe": false,
    "WeightconversionFactor": "0",
    "IsWeightArticle": false,
    "nutriscoreLabel": "C",
    "IsBio": false,
    "CountryOfOrigin": "THAILAND",
    "IsExclusivelySoldInLuxembourg": false,
    "OrderUnit": "P",
    "ShortName": "SOTH RIJSTPAPIER 200G",
    "IsNew": false,
    "EcoscoreLabel": "C",
    "RecentQuanityOfStockUnits": "1",
    "LongName": "SO THAI rijstpapier 200g",
    "FicCode": "E",
    "EcoscoreValue": "42"
  },
  {
    "productId": "817356",
    "technicalArticleNumber": "4647396",
    "commercialArticleNumber": "29640",
    "name": "bearnaise warme saus",
    "brand": "DEVOS LEMMENS",
    "seoBrand": "Devos Lemmens",
    "thumbNail": "https://static.colruytgroup.com/images/200x200/std.lang.all/56/18/asset-2875618.jpg",
    "fullImage": "https://static.colruytgroup.com/images/500x500/std.lang.all/56/18/asset-2875618.jpg",
    "squareImage": "https://static.colruytgroup.com/images/500x500sq/std.lang.all/56/18/asset-2875618.jpg",
    "content": "200g",
    "walkRouteSequenceNumber": 8261,
    "price": {
      "basicPrice": 2.59,
      "recommendedQuantity": "1.0",
      "measurementUnitPrice": 12.95,
      "measurementUnit": "K",
      "isRedPrice": false,
      "pricePerUOM": 12.95,
      "activationDate": "13-03-2024",
      "recordSource": "Offline",
      "isPromoActive": "N",
      "priceChangeCode": "L"
    },
    "isAvailable": true,
    "isPriceAvailable": true,
    "inPromo": false,
    "gtin": [
      "05414972711591",
      "05414972111599"
    ],
    "topCategoryName": "Kruidenierswaren/Droge voeding",
    "topCategoryId": "233",
    "businessDomain": "RETAIL_BE",
    "IsPrivateLabel": false,
    "IsBiffe": false,
    "WeightconversionFactor": "0",
    "IsWeightArticle": false,
    "nutriscoreLabel": "C",
    "IsBio": false,
    "CountryOfOrigin": "BELGIË",
    "IsExclusivelySoldInLuxembourg": false,
    "OrderUnit": "P",
    "ShortName": "DVL BEAR.WARM.SAUS 200",
    "IsNew": false,
    "EcoscoreLabel": "D",
    "RecentQuanityOfStockUnits": "1",
    "LongName": "DEVOS LEMMENS bearnaise warme saus 200g",
    "FicCode": "E",
    "EcoscoreValue": "29"
  },
  {
    "productId": "58709",
    "technicalArticleNumber": "2341114",
    "commercialArticleNumber": "24083",
    "name": "saus cockt.light TD",
    "description": "*50% minder vet",
    "brand": "DEVOS LEMMENS",
    "seoBrand": "Devos Lemmens",
    "thumbNail": "https://static.colruytgroup.com/images/200x200/std.lang.all/36/09/asset-383609.jpg",
    "fullImage": "https://static.colruytgroup.com/images/500x500/std.lang.all/36/09/asset-383609.jpg",
    "squareImage": "https://static.colruytgroup.com/images/500x500sq/std.lang.all/36/09/asset-383609.jpg",
    "content": "300ml",
    "walkRouteSequenceNumber": 8136,
    "price": {
      "basicPrice": 3.99,
      "recommendedQuantity": "1.0",
      "measurementUnitPrice": 13.3,
      "measurementUnit": "L",
      "isRedPrice": false,
      "pricePerUOM": 13.3,
      "activationDate": "17-02-2024",
      "recordSource": "Offline",
      "isPromoActive": "N",
      "priceChangeCode": "E"
    },
    "isAvailable": true,
    "isPriceAvailable": true,
    "inPromo": false,
    "gtin": [
      "05410056199392",
      "05410056799394"
    ],
    "topCategoryName": "Kruidenierswaren/Droge voeding",
    "topCategoryId": "233",
    "businessDomain": "RETAIL_BE",
    "IsPrivateLabel": false,
    "IsBiffe": false,
    "WeightconversionFactor": "0",
    "IsWeightArticle": false,
    "nutriscoreLabel": "D",
    "IsBio": false,
    "CountryOfOrigin": "BELGIË",
    "IsExclusivelySoldInLuxembourg": false,
    "OrderUnit": "P",
    "ShortName": "DVL COCK LIGHT SQ 300ML",
    "IsNew": false,
    "EcoscoreLabel": "D",
    "RecentQuanityOfStockUnits": "1",
    "LongName": "DEVOS LEMMENS saus cockt.light TD 300ml",
    "AlcoholVolume": "0",
    "FicCode": "E",
    "EcoscoreValue": "34"
  },
  {
    "productId": "183769",
    "technicalArticleNumber": "3435713",
    "commercialArticleNumber": "50113",
    "name": "appelkappertjes azijn",
    "description": "*Appelkappertjes op\nazijn",
    "brand": "BONI",
    "seoBrand": "Boni Selection",
    "thumbNail": "https://static.colruytgroup.com/images/200x200/std.lang.all/60/48/asset-2986048.jpg",
    "fullImage": "https://static.colruytgroup.com/images/500x500/std.lang.all/60/48/asset-2986048.jpg",
    "squareImage": "https://static.colruytgroup.com/images/500x500sq/std.lang.all/60/48/asset-2986048.jpg",
    "content": "340g",
    "walkRouteSequenceNumber": 16381,
    "price": {
      "basicPrice": 1.4,
      "recommendedQuantity": "1.0",
      "measurementUnitPrice": 7.78,
      "measurementUnit": "K",
      "isRedPrice": false,
      "pricePerUOM": 7.78,
      "activationDate": "16-03-2024",
      "recordSource": "Offline",
      "isPromoActive": "N",
      "priceChangeCode": "H"
    },
    "isAvailable": true,
    "isPriceAvailable": true,
    "inPromo": false,
    "gtin": [
      "05400141664867",
      "15400141664864",
      "05400141057591",
      "05400141355734",
      "05400141392197",
      "15400141057598",
      "15400141392194"
    ],
    "topCategoryName": "Chips/Borrelhapjes",
    "topCategoryId": "306",
    "businessDomain": "RETAIL_BE",
    "IsPrivateLabel": true,
    "IsBiffe": false,
    "WeightconversionFactor": "0",
    "IsWeightArticle": false,
    "nutriscoreLabel": "C",
    "IsBio": false,
    "CountryOfOrigin": "SPANJE",
    "IsExclusivelySoldInLuxembourg": false,
    "OrderUnit": "P",
    "ShortName": "BONI AP.KAP.AZ.340G",
    "InSeason": true,
    "IsNew": false,
    "RecentQuanityOfStockUnits": "1,1",
    "LongName": "BONI appelkappertjes azijn 340g",
    "AlcoholVolume": "0",
    "StartSeasonDate": "15/03/2017",
    "FicCode": "I"
  },
  {
    "productId": "138990",
    "technicalArticleNumber": "3176722",
    "commercialArticleNumber": "44283",
    "name": "saus zoetzuur",
    "brand": "BEN'S ORIGINAL",
    "seoBrand": "Ben's original",
    "thumbNail": "https://static.colruytgroup.com/images/200x200/std.lang.all/77/53/asset-2537753.jpg",
    "fullImage": "https://static.colruytgroup.com/images/500x500/std.lang.all/77/53/asset-2537753.jpg",
    "squareImage": "https://static.colruytgroup.com/images/500x500sq/std.lang.all/77/53/asset-2537753.jpg",
    "content": "450g",
    "walkRouteSequenceNumber": 8250,
    "price": {
      "basicPrice": 3.37,
      "recommendedQuantity": "2.0",
      "measurementUnitPrice": 7.49,
      "measurementUnit": "K",
      "isRedPrice": false,
      "pricePerUOM": 7.49,
      "activationDate": "16-03-2024",
      "recordSource": "Offline",
      "isPromoActive": "N",
      "priceChangeCode": "H"
    },
    "isAvailable": true,
    "isPriceAvailable": true,
    "inPromo": false,
    "gtin": [
      "04002359003059",
      "05400141147551",
      "04002359003066",
      "04002359016097",
      "04002359016080"
    ],
    "topCategoryName": "Kruidenierswaren/Droge voeding",
    "topCategoryId": "233",
    "businessDomain": "RETAIL_BE",
    "IsPrivateLabel": false,
    "IsBiffe": false,
    "WeightconversionFactor": "0",
    "IsWeightArticle": false,
    "nutriscoreLabel": "C",
    "IsBio": false,
    "CountryOfOrigin": "NEDERLAND",
    "IsExclusivelySoldInLuxembourg": false,
    "OrderUnit": "P",
    "ShortName": "BEOR ZOETZUUR 450G",
    "IsNew": false,
    "RecentQuanityOfStockUnits": "2,1,6",
    "LongName": "BEN'S ORIGINAL saus zoetzuur 450g",
    "AlcoholVolume": "0",
    "FicCode": "E"
  },
  {
    "productId": "11742",
    "technicalArticleNumber": "1358365",
    "commercialArticleNumber": "28924",
    "name": "olijven gr&zw paprika look",
    "description": "* Mix groen en zwart\n* Ontpit\n* Griekenland\n* Met paprika, look en kruiden gevuld",
    "brand": "BONI",
    "seoBrand": "Boni Selection",
    "thumbNail": "https://static.colruytgroup.com/images/200x200/std.lang.all/16/05/asset-2741605.jpg",
    "fullImage": "https://static.colruytgroup.com/images/500x500/std.lang.all/16/05/asset-2741605.jpg",
    "squareImage": "https://static.colruytgroup.com/images/500x500sq/std.lang.all/16/05/asset-2741605.jpg",
    "content": "1,25kg",
    "walkRouteSequenceNumber": 7695,
    "price": {
      "basicPrice": 10.95,
      "recommendedQuantity": "1.0",
      "quantityPrice": 10.51,
      "quantityPriceQuantity": "3.0",
      "measurementUnitPrice": 8.76,
      "measurementUnitQuantityPrice": 8.41,
      "measurementUnit": "K",
      "isRedPrice": false,
      "pricePerUOM": 8.76,
      "activationDate": "17-11-2023",
      "isPromoActive": "N",
      "priceChangeCode": "E",
      "quantityPricePerUOM": 8.41,
      "quantityActivationDate": "17-11-2023",
      "quantityPriceChangeCode": "E"
    },
    "isAvailable": true,
    "isPriceAvailable": true,
    "inPromo": false,
    "gtin": [
      "05400141406542",
      "05400141088137",
      "05400141886252",
      "05400141090673",
      "05400141705942",
      "15400141987406"
    ],
    "topCategoryName": "Chips/Borrelhapjes",
    "topCategoryId": "306",
    "businessDomain": "RETAIL_BE",
    "IsPrivateLabel": true,
    "IsBiffe": false,
    "WeightconversionFactor": "0",
    "IsWeightArticle": false,
    "nutriscoreLabel": "D",
    "IsBio": false,
    "CountryOfOrigin": "BELGIË",
    "IsExclusivelySoldInLuxembourg": false,
    "OrderUnit": "P",
    "ShortName": "HC BONI OL.G&Z PAP1.25K",
    "InSeason": true,
    "IsNew": false,
    "EcoscoreLabel": "A",
    "RecentQuanityOfStockUnits": "1,1",
    "LongName": "BONI olijven gr&zw paprika look 1,25kg",
    "StartSeasonDate": "14/03/2005",
    "FicCode": "I",
    "EcoscoreValue": "96"
  },
  {
    "productId": "104423",
    "technicalArticleNumber": "3102063",
    "commercialArticleNumber": "42828",
    "name": "ketchup curry",
    "brand": "HEINZ",
    "seoBrand": "Heinz",
    "thumbNail": "https://static.colruytgroup.com/images/200x200/std.lang.all/00/55/asset-370055.jpg",
    "fullImage": "https://static.colruytgroup.com/images/500x500/std.lang.all/00/55/asset-370055.jpg",
    "squareImage": "https://static.colruytgroup.com/images/500x500sq/std.lang.all/00/55/asset-370055.jpg",
    "content": "590ml",
    "walkRouteSequenceNumber": 8196,
    "price": {
      "basicPrice": 3.59,
      "recommendedQuantity": "1.0",
      "measurementUnitPrice": 6.09,
      "measurementUnit": "L",
      "isRedPrice": false,
      "pricePerUOM": 6.09,
      "activationDate": "26-01-2024",
      "recordSource": "Offline",
      "isPromoActive": "N",
      "priceChangeCode": "L"
    },
    "isAvailable": true,
    "isPriceAvailable": true,
    "inPromo": false,
    "gtin": [
      "08715700419596",
      "08715700419602"
    ],
    "topCategoryName": "Kruidenierswaren/Droge voeding",
    "topCategoryId": "233",
    "businessDomain": "RETAIL_BE",
    "IsPrivateLabel": false,
    "IsBiffe": false,
    "WeightconversionFactor": "0",
    "IsWeightArticle": false,
    "nutriscoreLabel": "D",
    "IsBio": false,
    "CountryOfOrigin": "EUROPA",
    "IsExclusivelySoldInLuxembourg": false,
    "OrderUnit": "P",
    "ShortName": "HEINZ CURRYKETCH 590ML",
    "InSeason": true,
    "IsNew": false,
    "EcoscoreLabel": "B",
    "RecentQuanityOfStockUnits": "1",
    "LongName": "HEINZ ketchup curry 590ml",
    "AlcoholVolume": "0",
    "StartSeasonDate": "25/03/2015",
    "FicCode": "E",
    "EcoscoreValue": "74"
  },
  {
    "productId": "881",
    "technicalArticleNumber": "13235",
    "commercialArticleNumber": "13235",
    "name": "tijmtakjes zakje",
    "description": "*Geeft smaak aan\nwildgerechten, lam-,\nen kipgerechten",
    "brand": "BONI",
    "seoBrand": "Boni Selection",
    "thumbNail": "https://static.colruytgroup.com/images/200x200/std.lang.all/00/12/asset-1830012.jpg",
    "fullImage": "https://static.colruytgroup.com/images/500x500/std.lang.all/00/12/asset-1830012.jpg",
    "squareImage": "https://static.colruytgroup.com/images/500x500sq/std.lang.all/00/12/asset-1830012.jpg",
    "content": "20g",
    "walkRouteSequenceNumber": 6487,
    "price": {
      "basicPrice": 1.98,
      "recommendedQuantity": "1.0",
      "measurementUnitPrice": 99,
      "measurementUnit": "K",
      "isRedPrice": false,
      "pricePerUOM": 99,
      "activationDate": "31-01-2024",
      "recordSource": "Offline",
      "isPromoActive": "N",
      "priceChangeCode": "L"
    },
    "isAvailable": true,
    "isPriceAvailable": true,
    "inPromo": false,
    "gtin": [
      "05400141098921",
      "15400141960768"
    ],
    "topCategoryName": "Kruidenierswaren/Droge voeding",
    "topCategoryId": "233",
    "businessDomain": "RETAIL_BE",
    "IsPrivateLabel": true,
    "IsBiffe": false,
    "WeightconversionFactor": "0",
    "IsWeightArticle": false,
    "nutriscoreLabel": "A",
    "IsBio": false,
    "CountryOfOrigin": "POLEN",
    "IsExclusivelySoldInLuxembourg": false,
    "OrderUnit": "P",
    "ShortName": "BONI THYM ZAK 20G",
    "IsNew": false,
    "EcoscoreLabel": "C",
    "RecentQuanityOfStockUnits": "1",
    "LongName": "BONI tijmtakjes zakje 20g",
    "AlcoholVolume": "0",
    "FicCode": "I",
    "EcoscoreValue": "48"
  },
  {
    "productId": "25120",
    "technicalArticleNumber": "2176778",
    "commercialArticleNumber": "14956",
    "name": "kruiden paprika",
    "brand": "BONI",
    "seoBrand": "Boni Selection",
    "thumbNail": "https://static.colruytgroup.com/images/200x200/std.lang.all/11/11/asset-521111.jpg",
    "fullImage": "https://static.colruytgroup.com/images/500x500/std.lang.all/11/11/asset-521111.jpg",
    "squareImage": "https://static.colruytgroup.com/images/500x500sq/std.lang.all/11/11/asset-521111.jpg",
    "content": "550g",
    "walkRouteSequenceNumber": 6423,
    "price": {
      "basicPrice": 7.26,
      "recommendedQuantity": "1.0",
      "measurementUnitPrice": 13.2,
      "measurementUnit": "K",
      "isRedPrice": false,
      "pricePerUOM": 13.2,
      "activationDate": "23-01-2024",
      "isPromoActive": "N",
      "priceChangeCode": "L"
    },
    "isAvailable": true,
    "isPriceAvailable": true,
    "inPromo": false,
    "gtin": [
      "05400141098914",
      "15400141149569",
      "15400141960744"
    ],
    "topCategoryName": "Kruidenierswaren/Droge voeding",
    "topCategoryId": "233",
    "businessDomain": "RETAIL_BE",
    "IsPrivateLabel": true,
    "IsBiffe": false,
    "WeightconversionFactor": "0",
    "IsWeightArticle": false,
    "nutriscoreLabel": "A",
    "IsBio": false,
    "CountryOfOrigin": "SPANJE",
    "IsExclusivelySoldInLuxembourg": false,
    "OrderUnit": "P",
    "ShortName": "BONI PAPRIKA 550G",
    "IsNew": false,
    "EcoscoreLabel": "E",
    "RecentQuanityOfStockUnits": "1",
    "LongName": "BONI kruiden paprika 550g",
    "AlcoholVolume": "0",
    "FicCode": "I",
    "EcoscoreValue": "7"
  },
  {
    "productId": "833",
    "technicalArticleNumber": "13062",
    "commercialArticleNumber": "13062",
    "name": "olie maïs",
    "description": "*Koude en warme\nbereidingen,\nbasis voor sauzen\n*100% maïsolie",
    "brand": "VANDEMOORTELE",
    "seoBrand": "Vandemoortele",
    "thumbNail": "https://static.colruytgroup.com/images/200x200/std.lang.all/46/68/asset-2434668.jpg",
    "fullImage": "https://static.colruytgroup.com/images/500x500/std.lang.all/46/68/asset-2434668.jpg",
    "squareImage": "https://static.colruytgroup.com/images/500x500sq/std.lang.all/46/68/asset-2434668.jpg",
    "content": "1L",
    "walkRouteSequenceNumber": 9130,
    "price": {
      "basicPrice": 4.89,
      "recommendedQuantity": "1.0",
      "measurementUnitPrice": 4.89,
      "measurementUnit": "L",
      "isRedPrice": false,
      "pricePerUOM": 4.89,
      "activationDate": "23-03-2024",
      "recordSource": "Offline",
      "isPromoActive": "N",
      "priceChangeCode": "L"
    },
    "isAvailable": true,
    "isPriceAvailable": true,
    "inPromo": false,
    "gtin": [
      "05410093001610",
      "05410093901613",
      "05410093012890"
    ],
    "topCategoryName": "Kruidenierswaren/Droge voeding",
    "topCategoryId": "233",
    "businessDomain": "RETAIL_BE",
    "IsPrivateLabel": false,
    "IsBiffe": false,
    "WeightconversionFactor": "0",
    "IsWeightArticle": false,
    "nutriscoreLabel": "C",
    "IsBio": false,
    "CountryOfOrigin": "BELGIË",
    "IsExclusivelySoldInLuxembourg": false,
    "OrderUnit": "P",
    "ShortName": "VDM MAIS OLIE 1L",
    "IsNew": false,
    "EcoscoreLabel": "D",
    "RecentQuanityOfStockUnits": "1,15",
    "LongName": "VANDEMOORTELE olie maïs 1L",
    "AlcoholVolume": "0",
    "FicCode": "E",
    "EcoscoreValue": "35"
  },
  {
    "productId": "611767",
    "technicalArticleNumber": "4285480",
    "commercialArticleNumber": "17492",
    "name": "pastasnack carbonara XXL",
    "description": "*Snack\n*Klaar voor gebruik\n*Makkelijk bereiden\n*Instant maaltijd\n*Carbonara smaak",
    "brand": "KNORR",
    "seoBrand": "Knorr",
    "thumbNail": "https://static.colruytgroup.com/images/200x200/std.lang.all/49/05/asset-2794905.jpg",
    "fullImage": "https://static.colruytgroup.com/images/500x500/std.lang.all/49/05/asset-2794905.jpg",
    "squareImage": "https://static.colruytgroup.com/images/500x500sq/std.lang.all/49/05/asset-2794905.jpg",
    "content": "92g",
    "walkRouteSequenceNumber": 17020,
    "price": {
      "basicPrice": 2.59,
      "recommendedQuantity": "1.0",
      "measurementUnitPrice": 28.16,
      "measurementUnit": "K",
      "isRedPrice": false,
      "pricePerUOM": 28.16,
      "activationDate": "22-03-2024",
      "recordSource": "Offline",
      "isPromoActive": "N",
      "priceChangeCode": "L"
    },
    "isAvailable": true,
    "isPriceAvailable": true,
    "inPromo": true,
    "promotion": [
      {
        "techPromoId": "100944COLR",
        "promotionId": "100944",
        "promotionType": "4",
        "isPersonalized": "N",
        "publicationStartDate": "13-03-2024",
        "publicationEndDate": "26-03-2024"
      }
    ],
    "gtin": [
      "08710522617977",
      "08710522617960"
    ],
    "topCategoryName": "Kruidenierswaren/Droge voeding",
    "topCategoryId": "233",
    "businessDomain": "RETAIL_BE",
    "IsPrivateLabel": false,
    "IsBiffe": false,
    "WeightconversionFactor": "0",
    "IsWeightArticle": false,
    "IsBio": false,
    "CountryOfOrigin": "NEDERLAND",
    "IsExclusivelySoldInLuxembourg": false,
    "OrderUnit": "P",
    "ShortName": "KN PASTASN.CARBON.XXL92",
    "IsNew": false,
    "EcoscoreLabel": "C",
    "RecentQuanityOfStockUnits": "1,8",
    "LongName": "KNORR pastasnack carbonara XXL 92g",
    "FicCode": "E",
    "EcoscoreValue": "50"
  },
  {
    "productId": "190021",
    "technicalArticleNumber": "3460531",
    "commercialArticleNumber": "50314",
    "name": "soep tomaat groente ball.",
    "description": "*Tomaten-groentesoep\nmet balletjes",
    "brand": "BONI",
    "seoBrand": "Boni Selection",
    "thumbNail": "https://static.colruytgroup.com/images/200x200/std.lang.all/60/94/asset-2076094.jpg",
    "fullImage": "https://static.colruytgroup.com/images/500x500/std.lang.all/60/94/asset-2076094.jpg",
    "squareImage": "https://static.colruytgroup.com/images/500x500sq/std.lang.all/60/94/asset-2076094.jpg",
    "content": "460ml",
    "walkRouteSequenceNumber": 16890,
    "price": {
      "basicPrice": 1.69,
      "recommendedQuantity": "1.0",
      "measurementUnitPrice": 3.68,
      "measurementUnit": "L",
      "isRedPrice": false,
      "pricePerUOM": 3.68,
      "activationDate": "27-02-2024",
      "recordSource": "Offline",
      "isPromoActive": "N",
      "priceChangeCode": "E"
    },
    "isAvailable": true,
    "isPriceAvailable": true,
    "inPromo": false,
    "gtin": [
      "05400141236613",
      "05400141127539",
      "15400141283638",
      "05400141283631",
      "05400141740646",
      "15400141740643"
    ],
    "topCategoryName": "Kruidenierswaren/Droge voeding",
    "topCategoryId": "233",
    "businessDomain": "RETAIL_BE",
    "IsPrivateLabel": true,
    "IsBiffe": false,
    "WeightconversionFactor": "0",
    "IsWeightArticle": false,
    "nutriscoreLabel": "C",
    "IsBio": false,
    "CountryOfOrigin": "BELGIË",
    "IsExclusivelySoldInLuxembourg": false,
    "OrderUnit": "P",
    "ShortName": "BONI TOM.GR.BAL.460ML",
    "InSeason": true,
    "IsNew": false,
    "EcoscoreLabel": "C",
    "RecentQuanityOfStockUnits": "1,3",
    "LongName": "BONI soep tomaat groente ball. 460ml",
    "AlcoholVolume": "0",
    "StartSeasonDate": "24/07/2023",
    "FicCode": "I",
    "EcoscoreValue": "59"
  },
  {
    "productId": "806",
    "technicalArticleNumber": "13489",
    "commercialArticleNumber": "13489",
    "name": "rode uien",
    "description": "Rode uien op azijn.",
    "brand": "BONI",
    "seoBrand": "Boni Selection",
    "thumbNail": "https://static.colruytgroup.com/images/200x200/std.lang.all/78/36/asset-727836.jpg",
    "fullImage": "https://static.colruytgroup.com/images/500x500/std.lang.all/78/36/asset-727836.jpg",
    "squareImage": "https://static.colruytgroup.com/images/500x500sq/std.lang.all/78/36/asset-727836.jpg",
    "content": "660g",
    "walkRouteSequenceNumber": 16382,
    "price": {
      "basicPrice": 3.69,
      "recommendedQuantity": "1.0",
      "measurementUnitPrice": 9.23,
      "measurementUnit": "K",
      "isRedPrice": false,
      "pricePerUOM": 9.23,
      "activationDate": "07-02-2024",
      "recordSource": "Offline",
      "isPromoActive": "N",
      "priceChangeCode": "L"
    },
    "isAvailable": true,
    "isPriceAvailable": true,
    "inPromo": false,
    "gtin": [
      "05400141302226",
      "05400141857719",
      "15400141857716",
      "15400141960676",
      "05400141098860"
    ],
    "topCategoryName": "Kruidenierswaren/Droge voeding",
    "topCategoryId": "233",
    "businessDomain": "RETAIL_BE",
    "IsPrivateLabel": true,
    "IsBiffe": false,
    "WeightconversionFactor": "0",
    "IsWeightArticle": false,
    "nutriscoreLabel": "C",
    "IsBio": false,
    "CountryOfOrigin": "BELGIË",
    "IsExclusivelySoldInLuxembourg": false,
    "OrderUnit": "P",
    "ShortName": "BONI RODE UIEN AMB660G",
    "IsNew": false,
    "EcoscoreLabel": "A",
    "RecentQuanityOfStockUnits": "1",
    "LongName": "BONI rode uien 660g",
    "AlcoholVolume": "0",
    "FicCode": "I",
    "EcoscoreValue": "91"
  },
  {
    "productId": "64",
    "technicalArticleNumber": "14106",
    "commercialArticleNumber": "14106",
    "name": "pudding aardbei",
    "description": "Instantpudding, zonder koken.\nAardbeiensmaak.\nVoor 4 porties.",
    "brand": "DR.OETKER SAROMA",
    "seoBrand": "Dr.Oetker Saroma",
    "thumbNail": "https://static.colruytgroup.com/images/200x200/std.lang.all/18/73/asset-3141873.jpg",
    "fullImage": "https://static.colruytgroup.com/images/500x500/std.lang.all/18/73/asset-3141873.jpg",
    "squareImage": "https://static.colruytgroup.com/images/500x500sq/std.lang.all/18/73/asset-3141873.jpg",
    "content": "74g",
    "walkRouteSequenceNumber": 9592,
    "price": {
      "basicPrice": 0.895,
      "recommendedQuantity": "4.0",
      "measurementUnitPrice": 12.1,
      "measurementUnit": "K",
      "isRedPrice": false,
      "pricePerUOM": 12.1,
      "activationDate": "20-03-2024",
      "recordSource": "Folder",
      "isPromoActive": "N",
      "priceChangeCode": "L"
    },
    "isAvailable": true,
    "isPriceAvailable": true,
    "inPromo": false,
    "gtin": [
      "05410231063241",
      "08714700028791",
      "05410231064446",
      "05410231064422",
      "05410231063227"
    ],
    "topCategoryName": "Kruidenierswaren/Droge voeding",
    "topCategoryId": "233",
    "businessDomain": "RETAIL_BE",
    "IsPrivateLabel": false,
    "IsBiffe": false,
    "WeightconversionFactor": "0",
    "IsWeightArticle": false,
    "nutriscoreLabel": "C",
    "IsBio": false,
    "CountryOfOrigin": "DUITSLAND",
    "IsExclusivelySoldInLuxembourg": false,
    "OrderUnit": "P",
    "ShortName": "OETK SAR.PUD AARDBEI74G",
    "IsNew": false,
    "RecentQuanityOfStockUnits": "4,1",
    "LongName": "DR.OETKER SAROMA pudding aardbei 74g",
    "AlcoholVolume": "0",
    "FicCode": "E"
  },
  {
    "productId": "289958",
    "technicalArticleNumber": "3678598",
    "commercialArticleNumber": "22398",
    "name": "noodles chili yaki. pot",
    "description": "*Noedels met\nyakisobasaus",
    "brand": "NISSIN SOBA",
    "seoBrand": "Nissin Soba",
    "thumbNail": "https://static.colruytgroup.com/images/200x200/std.lang.all/47/44/asset-1204744.jpg",
    "fullImage": "https://static.colruytgroup.com/images/500x500/std.lang.all/47/44/asset-1204744.jpg",
    "squareImage": "https://static.colruytgroup.com/images/500x500sq/std.lang.all/47/44/asset-1204744.jpg",
    "content": "92g",
    "walkRouteSequenceNumber": 16976,
    "price": {
      "basicPrice": 2.59,
      "recommendedQuantity": "3.0",
      "measurementUnitPrice": 28.16,
      "measurementUnit": "K",
      "isRedPrice": false,
      "pricePerUOM": 28.16,
      "activationDate": "28-02-2024",
      "recordSource": "Offline",
      "isPromoActive": "N",
      "priceChangeCode": "H"
    },
    "isAvailable": true,
    "isPriceAvailable": true,
    "inPromo": false,
    "gtin": [
      "75400141615974",
      "05997523313135",
      "55400141312435",
      "05997523313142"
    ],
    "topCategoryName": "Kruidenierswaren/Droge voeding",
    "topCategoryId": "233",
    "businessDomain": "RETAIL_BE",
    "IsPrivateLabel": false,
    "IsBiffe": false,
    "WeightconversionFactor": "0",
    "IsWeightArticle": false,
    "nutriscoreLabel": "C",
    "IsBio": false,
    "CountryOfOrigin": "HONGARIJE",
    "IsExclusivelySoldInLuxembourg": false,
    "OrderUnit": "P",
    "ShortName": "SOBA NOEDELS CHILI 92G",
    "IsNew": false,
    "EcoscoreLabel": "C",
    "RecentQuanityOfStockUnits": "1",
    "LongName": "NISSIN SOBA noodles chili yaki. pot 92g",
    "AlcoholVolume": "0",
    "FicCode": "E",
    "EcoscoreValue": "55"
  },
  {
    "productId": "534330",
    "technicalArticleNumber": "4128912",
    "commercialArticleNumber": "9422",
    "name": "Auberginecrème",
    "brand": "BONI",
    "seoBrand": "Boni Selection",
    "thumbNail": "https://static.colruytgroup.com/images/200x200/std.lang.all/85/20/asset-2508520.jpg",
    "fullImage": "https://static.colruytgroup.com/images/500x500/std.lang.all/85/20/asset-2508520.jpg",
    "squareImage": "https://static.colruytgroup.com/images/500x500sq/std.lang.all/85/20/asset-2508520.jpg",
    "content": "150g",
    "walkRouteSequenceNumber": 7766,
    "price": {
      "basicPrice": 2.29,
      "recommendedQuantity": "1.0",
      "quantityPrice": 2.11,
      "quantityPriceQuantity": "3.0",
      "measurementUnitPrice": 15.27,
      "measurementUnitQuantityPrice": 14.07,
      "measurementUnit": "K",
      "isRedPrice": false,
      "pricePerUOM": 15.27,
      "activationDate": "18-10-2023",
      "isPromoActive": "N",
      "priceChangeCode": "E",
      "quantityPricePerUOM": 14.07,
      "quantityActivationDate": "18-10-2023",
      "quantityPriceChangeCode": "E"
    },
    "isAvailable": true,
    "isPriceAvailable": true,
    "inPromo": false,
    "gtin": [
      "15400141301745",
      "05400141301748",
      "05400141438598"
    ],
    "topCategoryName": "Chips/Borrelhapjes",
    "topCategoryId": "306",
    "businessDomain": "RETAIL_BE",
    "IsPrivateLabel": true,
    "IsBiffe": false,
    "WeightconversionFactor": "0",
    "IsWeightArticle": false,
    "nutriscoreLabel": "C",
    "IsBio": false,
    "CountryOfOrigin": "BELGIË",
    "IsExclusivelySoldInLuxembourg": false,
    "OrderUnit": "P",
    "ShortName": "BONI CREME AUBERGI.150G",
    "InSeason": true,
    "IsNew": false,
    "EcoscoreLabel": "B",
    "RecentQuanityOfStockUnits": "1",
    "LongName": "BONI Auberginecrème 150g",
    "StartSeasonDate": "31/01/2022",
    "FicCode": "I",
    "EcoscoreValue": "79"
  },
  {
    "productId": "873039",
    "technicalArticleNumber": "4727513",
    "commercialArticleNumber": "24281",
    "name": "guacamole",
    "brand": "BONI",
    "seoBrand": "Boni Selection",
    "thumbNail": "https://static.colruytgroup.com/images/200x200/std.lang.all/89/13/asset-3228913.jpg",
    "fullImage": "https://static.colruytgroup.com/images/500x500/std.lang.all/89/13/asset-3228913.jpg",
    "squareImage": "https://static.colruytgroup.com/images/500x500sq/std.lang.all/89/13/asset-3228913.jpg",
    "content": "450g",
    "walkRouteSequenceNumber": 7657,
    "price": {
      "basicPrice": 5.49,
      "recommendedQuantity": "1.0",
      "quantityPrice": 5.27,
      "quantityPriceQuantity": "3.0",
      "measurementUnitPrice": 12.2,
      "measurementUnitQuantityPrice": 11.72,
      "measurementUnit": "K",
      "isRedPrice": false,
      "pricePerUOM": 12.2,
      "activationDate": "23-05-2023",
      "isPromoActive": "N",
      "priceChangeCode": "E",
      "quantityPricePerUOM": 11.72,
      "quantityActivationDate": "23-05-2023",
      "quantityPriceChangeCode": "E"
    },
    "isAvailable": true,
    "isPriceAvailable": true,
    "inPromo": false,
    "gtin": [
      "05400141712681",
      "15400141712688"
    ],
    "topCategoryName": "Chips/Borrelhapjes",
    "topCategoryId": "306",
    "businessDomain": "RETAIL_BE",
    "IsPrivateLabel": true,
    "IsBiffe": false,
    "WeightconversionFactor": "0",
    "IsWeightArticle": false,
    "nutriscoreLabel": "C",
    "IsBio": false,
    "CountryOfOrigin": "MEXICO",
    "IsExclusivelySoldInLuxembourg": false,
    "OrderUnit": "P",
    "ShortName": "BONI GUACAMOLE 450G",
    "IsNew": false,
    "EcoscoreLabel": "C",
    "RecentQuanityOfStockUnits": "1",
    "LongName": "BONI guacamole 450g",
    "FicCode": "I",
    "EcoscoreValue": "53"
  },
  {
    "productId": "21278",
    "technicalArticleNumber": "2238337",
    "commercialArticleNumber": "4426",
    "name": "mini roomrijst vanille blik",
    "description": "Boss roomrijst vanille in handige\nmini-verpakking met easy-opening",
    "brand": "BOSS",
    "seoBrand": "Boss",
    "thumbNail": "https://static.colruytgroup.com/images/200x200/nl_be/64/05/asset-376405.jpg",
    "fullImage": "https://static.colruytgroup.com/images/500x500/nl_be/64/05/asset-376405.jpg",
    "squareImage": "https://static.colruytgroup.com/images/500x500sq/std.lang.all/64/05/asset-376405.jpg",
    "content": "200g",
    "walkRouteSequenceNumber": 9597,
    "price": {
      "basicPrice": 1.66,
      "recommendedQuantity": "6.0",
      "measurementUnitPrice": 8.3,
      "measurementUnit": "K",
      "isRedPrice": false,
      "pricePerUOM": 8.3,
      "activationDate": "07-03-2024",
      "recordSource": "Offline",
      "isPromoActive": "N",
      "priceChangeCode": "H"
    },
    "isAvailable": true,
    "isPriceAvailable": true,
    "inPromo": false,
    "gtin": [
      "05400141137231",
      "00000054102019",
      "15410106091147",
      "05410106091140"
    ],
    "topCategoryName": "Kruidenierswaren/Droge voeding",
    "topCategoryId": "233",
    "businessDomain": "RETAIL_BE",
    "IsPrivateLabel": false,
    "IsBiffe": false,
    "WeightconversionFactor": "0",
    "IsWeightArticle": false,
    "nutriscoreLabel": "C",
    "IsBio": false,
    "CountryOfOrigin": "BELGIË",
    "IsExclusivelySoldInLuxembourg": false,
    "OrderUnit": "P",
    "ShortName": "BOSS MINI VANILLE 200GR",
    "IsNew": false,
    "EcoscoreLabel": "A",
    "RecentQuanityOfStockUnits": "6,1",
    "LongName": "BOSS mini roomrijst vanille blik 200g",
    "AlcoholVolume": "0",
    "FicCode": "E",
    "EcoscoreValue": "87"
  },
  {
    "productId": "709265",
    "technicalArticleNumber": "4448921",
    "commercialArticleNumber": "26344",
    "name": "Tarama",
    "description": "*Dip op basis\nvan viseitjes",
    "brand": "BONI",
    "seoBrand": "Boni Selection",
    "thumbNail": "https://static.colruytgroup.com/images/200x200/std.lang.all/03/47/asset-3340347.jpg",
    "fullImage": "https://static.colruytgroup.com/images/500x500/std.lang.all/03/47/asset-3340347.jpg",
    "squareImage": "https://static.colruytgroup.com/images/500x500sq/std.lang.all/03/47/asset-3340347.jpg",
    "content": "175g",
    "walkRouteSequenceNumber": 6715,
    "price": {
      "basicPrice": 1.99,
      "recommendedQuantity": "1.0",
      "measurementUnitPrice": 11.38,
      "measurementUnit": "K",
      "isRedPrice": false,
      "pricePerUOM": 11.38,
      "activationDate": "07-03-2024",
      "recordSource": "Offline",
      "isPromoActive": "N",
      "priceChangeCode": "E"
    },
    "isAvailable": true,
    "isPriceAvailable": true,
    "inPromo": false,
    "gtin": [
      "05400141461343",
      "15400141461340"
    ],
    "topCategoryName": "Chips/Borrelhapjes",
    "topCategoryId": "306",
    "businessDomain": "RETAIL_BE",
    "IsPrivateLabel": true,
    "IsBiffe": false,
    "WeightconversionFactor": "0",
    "IsWeightArticle": false,
    "nutriscoreLabel": "D",
    "IsBio": false,
    "CountryOfOrigin": "BELGIË",
    "IsExclusivelySoldInLuxembourg": false,
    "OrderUnit": "P",
    "ShortName": "BONI TARAMA 175G",
    "IsNew": false,
    "EcoscoreLabel": "B",
    "RecentQuanityOfStockUnits": "1",
    "LongName": "BONI Tarama 175g",
    "FicCode": "I",
    "EcoscoreValue": "67"
  },
  {
    "productId": "218233",
    "technicalArticleNumber": "3478941",
    "commercialArticleNumber": "20442",
    "name": "saus bearnaise TD",
    "brand": "DEVOS LEMMENS",
    "seoBrand": "Devos Lemmens",
    "thumbNail": "https://static.colruytgroup.com/images/200x200/std.lang.all/31/93/asset-843193.jpg",
    "fullImage": "https://static.colruytgroup.com/images/500x500/std.lang.all/31/93/asset-843193.jpg",
    "squareImage": "https://static.colruytgroup.com/images/500x500sq/std.lang.all/31/93/asset-843193.jpg",
    "content": "300ml",
    "walkRouteSequenceNumber": 8137,
    "price": {
      "basicPrice": 3.89,
      "recommendedQuantity": "1.0",
      "measurementUnitPrice": 12.97,
      "measurementUnit": "L",
      "isRedPrice": false,
      "pricePerUOM": 12.97,
      "activationDate": "02-01-2024",
      "recordSource": "Offline",
      "isPromoActive": "N",
      "priceChangeCode": "E"
    },
    "isAvailable": true,
    "isPriceAvailable": true,
    "inPromo": false,
    "gtin": [
      "05414972716572",
      "05414972116570"
    ],
    "topCategoryName": "Kruidenierswaren/Droge voeding",
    "topCategoryId": "233",
    "businessDomain": "RETAIL_BE",
    "IsPrivateLabel": false,
    "IsBiffe": false,
    "WeightconversionFactor": "0",
    "IsWeightArticle": false,
    "nutriscoreLabel": "D",
    "IsBio": false,
    "CountryOfOrigin": "BELGIË",
    "IsExclusivelySoldInLuxembourg": false,
    "OrderUnit": "P",
    "ShortName": "DVL BEARNAISE TD 300ML",
    "IsNew": false,
    "EcoscoreLabel": "D",
    "RecentQuanityOfStockUnits": "1",
    "LongName": "DEVOS LEMMENS saus bearnaise TD 300ml",
    "AlcoholVolume": "0",
    "FicCode": "E",
    "EcoscoreValue": "29"
  },
  {
    "productId": "97392",
    "technicalArticleNumber": "2865315",
    "commercialArticleNumber": "32175",
    "name": "saus tomagrec",
    "brand": "MANNA",
    "seoBrand": "Manna",
    "thumbNail": "https://static.colruytgroup.com/images/200x200/std.lang.all/27/00/asset-352700.jpg",
    "fullImage": "https://static.colruytgroup.com/images/500x500/std.lang.all/27/00/asset-352700.jpg",
    "squareImage": "https://static.colruytgroup.com/images/500x500sq/std.lang.all/27/00/asset-352700.jpg",
    "content": "365g",
    "walkRouteSequenceNumber": 8184,
    "price": {
      "basicPrice": 2.49,
      "recommendedQuantity": "1.0",
      "measurementUnitPrice": 6.83,
      "measurementUnit": "K",
      "isRedPrice": false,
      "pricePerUOM": 6.83,
      "activationDate": "14-11-2023",
      "recordSource": "Offline",
      "isPromoActive": "N",
      "priceChangeCode": "E"
    },
    "isAvailable": true,
    "isPriceAvailable": true,
    "inPromo": false,
    "gtin": [
      "05412723013024",
      "05412723232104",
      "05412723232111"
    ],
    "topCategoryName": "Kruidenierswaren/Droge voeding",
    "topCategoryId": "233",
    "businessDomain": "RETAIL_BE",
    "IsPrivateLabel": false,
    "IsBiffe": false,
    "WeightconversionFactor": "0",
    "IsWeightArticle": false,
    "nutriscoreLabel": "C",
    "IsBio": false,
    "CountryOfOrigin": "BELGIË",
    "IsExclusivelySoldInLuxembourg": false,
    "OrderUnit": "P",
    "ShortName": "MANN TOMAGREC 365GR",
    "InSeason": true,
    "IsNew": false,
    "EcoscoreLabel": "A",
    "RecentQuanityOfStockUnits": "1",
    "LongName": "MANNA saus tomagrec 365g",
    "AlcoholVolume": "0",
    "StartSeasonDate": "02/05/2018",
    "FicCode": "E",
    "EcoscoreValue": "85"
  },
  {
    "productId": "534952",
    "technicalArticleNumber": "4128897",
    "commercialArticleNumber": "9416",
    "name": "HUMMUS PESTO",
    "brand": "BONI",
    "seoBrand": "Boni Selection",
    "thumbNail": "https://static.colruytgroup.com/images/200x200/std.lang.all/85/17/asset-2508517.jpg",
    "fullImage": "https://static.colruytgroup.com/images/500x500/std.lang.all/85/17/asset-2508517.jpg",
    "squareImage": "https://static.colruytgroup.com/images/500x500sq/std.lang.all/85/17/asset-2508517.jpg",
    "content": "150g",
    "walkRouteSequenceNumber": 6783,
    "price": {
      "basicPrice": 2.56,
      "recommendedQuantity": "1.0",
      "quantityPrice": 2.36,
      "quantityPriceQuantity": "3.0",
      "measurementUnitPrice": 17.07,
      "measurementUnitQuantityPrice": 15.74,
      "measurementUnit": "K",
      "isRedPrice": false,
      "pricePerUOM": 17.07,
      "activationDate": "03-01-2024",
      "recordSource": "Offline",
      "isPromoActive": "N",
      "priceChangeCode": "E",
      "quantityPricePerUOM": 15.74,
      "quantityActivationDate": "03-01-2024",
      "quantityPriceChangeCode": "E"
    },
    "isAvailable": true,
    "isPriceAvailable": true,
    "inPromo": false,
    "gtin": [
      "05400141438536",
      "15400141301707",
      "05400141301700"
    ],
    "topCategoryName": "Chips/Borrelhapjes",
    "topCategoryId": "306",
    "businessDomain": "RETAIL_BE",
    "IsPrivateLabel": true,
    "IsBiffe": false,
    "WeightconversionFactor": "0",
    "IsWeightArticle": false,
    "nutriscoreLabel": "C",
    "IsBio": false,
    "CountryOfOrigin": "BELGIË",
    "IsExclusivelySoldInLuxembourg": false,
    "OrderUnit": "P",
    "ShortName": "BONI HUMMUS PESTO 150G",
    "IsNew": false,
    "EcoscoreLabel": "A",
    "RecentQuanityOfStockUnits": "1",
    "LongName": "BONI HUMMUS PESTO 150g",
    "FicCode": "I",
    "EcoscoreValue": "83"
  },
  {
    "productId": "429747",
    "technicalArticleNumber": "3966981",
    "commercialArticleNumber": "2810",
    "name": "Bulgur builtjes",
    "brand": "BOSTO",
    "seoBrand": "Bosto",
    "thumbNail": "https://static.colruytgroup.com/images/200x200/std.lang.all/53/12/asset-2735312.jpg",
    "fullImage": "https://static.colruytgroup.com/images/500x500/std.lang.all/53/12/asset-2735312.jpg",
    "squareImage": "https://static.colruytgroup.com/images/500x500sq/std.lang.all/53/12/asset-2735312.jpg",
    "content": "4x75g",
    "walkRouteSequenceNumber": 8426,
    "price": {
      "basicPrice": 2.79,
      "recommendedQuantity": "1.0",
      "measurementUnitPrice": 9.3,
      "measurementUnit": "K",
      "isRedPrice": false,
      "pricePerUOM": 9.3,
      "activationDate": "17-02-2024",
      "recordSource": "Offline",
      "isPromoActive": "N",
      "priceChangeCode": "E"
    },
    "isAvailable": true,
    "isPriceAvailable": true,
    "inPromo": false,
    "gtin": [
      "15410106070166",
      "05410106070169"
    ],
    "topCategoryName": "Kruidenierswaren/Droge voeding",
    "topCategoryId": "233",
    "businessDomain": "RETAIL_BE",
    "IsPrivateLabel": false,
    "IsBiffe": false,
    "WeightconversionFactor": "0",
    "IsWeightArticle": false,
    "nutriscoreLabel": "A",
    "IsBio": false,
    "CountryOfOrigin": "NEDERLAND",
    "IsExclusivelySoldInLuxembourg": false,
    "OrderUnit": "P",
    "ShortName": "BOST BULGUR KB 4X75G",
    "IsNew": false,
    "EcoscoreLabel": "A",
    "RecentQuanityOfStockUnits": "1",
    "LongName": "BOSTO Bulgur builtjes 4x75g",
    "FicCode": "E",
    "EcoscoreValue": "81"
  },
  {
    "productId": "840383",
    "technicalArticleNumber": "4684433",
    "commercialArticleNumber": "13068",
    "name": "Orion salade mayo",
    "brand": "DEVOS LEMMENS",
    "seoBrand": "Devos Lemmens",
    "thumbNail": "https://static.colruytgroup.com/images/200x200/std.lang.all/68/69/asset-3036869.jpg",
    "fullImage": "https://static.colruytgroup.com/images/500x500/std.lang.all/68/69/asset-3036869.jpg",
    "squareImage": "https://static.colruytgroup.com/images/500x500sq/std.lang.all/68/69/asset-3036869.jpg",
    "content": "550ml",
    "walkRouteSequenceNumber": 8070,
    "price": {
      "basicPrice": 3.79,
      "recommendedQuantity": "1.0",
      "measurementUnitPrice": 6.9,
      "measurementUnit": "L",
      "isRedPrice": false,
      "pricePerUOM": 6.9,
      "activationDate": "14-06-2023",
      "isPromoActive": "N",
      "priceChangeCode": "E"
    },
    "isAvailable": true,
    "isPriceAvailable": true,
    "inPromo": false,
    "gtin": [
      "05414972624754",
      "05414972324753"
    ],
    "topCategoryName": "Kruidenierswaren/Droge voeding",
    "topCategoryId": "233",
    "businessDomain": "RETAIL_BE",
    "IsPrivateLabel": false,
    "IsBiffe": false,
    "WeightconversionFactor": "0",
    "IsWeightArticle": false,
    "nutriscoreLabel": "D",
    "IsBio": false,
    "CountryOfOrigin": "BELGIË",
    "IsExclusivelySoldInLuxembourg": false,
    "OrderUnit": "P",
    "ShortName": "DVL ORION SALAD.MAYO550",
    "IsNew": false,
    "EcoscoreLabel": "D",
    "RecentQuanityOfStockUnits": "1",
    "LongName": "DEVOS LEMMENS Orion salade mayo 550ml",
    "FicCode": "E",
    "EcoscoreValue": "34"
  },
  {
    "productId": "876909",
    "technicalArticleNumber": "4732635",
    "commercialArticleNumber": "7837",
    "name": "Noedels Udon",
    "brand": "SUZI WAN",
    "seoBrand": "Suzi Wan",
    "thumbNail": "https://static.colruytgroup.com/images/200x200/std.lang.all/61/93/asset-3256193.jpg",
    "fullImage": "https://static.colruytgroup.com/images/500x500/std.lang.all/61/93/asset-3256193.jpg",
    "squareImage": "https://static.colruytgroup.com/images/500x500sq/std.lang.all/61/93/asset-3256193.jpg",
    "content": "300g",
    "walkRouteSequenceNumber": 8499,
    "price": {
      "basicPrice": 3.89,
      "recommendedQuantity": "1.0",
      "measurementUnitPrice": 12.97,
      "measurementUnit": "K",
      "isRedPrice": false,
      "pricePerUOM": 12.97,
      "activationDate": "17-02-2024",
      "recordSource": "Offline",
      "isPromoActive": "N",
      "priceChangeCode": "E"
    },
    "isAvailable": true,
    "isPriceAvailable": true,
    "inPromo": false,
    "gtin": [
      "04002359018893",
      "04002359018848"
    ],
    "topCategoryName": "Kruidenierswaren/Droge voeding",
    "topCategoryId": "233",
    "businessDomain": "RETAIL_BE",
    "IsPrivateLabel": false,
    "IsBiffe": false,
    "WeightconversionFactor": "0",
    "IsWeightArticle": false,
    "nutriscoreLabel": "A",
    "IsBio": false,
    "CountryOfOrigin": "CHINA (VOLKSREBUPLIEK)",
    "IsExclusivelySoldInLuxembourg": false,
    "OrderUnit": "P",
    "ShortName": "SUZI NOEDELS UDON 300G",
    "IsNew": false,
    "EcoscoreLabel": "B",
    "RecentQuanityOfStockUnits": "1",
    "LongName": "SUZI WAN Noedels Udon 300g",
    "FicCode": "E",
    "EcoscoreValue": "62"
  },
  {
    "productId": "9743",
    "technicalArticleNumber": "1124193",
    "commercialArticleNumber": "13704",
    "name": "kruiden paprika",
    "brand": "BONI BIO",
    "seoBrand": "Boni Selection Bio",
    "thumbNail": "https://static.colruytgroup.com/images/200x200/std.lang.all/83/73/asset-3028373.jpg",
    "fullImage": "https://static.colruytgroup.com/images/500x500/std.lang.all/83/73/asset-3028373.jpg",
    "squareImage": "https://static.colruytgroup.com/images/500x500sq/std.lang.all/83/73/asset-3028373.jpg",
    "content": "50g",
    "walkRouteSequenceNumber": 6463,
    "price": {
      "basicPrice": 1.69,
      "recommendedQuantity": "1.0",
      "measurementUnitPrice": 33.8,
      "measurementUnit": "K",
      "isRedPrice": false,
      "pricePerUOM": 33.8,
      "activationDate": "25-11-2023",
      "recordSource": "Offline",
      "isPromoActive": "N",
      "priceChangeCode": "E"
    },
    "isAvailable": true,
    "isPriceAvailable": true,
    "inPromo": false,
    "gtin": [
      "15400141368205",
      "05400141116687",
      "05400141156041",
      "05400141264586",
      "05400141368208",
      "35400141368209"
    ],
    "topCategoryName": "Kruidenierswaren/Droge voeding",
    "topCategoryId": "233",
    "businessDomain": "RETAIL_BE",
    "IsPrivateLabel": true,
    "IsBiffe": false,
    "WeightconversionFactor": "0",
    "IsWeightArticle": false,
    "nutriscoreLabel": "A",
    "IsBio": true,
    "CountryOfOrigin": "SPANJE",
    "IsExclusivelySoldInLuxembourg": false,
    "OrderUnit": "P",
    "ShortName": "UB BIO PAPRIKA 50G",
    "IsNew": false,
    "EcoscoreLabel": "C",
    "RecentQuanityOfStockUnits": "1,12",
    "LongName": "BONI BIO kruiden paprika 50g",
    "AlcoholVolume": "0",
    "FicCode": "I",
    "EcoscoreValue": "40"
  },
  {
    "productId": "54858",
    "technicalArticleNumber": "2457781",
    "commercialArticleNumber": "37194",
    "name": "mayonaise met citroen TD",
    "description": "*Mayonaise\n*Squeeze mayonaise\n*Sladressing\n*Kruiden\n*Zachte smaak",
    "brand": "CALVÉ",
    "seoBrand": "Calvé",
    "thumbNail": "https://static.colruytgroup.com/images/200x200/std.lang.all/46/14/asset-2804614.jpg",
    "fullImage": "https://static.colruytgroup.com/images/500x500/std.lang.all/46/14/asset-2804614.jpg",
    "squareImage": "https://static.colruytgroup.com/images/500x500sq/std.lang.all/46/14/asset-2804614.jpg",
    "content": "430ml",
    "walkRouteSequenceNumber": 8112,
    "price": {
      "basicPrice": 3.45,
      "recommendedQuantity": "1.0",
      "quantityPrice": 2,
      "quantityPriceQuantity": "3.0",
      "measurementUnitPrice": 8.03,
      "measurementUnitQuantityPrice": 4.66,
      "measurementUnit": "L",
      "isRedPrice": false,
      "pricePerUOM": 8.03,
      "activationDate": "20-03-2024",
      "recordSource": "Offline",
      "isPromoActive": "N",
      "priceChangeCode": "H",
      "quantityPricePerUOM": 4.66,
      "quantityActivationDate": "20-03-2024",
      "quantityPriceChangeCode": "E"
    },
    "isAvailable": true,
    "isPriceAvailable": true,
    "inPromo": false,
    "gtin": [
      "08718114980249",
      "08718114871479"
    ],
    "topCategoryName": "Kruidenierswaren/Droge voeding",
    "topCategoryId": "233",
    "businessDomain": "RETAIL_BE",
    "IsPrivateLabel": false,
    "IsBiffe": false,
    "WeightconversionFactor": "0",
    "IsWeightArticle": false,
    "nutriscoreLabel": "E",
    "IsBio": false,
    "CountryOfOrigin": "SPANJE",
    "IsExclusivelySoldInLuxembourg": false,
    "OrderUnit": "P",
    "ShortName": "CALV MAYON TD CIT 430ML",
    "IsNew": false,
    "EcoscoreLabel": "D",
    "RecentQuanityOfStockUnits": "1,12",
    "LongName": "CALVÉ mayonaise met citroen TD 430ml",
    "AlcoholVolume": "0",
    "FicCode": "E",
    "EcoscoreValue": "34"
  },
  {
    "productId": "763406",
    "technicalArticleNumber": "4543324",
    "commercialArticleNumber": "2686",
    "name": "bolognesesaus",
    "brand": "BONI BIO",
    "seoBrand": "Boni Selection Bio",
    "thumbNail": "https://static.colruytgroup.com/images/200x200/std.lang.all/67/98/asset-2786798.jpg",
    "fullImage": "https://static.colruytgroup.com/images/500x500/std.lang.all/67/98/asset-2786798.jpg",
    "squareImage": "https://static.colruytgroup.com/images/500x500sq/std.lang.all/67/98/asset-2786798.jpg",
    "content": "500g",
    "walkRouteSequenceNumber": 8389,
    "price": {
      "basicPrice": 2.84,
      "recommendedQuantity": "1.0",
      "measurementUnitPrice": 5.68,
      "measurementUnit": "K",
      "isRedPrice": false,
      "pricePerUOM": 5.68,
      "activationDate": "22-07-2023",
      "recordSource": "Offline",
      "isPromoActive": "N",
      "priceChangeCode": "E"
    },
    "isAvailable": true,
    "isPriceAvailable": true,
    "inPromo": false,
    "gtin": [
      "15400141636762",
      "05400141636765"
    ],
    "topCategoryName": "Kruidenierswaren/Droge voeding",
    "topCategoryId": "233",
    "businessDomain": "RETAIL_BE",
    "IsPrivateLabel": true,
    "IsBiffe": false,
    "WeightconversionFactor": "0",
    "IsWeightArticle": false,
    "nutriscoreLabel": "A",
    "IsBio": true,
    "CountryOfOrigin": "BELGIË",
    "IsExclusivelySoldInLuxembourg": false,
    "OrderUnit": "P",
    "ShortName": "BONI BIO BOLOGN.SAUS500",
    "IsNew": false,
    "EcoscoreLabel": "C",
    "RecentQuanityOfStockUnits": "12,1",
    "LongName": "BONI BIO bolognesesaus 500g",
    "FicCode": "I",
    "EcoscoreValue": "46"
  },
  {
    "productId": "149733",
    "technicalArticleNumber": "3344884",
    "commercialArticleNumber": "6573",
    "name": "pompoen brik",
    "description": "* Pompoensoep",
    "brand": "LIEBIG DÉLISOUP",
    "seoBrand": "Liebig Délisoup",
    "thumbNail": "https://static.colruytgroup.com/images/200x200/nl_be/25/88/asset-1582588.jpg",
    "fullImage": "https://static.colruytgroup.com/images/500x500/nl_be/25/88/asset-1582588.jpg",
    "squareImage": "https://static.colruytgroup.com/images/500x500sq/nl_be/25/88/asset-1582588.jpg",
    "content": "1L",
    "walkRouteSequenceNumber": 16885,
    "price": {
      "basicPrice": 4.69,
      "recommendedQuantity": "1.0",
      "measurementUnitPrice": 4.69,
      "measurementUnit": "L",
      "isRedPrice": false,
      "pricePerUOM": 4.69,
      "activationDate": "22-03-2024",
      "recordSource": "Offline",
      "isPromoActive": "N",
      "priceChangeCode": "L"
    },
    "isAvailable": true,
    "isPriceAvailable": true,
    "inPromo": false,
    "gtin": [
      "05414972715513",
      "05414972115511"
    ],
    "topCategoryName": "Kruidenierswaren/Droge voeding",
    "topCategoryId": "233",
    "businessDomain": "RETAIL_BE",
    "IsPrivateLabel": false,
    "IsBiffe": false,
    "WeightconversionFactor": "0",
    "IsWeightArticle": false,
    "nutriscoreLabel": "B",
    "IsBio": false,
    "CountryOfOrigin": "FRANKRIJK",
    "IsExclusivelySoldInLuxembourg": false,
    "OrderUnit": "P",
    "ShortName": "LIEBIG DS POMPOENW.1L",
    "IsNew": false,
    "EcoscoreLabel": "B",
    "RecentQuanityOfStockUnits": "1,8",
    "LongName": "LIEBIG DÉLISOUP pompoen brik 1L",
    "AlcoholVolume": "0",
    "FicCode": "E",
    "EcoscoreValue": "77"
  },
  {
    "productId": "171",
    "technicalArticleNumber": "15515",
    "commercialArticleNumber": "15515",
    "name": "paneermeel",
    "description": "*Van versgebakken\nbrood\n*Paneren kroketten\n*Paneren vlees\nof vis",
    "brand": "SOUBRY",
    "seoBrand": "Soubry",
    "thumbNail": "https://static.colruytgroup.com/images/200x200/std.lang.all/63/83/asset-696383.jpg",
    "fullImage": "https://static.colruytgroup.com/images/500x500/std.lang.all/63/83/asset-696383.jpg",
    "squareImage": "https://static.colruytgroup.com/images/500x500sq/std.lang.all/63/83/asset-696383.jpg",
    "content": "150g",
    "walkRouteSequenceNumber": 9710,
    "price": {
      "basicPrice": 1.29,
      "recommendedQuantity": "4.0",
      "measurementUnitPrice": 8.6,
      "measurementUnit": "K",
      "isRedPrice": false,
      "pricePerUOM": 8.6,
      "activationDate": "03-01-2024",
      "isPromoActive": "N",
      "priceChangeCode": "H"
    },
    "isAvailable": true,
    "isPriceAvailable": true,
    "inPromo": false,
    "gtin": [
      "05410028630052",
      "05410028630113",
      "95410028630116",
      "65410028630054"
    ],
    "topCategoryName": "Kruidenierswaren/Droge voeding",
    "topCategoryId": "233",
    "businessDomain": "RETAIL_BE",
    "IsPrivateLabel": false,
    "IsBiffe": false,
    "WeightconversionFactor": "0",
    "IsWeightArticle": false,
    "nutriscoreLabel": "B",
    "IsBio": false,
    "CountryOfOrigin": "BELGIË",
    "IsExclusivelySoldInLuxembourg": false,
    "OrderUnit": "P",
    "ShortName": "SOUBRY PANEERMEEL 150G",
    "IsNew": false,
    "RecentQuanityOfStockUnits": "4,1",
    "LongName": "SOUBRY paneermeel 150g",
    "AlcoholVolume": "0",
    "FicCode": "E"
  },
  {
    "productId": "213573",
    "technicalArticleNumber": "3499866",
    "commercialArticleNumber": "11095",
    "name": "kruiden nootmuskaat gemalen",
    "brand": "DUCROS",
    "seoBrand": "Ducros",
    "thumbNail": "https://static.colruytgroup.com/images/200x200/std.lang.all/47/39/asset-2694739.jpg",
    "fullImage": "https://static.colruytgroup.com/images/500x500/std.lang.all/47/39/asset-2694739.jpg",
    "squareImage": "https://static.colruytgroup.com/images/500x500sq/std.lang.all/47/39/asset-2694739.jpg",
    "content": "32g",
    "walkRouteSequenceNumber": 6451,
    "price": {
      "basicPrice": 6.6,
      "recommendedQuantity": "1.0",
      "quantityPrice": 3.3,
      "quantityPriceQuantity": "2.0",
      "measurementUnitPrice": 206.25,
      "measurementUnitQuantityPrice": 103.13,
      "measurementUnit": "K",
      "isRedPrice": false,
      "pricePerUOM": 206.25,
      "activationDate": "20-03-2024",
      "recordSource": "Offline",
      "isPromoActive": "N",
      "priceChangeCode": "E",
      "quantityPricePerUOM": 103.13,
      "quantityActivationDate": "20-03-2024",
      "quantityPriceChangeCode": "L"
    },
    "isAvailable": true,
    "isPriceAvailable": true,
    "inPromo": false,
    "gtin": [
      "03166296208203",
      "03166298762109"
    ],
    "topCategoryName": "Kruidenierswaren/Droge voeding",
    "topCategoryId": "233",
    "businessDomain": "RETAIL_BE",
    "IsPrivateLabel": false,
    "IsBiffe": false,
    "WeightconversionFactor": "0",
    "IsWeightArticle": false,
    "IsBio": false,
    "CountryOfOrigin": "INDONESIË",
    "IsExclusivelySoldInLuxembourg": false,
    "OrderUnit": "P",
    "ShortName": "DUCROS GEM.NOOTMUSKA32G",
    "IsNew": false,
    "EcoscoreLabel": "B",
    "RecentQuanityOfStockUnits": "1",
    "LongName": "DUCROS kruiden nootmuskaat gemalen 32g",
    "AlcoholVolume": "0",
    "FicCode": "E",
    "EcoscoreValue": "74"
  },
  {
    "productId": "690486",
    "technicalArticleNumber": "4416988",
    "commercialArticleNumber": "18990",
    "name": "tagliatelli nidi spelt",
    "description": "*100% speltgraan\n*Eiwit: 12,5g/100g\n*Kooktijd : 7 min\n*Licht verteerbaar",
    "brand": "SOUBRY",
    "seoBrand": "Soubry",
    "thumbNail": "https://static.colruytgroup.com/images/200x200/std.lang.all/15/28/asset-2371528.jpg",
    "fullImage": "https://static.colruytgroup.com/images/500x500/std.lang.all/15/28/asset-2371528.jpg",
    "squareImage": "https://static.colruytgroup.com/images/500x500sq/std.lang.all/15/28/asset-2371528.jpg",
    "content": "375g",
    "walkRouteSequenceNumber": 8306,
    "price": {
      "basicPrice": 2.99,
      "recommendedQuantity": "1.0",
      "measurementUnitPrice": 7.98,
      "measurementUnit": "K",
      "isRedPrice": false,
      "pricePerUOM": 7.98,
      "activationDate": "21-03-2024",
      "recordSource": "Offline",
      "isPromoActive": "N",
      "priceChangeCode": "L"
    },
    "isAvailable": true,
    "isPriceAvailable": true,
    "inPromo": false,
    "gtin": [
      "35410028150858",
      "05410028150857"
    ],
    "topCategoryName": "Kruidenierswaren/Droge voeding",
    "topCategoryId": "233",
    "businessDomain": "RETAIL_BE",
    "IsPrivateLabel": false,
    "IsBiffe": false,
    "WeightconversionFactor": "0",
    "IsWeightArticle": false,
    "nutriscoreLabel": "A",
    "IsBio": false,
    "CountryOfOrigin": "BELGIË",
    "IsExclusivelySoldInLuxembourg": false,
    "OrderUnit": "P",
    "ShortName": "SOUB TAGLIAT.NIDI SP375",
    "IsNew": false,
    "EcoscoreLabel": "A",
    "RecentQuanityOfStockUnits": "1",
    "LongName": "SOUBRY tagliatelli nidi spelt 375g",
    "FicCode": "E",
    "EcoscoreValue": "100"
  },
  {
    "productId": "49696",
    "technicalArticleNumber": "2480564",
    "commercialArticleNumber": "38962",
    "name": "soep Classics tom.moza. brik",
    "description": "*Tomatensoep\n*Soep in brik\n*Klaar voor gebruik\n*Warm gerecht\n*Makkelijk bereiden",
    "brand": "KNORR",
    "seoBrand": "Knorr",
    "thumbNail": "https://static.colruytgroup.com/images/200x200/nl_be/62/23/asset-2796223.jpg",
    "fullImage": "https://static.colruytgroup.com/images/500x500/nl_be/62/23/asset-2796223.jpg",
    "squareImage": "https://static.colruytgroup.com/images/500x500sq/nl_be/62/23/asset-2796223.jpg",
    "content": "1L",
    "walkRouteSequenceNumber": 16952,
    "price": {
      "basicPrice": 3.89,
      "recommendedQuantity": "2.0",
      "measurementUnitPrice": 3.89,
      "measurementUnit": "L",
      "isRedPrice": false,
      "pricePerUOM": 3.89,
      "activationDate": "19-03-2024",
      "recordSource": "Offline",
      "isPromoActive": "N",
      "priceChangeCode": "H"
    },
    "isAvailable": true,
    "isPriceAvailable": true,
    "inPromo": true,
    "promotion": [
      {
        "techPromoId": "100943COLR",
        "promotionId": "100943",
        "promotionType": "3",
        "isPersonalized": "N",
        "publicationStartDate": "13-03-2024",
        "publicationEndDate": "26-03-2024"
      }
    ],
    "gtin": [
      "05400141001020",
      "08712566699599",
      "08712566208050"
    ],
    "topCategoryName": "Kruidenierswaren/Droge voeding",
    "topCategoryId": "233",
    "businessDomain": "RETAIL_BE",
    "IsPrivateLabel": false,
    "IsBiffe": false,
    "WeightconversionFactor": "0",
    "IsWeightArticle": false,
    "nutriscoreLabel": "C",
    "IsBio": false,
    "CountryOfOrigin": "FRANKRIJK",
    "IsExclusivelySoldInLuxembourg": false,
    "OrderUnit": "P",
    "ShortName": "KNOR KLAS TOM-MOZA 1L.",
    "IsNew": false,
    "EcoscoreLabel": "B",
    "RecentQuanityOfStockUnits": "1,2,8",
    "LongName": "KNORR soep Classics tom.moza. brik 1L",
    "AlcoholVolume": "0",
    "FicCode": "E",
    "EcoscoreValue": "74"
  },
  {
    "productId": "572224",
    "technicalArticleNumber": "4218516",
    "commercialArticleNumber": "17255",
    "name": "Hummus Griekse topping",
    "thumbNail": "https://static.colruytgroup.com/images/200x200/std.lang.all/01/04/asset-2180104.jpg",
    "fullImage": "https://static.colruytgroup.com/images/500x500/std.lang.all/01/04/asset-2180104.jpg",
    "squareImage": "https://static.colruytgroup.com/images/500x500sq/std.lang.all/01/04/asset-2180104.jpg",
    "content": "200g",
    "walkRouteSequenceNumber": 7774,
    "price": {
      "basicPrice": 2.79,
      "recommendedQuantity": "1.0",
      "quantityPrice": 2.57,
      "quantityPriceQuantity": "3.0",
      "measurementUnitPrice": 13.95,
      "measurementUnitQuantityPrice": 12.85,
      "measurementUnit": "K",
      "isRedPrice": false,
      "pricePerUOM": 13.95,
      "activationDate": "07-03-2023",
      "isPromoActive": "N",
      "priceChangeCode": "H",
      "quantityPricePerUOM": 12.85,
      "quantityActivationDate": "07-03-2023",
      "quantityPriceChangeCode": "H"
    },
    "isAvailable": true,
    "isPriceAvailable": true,
    "inPromo": false,
    "gtin": [
      "15425020166574",
      "05425020166577"
    ],
    "topCategoryName": "Chips/Borrelhapjes",
    "topCategoryId": "306",
    "businessDomain": "RETAIL_BE",
    "IsPrivateLabel": false,
    "IsBiffe": false,
    "WeightconversionFactor": "0",
    "IsWeightArticle": false,
    "nutriscoreLabel": "C",
    "IsBio": false,
    "CountryOfOrigin": "BELGIË",
    "IsExclusivelySoldInLuxembourg": false,
    "OrderUnit": "P",
    "ShortName": "HUM.GRIEKSE TOPPING200G",
    "IsNew": false,
    "EcoscoreLabel": "B",
    "RecentQuanityOfStockUnits": "1",
    "LongName": "Hummus Griekse topping 200g",
    "FicCode": "E",
    "EcoscoreValue": "72"
  },
  {
    "productId": "866922",
    "technicalArticleNumber": "4719596",
    "commercialArticleNumber": "10343",
    "name": "Hummus Rode Biet Bio",
    "brand": "BONI BIO",
    "seoBrand": "Boni Selection Bio",
    "thumbNail": "https://static.colruytgroup.com/images/200x200/std.lang.all/21/92/asset-3212192.jpg",
    "fullImage": "https://static.colruytgroup.com/images/500x500/std.lang.all/21/92/asset-3212192.jpg",
    "squareImage": "https://static.colruytgroup.com/images/500x500sq/std.lang.all/21/92/asset-3212192.jpg",
    "content": "200g",
    "walkRouteSequenceNumber": 7660,
    "price": {
      "basicPrice": 2.69,
      "recommendedQuantity": "1.0",
      "quantityPrice": 2.47,
      "quantityPriceQuantity": "3.0",
      "measurementUnitPrice": 13.45,
      "measurementUnitQuantityPrice": 12.35,
      "measurementUnit": "K",
      "isRedPrice": false,
      "pricePerUOM": 13.45,
      "activationDate": "13-12-2023",
      "isPromoActive": "N",
      "priceChangeCode": "E",
      "quantityPricePerUOM": 12.35,
      "quantityActivationDate": "13-12-2023",
      "quantityPriceChangeCode": "E"
    },
    "isAvailable": true,
    "isPriceAvailable": true,
    "inPromo": false,
    "gtin": [
      "05400141502312",
      "15400141502319"
    ],
    "topCategoryName": "Chips/Borrelhapjes",
    "topCategoryId": "306",
    "businessDomain": "RETAIL_BE",
    "IsPrivateLabel": true,
    "IsBiffe": false,
    "WeightconversionFactor": "0",
    "IsWeightArticle": false,
    "nutriscoreLabel": "C",
    "IsBio": true,
    "CountryOfOrigin": "BELGIË",
    "IsExclusivelySoldInLuxembourg": false,
    "OrderUnit": "P",
    "ShortName": "BONI HUM.R.BIET BIO200G",
    "IsNew": false,
    "EcoscoreLabel": "B",
    "RecentQuanityOfStockUnits": "1",
    "LongName": "BONI BIO Hummus Rode Biet Bio 200g",
    "FicCode": "I",
    "EcoscoreValue": "72"
  },
  {
    "productId": "60823",
    "technicalArticleNumber": "2744017",
    "commercialArticleNumber": "41859",
    "name": "stevia klontjes",
    "description": "*Op basis van stevia",
    "brand": "PURE VIA",
    "seoBrand": "Pure Via",
    "thumbNail": "https://static.colruytgroup.com/images/200x200/std.lang.all/72/80/asset-3207280.jpg",
    "fullImage": "https://static.colruytgroup.com/images/500x500/std.lang.all/72/80/asset-3207280.jpg",
    "squareImage": "https://static.colruytgroup.com/images/500x500sq/std.lang.all/72/80/asset-3207280.jpg",
    "content": "130g",
    "walkRouteSequenceNumber": 9189,
    "price": {
      "basicPrice": 7.15,
      "recommendedQuantity": "1.0",
      "measurementUnitPrice": 55,
      "measurementUnit": "K",
      "isRedPrice": false,
      "pricePerUOM": 55,
      "activationDate": "22-03-2024",
      "recordSource": "Offline",
      "isPromoActive": "N",
      "priceChangeCode": "H"
    },
    "isAvailable": true,
    "isPriceAvailable": true,
    "inPromo": false,
    "gtin": [
      "17640110707514",
      "07640110704691",
      "07640110707517"
    ],
    "topCategoryName": "Kruidenierswaren/Droge voeding",
    "topCategoryId": "233",
    "businessDomain": "RETAIL_BE",
    "IsPrivateLabel": false,
    "IsBiffe": false,
    "WeightconversionFactor": "0",
    "IsWeightArticle": false,
    "nutriscoreLabel": "A",
    "IsBio": false,
    "CountryOfOrigin": "TSJECHIË (REPUBLIEK)",
    "IsExclusivelySoldInLuxembourg": false,
    "OrderUnit": "P",
    "ShortName": "PURE VIA KLONTJES 130GR",
    "InSeason": true,
    "IsNew": false,
    "RecentQuanityOfStockUnits": "1,6",
    "LongName": "PURE VIA stevia klontjes 130g",
    "AlcoholVolume": "0",
    "StartSeasonDate": "03/12/2014",
    "FicCode": "E"
  },
  {
    "productId": "265596",
    "technicalArticleNumber": "3631871",
    "commercialArticleNumber": "19628",
    "name": "tacosaus medium",
    "brand": "POCO LOCO",
    "seoBrand": "Poco Loco",
    "thumbNail": "https://static.colruytgroup.com/images/200x200/std.lang.all/48/43/asset-1744843.jpg",
    "fullImage": "https://static.colruytgroup.com/images/500x500/std.lang.all/48/43/asset-1744843.jpg",
    "squareImage": "https://static.colruytgroup.com/images/500x500sq/std.lang.all/48/43/asset-1744843.jpg",
    "content": "230g",
    "walkRouteSequenceNumber": 8592,
    "price": {
      "basicPrice": 2.29,
      "recommendedQuantity": "1.0",
      "measurementUnitPrice": 9.96,
      "measurementUnit": "K",
      "isRedPrice": false,
      "pricePerUOM": 9.96,
      "activationDate": "03-11-2022",
      "isPromoActive": "N",
      "priceChangeCode": "E"
    },
    "isAvailable": true,
    "isPriceAvailable": true,
    "inPromo": false,
    "gtin": [
      "05412514931735",
      "15412514931732"
    ],
    "topCategoryName": "Kruidenierswaren/Droge voeding",
    "topCategoryId": "233",
    "businessDomain": "RETAIL_BE",
    "IsPrivateLabel": false,
    "IsBiffe": false,
    "WeightconversionFactor": "0",
    "IsWeightArticle": false,
    "nutriscoreLabel": "C",
    "IsBio": false,
    "CountryOfOrigin": "BELGIË",
    "IsExclusivelySoldInLuxembourg": false,
    "OrderUnit": "P",
    "ShortName": "PO.LO.TACO SAUS MED.230",
    "InSeason": true,
    "IsNew": false,
    "EcoscoreLabel": "C",
    "RecentQuanityOfStockUnits": "1",
    "LongName": "POCO LOCO tacosaus medium 230g",
    "AlcoholVolume": "0",
    "StartSeasonDate": "25/09/2023",
    "FicCode": "E",
    "EcoscoreValue": "58"
  },
  {
    "productId": "863503",
    "technicalArticleNumber": "4714915",
    "commercialArticleNumber": "31923",
    "name": "mango hummus",
    "brand": "BONI",
    "seoBrand": "Boni Selection",
    "thumbNail": "https://static.colruytgroup.com/images/200x200/std.lang.all/75/85/asset-3207585.jpg",
    "fullImage": "https://static.colruytgroup.com/images/500x500/std.lang.all/75/85/asset-3207585.jpg",
    "squareImage": "https://static.colruytgroup.com/images/500x500sq/std.lang.all/75/85/asset-3207585.jpg",
    "content": "175g",
    "walkRouteSequenceNumber": 7658,
    "price": {
      "basicPrice": 2.5,
      "recommendedQuantity": "1.0",
      "quantityPrice": 2.3,
      "quantityPriceQuantity": "3.0",
      "measurementUnitPrice": 14.29,
      "measurementUnitQuantityPrice": 13.15,
      "measurementUnit": "K",
      "isRedPrice": false,
      "pricePerUOM": 14.29,
      "activationDate": "13-02-2024",
      "isPromoActive": "Y",
      "priceChangeCode": "E",
      "quantityPricePerUOM": 13.15,
      "quantityActivationDate": "13-02-2024",
      "quantityPriceChangeCode": "E"
    },
    "isAvailable": true,
    "isPriceAvailable": true,
    "inPromo": false,
    "gtin": [
      "05400141443691",
      "45400141453322"
    ],
    "topCategoryName": "Chips/Borrelhapjes",
    "topCategoryId": "306",
    "businessDomain": "RETAIL_BE",
    "IsPrivateLabel": true,
    "IsBiffe": false,
    "WeightconversionFactor": "0",
    "IsWeightArticle": false,
    "nutriscoreLabel": "C",
    "IsBio": false,
    "CountryOfOrigin": "BELGIË",
    "IsExclusivelySoldInLuxembourg": false,
    "OrderUnit": "P",
    "ShortName": "BONI MANGO HUMMUS 175G",
    "IsNew": false,
    "EcoscoreLabel": "B",
    "RecentQuanityOfStockUnits": "1",
    "LongName": "BONI mango hummus 175g",
    "FicCode": "I",
    "EcoscoreValue": "72"
  },
  {
    "productId": "14213",
    "technicalArticleNumber": "1605867",
    "commercialArticleNumber": "13077",
    "name": "olijfolie extra vierge",
    "description": "*Koude bereidingen\n*Kreta, Griekenland",
    "brand": "TERRA CRETA",
    "seoBrand": "Terra Creta",
    "thumbNail": "https://static.colruytgroup.com/images/200x200/std.lang.all/40/21/asset-2204021.jpg",
    "fullImage": "https://static.colruytgroup.com/images/500x500/std.lang.all/40/21/asset-2204021.jpg",
    "squareImage": "https://static.colruytgroup.com/images/500x500sq/std.lang.all/40/21/asset-2204021.jpg",
    "content": "500ml",
    "walkRouteSequenceNumber": 8944,
    "price": {
      "basicPrice": 9.69,
      "recommendedQuantity": "1.0",
      "measurementUnitPrice": 19.38,
      "measurementUnit": "L",
      "isRedPrice": false,
      "pricePerUOM": 19.38,
      "activationDate": "21-03-2024",
      "isPromoActive": "N",
      "priceChangeCode": "H"
    },
    "isAvailable": true,
    "isPriceAvailable": true,
    "inPromo": false,
    "gtin": [
      "05200101802861",
      "15200101802868"
    ],
    "topCategoryName": "Kruidenierswaren/Droge voeding",
    "topCategoryId": "233",
    "businessDomain": "RETAIL_BE",
    "IsPrivateLabel": false,
    "IsBiffe": false,
    "WeightconversionFactor": "0",
    "IsWeightArticle": false,
    "nutriscoreLabel": "B",
    "IsBio": false,
    "CountryOfOrigin": "GRIEKENLAND",
    "IsExclusivelySoldInLuxembourg": false,
    "OrderUnit": "P",
    "ShortName": "TERRA CRETA EV OLIE 500",
    "IsNew": false,
    "EcoscoreLabel": "D",
    "RecentQuanityOfStockUnits": "1",
    "LongName": "TERRA CRETA olijfolie extra vierge 500ml",
    "AlcoholVolume": "0",
    "FicCode": "E",
    "EcoscoreValue": "27"
  },
  {
    "productId": "817610",
    "technicalArticleNumber": "4647245",
    "commercialArticleNumber": "29629",
    "name": "peper warme saus",
    "brand": "DEVOS LEMMENS",
    "seoBrand": "Devos Lemmens",
    "thumbNail": "https://static.colruytgroup.com/images/200x200/std.lang.all/04/16/asset-3380416.jpg",
    "fullImage": "https://static.colruytgroup.com/images/500x500/std.lang.all/04/16/asset-3380416.jpg",
    "squareImage": "https://static.colruytgroup.com/images/500x500sq/std.lang.all/04/16/asset-3380416.jpg",
    "content": "200g",
    "walkRouteSequenceNumber": 8259,
    "price": {
      "basicPrice": 2.65,
      "recommendedQuantity": "1.0",
      "measurementUnitPrice": 13.25,
      "measurementUnit": "K",
      "isRedPrice": false,
      "pricePerUOM": 13.25,
      "activationDate": "14-02-2024",
      "recordSource": "Offline",
      "isPromoActive": "N",
      "priceChangeCode": "H"
    },
    "isAvailable": true,
    "isPriceAvailable": true,
    "inPromo": false,
    "gtin": [
      "05414972111568",
      "05414972711560"
    ],
    "topCategoryName": "Kruidenierswaren/Droge voeding",
    "topCategoryId": "233",
    "businessDomain": "RETAIL_BE",
    "IsPrivateLabel": false,
    "IsBiffe": false,
    "WeightconversionFactor": "0",
    "IsWeightArticle": false,
    "nutriscoreLabel": "C",
    "IsBio": false,
    "CountryOfOrigin": "BELGIË",
    "IsExclusivelySoldInLuxembourg": false,
    "OrderUnit": "P",
    "ShortName": "DVL PEPER WARM.SAUS 200",
    "IsNew": false,
    "EcoscoreLabel": "B",
    "RecentQuanityOfStockUnits": "1",
    "LongName": "DEVOS LEMMENS peper warme saus 200g",
    "FicCode": "E",
    "EcoscoreValue": "70"
  },
  {
    "productId": "334188",
    "technicalArticleNumber": "3796394",
    "commercialArticleNumber": "12278",
    "name": "couscous fijn",
    "description": "*Oorsprong: Marokko\n*Kooktijd: 5min.",
    "brand": "DARI",
    "thumbNail": "https://static.colruytgroup.com/images/200x200/std.lang.all/20/64/asset-1392064.jpg",
    "fullImage": "https://static.colruytgroup.com/images/500x500/std.lang.all/20/64/asset-1392064.jpg",
    "squareImage": "https://static.colruytgroup.com/images/500x500sq/std.lang.all/20/64/asset-1392064.jpg",
    "content": "1kg",
    "walkRouteSequenceNumber": 8434,
    "price": {
      "basicPrice": 3.79,
      "recommendedQuantity": "1.0",
      "measurementUnitPrice": 3.79,
      "measurementUnit": "K",
      "isRedPrice": false,
      "pricePerUOM": 3.79,
      "activationDate": "22-03-2024",
      "recordSource": "Offline",
      "isPromoActive": "N",
      "priceChangeCode": "H"
    },
    "isAvailable": true,
    "isPriceAvailable": true,
    "inPromo": false,
    "gtin": [
      "16111094000225",
      "06111094000228",
      "05000111606035"
    ],
    "topCategoryName": "Kruidenierswaren/Droge voeding",
    "topCategoryId": "233",
    "businessDomain": "RETAIL_BE",
    "IsPrivateLabel": false,
    "IsBiffe": false,
    "WeightconversionFactor": "0",
    "IsWeightArticle": false,
    "nutriscoreLabel": "A",
    "IsBio": false,
    "CountryOfOrigin": "MAROKKO",
    "IsExclusivelySoldInLuxembourg": false,
    "OrderUnit": "P",
    "ShortName": "DARI COUSCOUS FIJN 1KG",
    "IsNew": false,
    "EcoscoreLabel": "B",
    "RecentQuanityOfStockUnits": "1,12",
    "LongName": "DARI couscous fijn 1kg",
    "AlcoholVolume": "0",
    "FicCode": "E",
    "EcoscoreValue": "66"
  },
  {
    "productId": "89",
    "technicalArticleNumber": "14368",
    "commercialArticleNumber": "14368",
    "name": "rijst mediterraneo",
    "description": "*Losse rijst\n*kooktijd:10 minuten",
    "brand": "BOSTO",
    "seoBrand": "Bosto",
    "thumbNail": "https://static.colruytgroup.com/images/200x200/std.lang.all/51/10/asset-2095110.jpg",
    "fullImage": "https://static.colruytgroup.com/images/500x500/std.lang.all/51/10/asset-2095110.jpg",
    "squareImage": "https://static.colruytgroup.com/images/500x500sq/std.lang.all/51/10/asset-2095110.jpg",
    "content": "500g",
    "walkRouteSequenceNumber": 8376,
    "price": {
      "basicPrice": 3.85,
      "recommendedQuantity": "1.0",
      "measurementUnitPrice": 7.7,
      "measurementUnit": "K",
      "isRedPrice": false,
      "pricePerUOM": 7.7,
      "activationDate": "22-03-2024",
      "recordSource": "Offline",
      "isPromoActive": "N",
      "priceChangeCode": "H"
    },
    "isAvailable": true,
    "isPriceAvailable": true,
    "inPromo": false,
    "gtin": [
      "15410106017703",
      "05410106011001"
    ],
    "topCategoryName": "Kruidenierswaren/Droge voeding",
    "topCategoryId": "233",
    "businessDomain": "RETAIL_BE",
    "IsPrivateLabel": false,
    "IsBiffe": false,
    "WeightconversionFactor": "0",
    "IsWeightArticle": false,
    "nutriscoreLabel": "A",
    "IsBio": false,
    "CountryOfOrigin": "BELGIË",
    "IsExclusivelySoldInLuxembourg": false,
    "OrderUnit": "P",
    "ShortName": "BOSTO MEDITERRANEO 500G",
    "IsNew": false,
    "EcoscoreLabel": "A",
    "RecentQuanityOfStockUnits": "1",
    "LongName": "BOSTO rijst mediterraneo 500g",
    "AlcoholVolume": "0",
    "FicCode": "E",
    "EcoscoreValue": "100"
  },
  {
    "productId": "166658",
    "technicalArticleNumber": "3380707",
    "commercialArticleNumber": "6421",
    "name": "rijstazijn japanse",
    "brand": "BLUE DRAGON",
    "seoBrand": "Blue Dragon",
    "thumbNail": "https://static.colruytgroup.com/images/200x200/std.lang.all/95/56/asset-2619556.jpg",
    "fullImage": "https://static.colruytgroup.com/images/500x500/std.lang.all/95/56/asset-2619556.jpg",
    "squareImage": "https://static.colruytgroup.com/images/500x500sq/std.lang.all/95/56/asset-2619556.jpg",
    "content": "150ml",
    "walkRouteSequenceNumber": 8666,
    "price": {
      "basicPrice": 4.49,
      "recommendedQuantity": "1.0",
      "measurementUnitPrice": 29.94,
      "measurementUnit": "L",
      "isRedPrice": false,
      "pricePerUOM": 29.94,
      "activationDate": "17-02-2024",
      "recordSource": "Offline",
      "isPromoActive": "N",
      "priceChangeCode": "H"
    },
    "isAvailable": true,
    "isPriceAvailable": true,
    "inPromo": false,
    "gtin": [
      "05010338016104",
      "05010338404895",
      "05015612402840"
    ],
    "topCategoryName": "Kruidenierswaren/Droge voeding",
    "topCategoryId": "233",
    "businessDomain": "RETAIL_BE",
    "IsPrivateLabel": false,
    "IsBiffe": false,
    "WeightconversionFactor": "0",
    "IsWeightArticle": false,
    "nutriscoreLabel": "C",
    "IsBio": false,
    "CountryOfOrigin": "VERENIGD KONINKRIJK",
    "IsExclusivelySoldInLuxembourg": false,
    "OrderUnit": "P",
    "ShortName": "BLUE DR.RIJSTAZIJN150ML",
    "IsNew": false,
    "EcoscoreLabel": "B",
    "RecentQuanityOfStockUnits": "1",
    "LongName": "BLUE DRAGON rijstazijn japanse 150ml",
    "AlcoholVolume": "0",
    "FicCode": "E",
    "EcoscoreValue": "71"
  },
  {
    "productId": "97389",
    "technicalArticleNumber": "2865302",
    "commercialArticleNumber": "32159",
    "name": "saus curry",
    "brand": "MANNA",
    "seoBrand": "Manna",
    "thumbNail": "https://static.colruytgroup.com/images/200x200/std.lang.all/27/10/asset-352710.jpg",
    "fullImage": "https://static.colruytgroup.com/images/500x500/std.lang.all/27/10/asset-352710.jpg",
    "squareImage": "https://static.colruytgroup.com/images/500x500sq/std.lang.all/27/10/asset-352710.jpg",
    "content": "330g",
    "walkRouteSequenceNumber": 8185,
    "price": {
      "basicPrice": 2.19,
      "recommendedQuantity": "1.0",
      "measurementUnitPrice": 6.64,
      "measurementUnit": "K",
      "isRedPrice": false,
      "pricePerUOM": 6.64,
      "activationDate": "10-11-2023",
      "recordSource": "Offline",
      "isPromoActive": "N",
      "priceChangeCode": "E"
    },
    "isAvailable": true,
    "isPriceAvailable": true,
    "inPromo": false,
    "gtin": [
      "05412723035057",
      "05412723221658"
    ],
    "topCategoryName": "Kruidenierswaren/Droge voeding",
    "topCategoryId": "233",
    "businessDomain": "RETAIL_BE",
    "IsPrivateLabel": false,
    "IsBiffe": false,
    "WeightconversionFactor": "0",
    "IsWeightArticle": false,
    "nutriscoreLabel": "D",
    "IsBio": false,
    "CountryOfOrigin": "BELGIË",
    "IsExclusivelySoldInLuxembourg": false,
    "OrderUnit": "P",
    "ShortName": "RE MANNA CURRY 330GR",
    "IsNew": false,
    "EcoscoreLabel": "A",
    "RecentQuanityOfStockUnits": "12,1",
    "LongName": "MANNA saus curry 330g",
    "AlcoholVolume": "0",
    "FicCode": "E",
    "EcoscoreValue": "91"
  },
  {
    "productId": "134854",
    "technicalArticleNumber": "3204492",
    "commercialArticleNumber": "16244",
    "name": "tom.sweet onion TD",
    "brand": "DEVOS LEMMENS",
    "seoBrand": "Devos Lemmens",
    "thumbNail": "https://static.colruytgroup.com/images/200x200/std.lang.all/65/57/asset-736557.jpg",
    "fullImage": "https://static.colruytgroup.com/images/500x500/std.lang.all/65/57/asset-736557.jpg",
    "squareImage": "https://static.colruytgroup.com/images/500x500sq/std.lang.all/65/57/asset-736557.jpg",
    "content": "300ml",
    "walkRouteSequenceNumber": 8127,
    "price": {
      "basicPrice": 4.15,
      "recommendedQuantity": "1.0",
      "measurementUnitPrice": 13.84,
      "measurementUnit": "L",
      "isRedPrice": false,
      "pricePerUOM": 13.84,
      "activationDate": "07-03-2024",
      "recordSource": "Offline",
      "isPromoActive": "N",
      "priceChangeCode": "H"
    },
    "isAvailable": true,
    "isPriceAvailable": true,
    "inPromo": false,
    "gtin": [
      "05414972110516",
      "05414972710518"
    ],
    "topCategoryName": "Kruidenierswaren/Droge voeding",
    "topCategoryId": "233",
    "businessDomain": "RETAIL_BE",
    "IsPrivateLabel": false,
    "IsBiffe": false,
    "WeightconversionFactor": "0",
    "IsWeightArticle": false,
    "nutriscoreLabel": "D",
    "IsBio": false,
    "CountryOfOrigin": "BELGIË",
    "IsExclusivelySoldInLuxembourg": false,
    "OrderUnit": "P",
    "ShortName": "DVL TOM SW ON SQ 300ML",
    "IsNew": false,
    "EcoscoreLabel": "D",
    "RecentQuanityOfStockUnits": "1",
    "LongName": "DEVOS LEMMENS tom.sweet onion TD 300ml",
    "AlcoholVolume": "0",
    "FicCode": "E",
    "EcoscoreValue": "34"
  },
  {
    "productId": "460524",
    "technicalArticleNumber": "3949851",
    "commercialArticleNumber": "1843",
    "name": "soba noedels Teriyaki",
    "brand": "NISSIN",
    "seoBrand": "Nissin Soba",
    "thumbNail": "https://static.colruytgroup.com/images/200x200/std.lang.all/99/19/asset-2329919.jpg",
    "fullImage": "https://static.colruytgroup.com/images/500x500/std.lang.all/99/19/asset-2329919.jpg",
    "squareImage": "https://static.colruytgroup.com/images/500x500sq/std.lang.all/99/19/asset-2329919.jpg",
    "content": "90g",
    "walkRouteSequenceNumber": 16974,
    "price": {
      "basicPrice": 2.49,
      "recommendedQuantity": "1.0",
      "measurementUnitPrice": 27.67,
      "measurementUnit": "K",
      "isRedPrice": false,
      "pricePerUOM": 27.67,
      "activationDate": "28-02-2024",
      "recordSource": "Offline",
      "isPromoActive": "N",
      "priceChangeCode": "H"
    },
    "isAvailable": true,
    "isPriceAvailable": true,
    "inPromo": false,
    "gtin": [
      "05997523313166",
      "45400141312438",
      "05997523313159"
    ],
    "topCategoryName": "Kruidenierswaren/Droge voeding",
    "topCategoryId": "233",
    "businessDomain": "RETAIL_BE",
    "IsPrivateLabel": false,
    "IsBiffe": false,
    "WeightconversionFactor": "0",
    "IsWeightArticle": false,
    "nutriscoreLabel": "C",
    "IsBio": false,
    "CountryOfOrigin": "HONGARIJE",
    "IsExclusivelySoldInLuxembourg": false,
    "OrderUnit": "P",
    "ShortName": "NISS SOBA NOEDELS TER90",
    "IsNew": false,
    "EcoscoreLabel": "B",
    "RecentQuanityOfStockUnits": "1",
    "LongName": "NISSIN soba noedels Teriyaki 90g",
    "FicCode": "E",
    "EcoscoreValue": "62"
  },
  {
    "productId": "524177",
    "technicalArticleNumber": "4110694",
    "commercialArticleNumber": "8763",
    "name": "ras el hanout",
    "brand": "DUCROS",
    "seoBrand": "Ducros",
    "thumbNail": "https://static.colruytgroup.com/images/200x200/std.lang.all/13/94/asset-1811394.jpg",
    "fullImage": "https://static.colruytgroup.com/images/500x500/std.lang.all/13/94/asset-1811394.jpg",
    "squareImage": "https://static.colruytgroup.com/images/500x500sq/std.lang.all/13/94/asset-1811394.jpg",
    "content": "38g",
    "walkRouteSequenceNumber": 6448,
    "price": {
      "basicPrice": 4.4,
      "recommendedQuantity": "1.0",
      "quantityPrice": 2.21,
      "quantityPriceQuantity": "2.0",
      "measurementUnitPrice": 115.79,
      "measurementUnitQuantityPrice": 58.16,
      "measurementUnit": "K",
      "isRedPrice": false,
      "pricePerUOM": 115.79,
      "activationDate": "21-03-2024",
      "recordSource": "Offline",
      "isPromoActive": "N",
      "priceChangeCode": "L",
      "quantityPricePerUOM": 58.16,
      "quantityActivationDate": "21-03-2024",
      "quantityPriceChangeCode": "E"
    },
    "isAvailable": true,
    "isPriceAvailable": true,
    "inPromo": false,
    "gtin": [
      "03166296212217",
      "03166296212675"
    ],
    "topCategoryName": "Kruidenierswaren/Droge voeding",
    "topCategoryId": "233",
    "businessDomain": "RETAIL_BE",
    "IsPrivateLabel": false,
    "IsBiffe": false,
    "WeightconversionFactor": "0",
    "IsWeightArticle": false,
    "nutriscoreLabel": "E",
    "IsBio": false,
    "CountryOfOrigin": "FRANKRIJK",
    "IsExclusivelySoldInLuxembourg": false,
    "OrderUnit": "P",
    "ShortName": "DUCR RAS EL HANOUT 38G",
    "IsNew": false,
    "EcoscoreLabel": "E",
    "RecentQuanityOfStockUnits": "1,12",
    "LongName": "DUCROS ras el hanout 38g",
    "FicCode": "E",
    "EcoscoreValue": "2"
  },
  {
    "productId": "208027",
    "technicalArticleNumber": "3518902",
    "commercialArticleNumber": "50620",
    "name": "zoetstof tabletten",
    "description": "*Op basis van\nsucralose\n*Bij warme dranken",
    "brand": "BONI",
    "seoBrand": "Boni Selection",
    "thumbNail": "https://static.colruytgroup.com/images/200x200/std.lang.all/56/76/asset-2475676.jpg",
    "fullImage": "https://static.colruytgroup.com/images/500x500/std.lang.all/56/76/asset-2475676.jpg",
    "squareImage": "https://static.colruytgroup.com/images/500x500sq/std.lang.all/56/76/asset-2475676.jpg",
    "content": "500st",
    "walkRouteSequenceNumber": 9187,
    "price": {
      "basicPrice": 1.99,
      "recommendedQuantity": "1.0",
      "measurementUnitPrice": 73.71,
      "measurementUnit": "K",
      "isRedPrice": false,
      "pricePerUOM": 73.71,
      "activationDate": "27-09-2023",
      "recordSource": "Offline",
      "isPromoActive": "N",
      "priceChangeCode": "L"
    },
    "isAvailable": true,
    "isPriceAvailable": true,
    "inPromo": false,
    "gtin": [
      "15400141365518",
      "05400141365511",
      "15400141838081",
      "05400141407747"
    ],
    "topCategoryName": "Kruidenierswaren/Droge voeding",
    "topCategoryId": "233",
    "businessDomain": "RETAIL_BE",
    "IsPrivateLabel": true,
    "IsBiffe": false,
    "WeightconversionFactor": "0",
    "IsWeightArticle": false,
    "nutriscoreLabel": "E",
    "IsBio": false,
    "CountryOfOrigin": "CHINA (VOLKSREBUPLIEK)",
    "IsExclusivelySoldInLuxembourg": false,
    "OrderUnit": "P",
    "ShortName": "BONI SUCRALOSE 500 TABS",
    "IsNew": false,
    "RecentQuanityOfStockUnits": "1",
    "LongName": "BONI zoetstof tabletten 500st",
    "AlcoholVolume": "0",
    "FicCode": "I"
  },
  {
    "productId": "220367",
    "technicalArticleNumber": "3489915",
    "commercialArticleNumber": "50524",
    "name": "saus champignonroom Brik",
    "description": "*Droge saus\n*Zachte smaak\n*Makkelijk doseren\n*Warm gerechten\n*Klaar voor gebruik",
    "brand": "KNORR",
    "seoBrand": "Knorr",
    "thumbNail": "https://static.colruytgroup.com/images/200x200/std.lang.all/46/21/asset-2804621.jpg",
    "fullImage": "https://static.colruytgroup.com/images/500x500/std.lang.all/46/21/asset-2804621.jpg",
    "squareImage": "https://static.colruytgroup.com/images/500x500sq/std.lang.all/46/21/asset-2804621.jpg",
    "content": "300ml",
    "walkRouteSequenceNumber": 8266,
    "price": {
      "basicPrice": 2.34,
      "recommendedQuantity": "2.0",
      "measurementUnitPrice": 7.8,
      "measurementUnit": "L",
      "isRedPrice": false,
      "pricePerUOM": 7.8,
      "activationDate": "08-02-2024",
      "recordSource": "Offline",
      "isPromoActive": "N",
      "priceChangeCode": "H"
    },
    "isAvailable": true,
    "isPriceAvailable": true,
    "inPromo": false,
    "gtin": [
      "08712100965951",
      "08712100634482",
      "08712100634468",
      "05400141002553"
    ],
    "topCategoryName": "Kruidenierswaren/Droge voeding",
    "topCategoryId": "233",
    "businessDomain": "RETAIL_BE",
    "IsPrivateLabel": false,
    "IsBiffe": false,
    "WeightconversionFactor": "0",
    "IsWeightArticle": false,
    "nutriscoreLabel": "C",
    "IsBio": false,
    "CountryOfOrigin": "POLEN",
    "IsExclusivelySoldInLuxembourg": false,
    "OrderUnit": "P",
    "ShortName": "KNORR CHAM.ROOM TET.300",
    "IsNew": false,
    "EcoscoreLabel": "D",
    "RecentQuanityOfStockUnits": "1,12,2",
    "LongName": "KNORR saus champignonroom Brik 300ml",
    "AlcoholVolume": "0",
    "FicCode": "E",
    "EcoscoreValue": "30"
  },
  {
    "productId": "85241",
    "technicalArticleNumber": "2946947",
    "commercialArticleNumber": "38927",
    "name": "stevia kristalpoeder",
    "description": "*Op basis van stevia\n*Bij dranken, fruit,\ndesserts, yoghurt",
    "brand": "PURE VIA",
    "seoBrand": "Pure Via",
    "thumbNail": "https://static.colruytgroup.com/images/200x200/std.lang.all/72/82/asset-3207282.jpg",
    "fullImage": "https://static.colruytgroup.com/images/500x500/std.lang.all/72/82/asset-3207282.jpg",
    "squareImage": "https://static.colruytgroup.com/images/500x500sq/std.lang.all/72/82/asset-3207282.jpg",
    "content": "250g",
    "walkRouteSequenceNumber": 9190,
    "price": {
      "basicPrice": 8.09,
      "recommendedQuantity": "1.0",
      "measurementUnitPrice": 32.36,
      "measurementUnit": "K",
      "isRedPrice": false,
      "pricePerUOM": 32.36,
      "activationDate": "15-03-2024",
      "recordSource": "Offline",
      "isPromoActive": "N",
      "priceChangeCode": "H"
    },
    "isAvailable": true,
    "isPriceAvailable": true,
    "inPromo": false,
    "gtin": [
      "17640110705619",
      "07640110705612"
    ],
    "topCategoryName": "Kruidenierswaren/Droge voeding",
    "topCategoryId": "233",
    "businessDomain": "RETAIL_BE",
    "IsPrivateLabel": false,
    "IsBiffe": false,
    "WeightconversionFactor": "0",
    "IsWeightArticle": false,
    "nutriscoreLabel": "A",
    "IsBio": false,
    "CountryOfOrigin": "TSJECHIË (REPUBLIEK)",
    "IsExclusivelySoldInLuxembourg": false,
    "OrderUnit": "P",
    "ShortName": "PU.VIA KRISTALPOED.250G",
    "IsNew": false,
    "RecentQuanityOfStockUnits": "1",
    "LongName": "PURE VIA stevia kristalpoeder 250g",
    "AlcoholVolume": "0",
    "FicCode": "E"
  },
  {
    "productId": "541212",
    "technicalArticleNumber": "4164853",
    "commercialArticleNumber": "9755",
    "name": "saus",
    "brand": "TABASCO",
    "seoBrand": "Tabasco",
    "thumbNail": "https://static.colruytgroup.com/images/200x200/std.lang.all/80/94/asset-1988094.jpg",
    "fullImage": "https://static.colruytgroup.com/images/500x500/std.lang.all/80/94/asset-1988094.jpg",
    "squareImage": "https://static.colruytgroup.com/images/500x500sq/std.lang.all/80/94/asset-1988094.jpg",
    "content": "150ml",
    "walkRouteSequenceNumber": 8303,
    "price": {
      "basicPrice": 7.59,
      "recommendedQuantity": "1.0",
      "measurementUnitPrice": 50.6,
      "measurementUnit": "L",
      "isRedPrice": false,
      "pricePerUOM": 50.6,
      "activationDate": "12-01-2024",
      "isPromoActive": "N",
      "priceChangeCode": "H"
    },
    "isAvailable": true,
    "isPriceAvailable": true,
    "inPromo": false,
    "gtin": [
      "00011210000155",
      "10011210000152"
    ],
    "topCategoryName": "Kruidenierswaren/Droge voeding",
    "topCategoryId": "233",
    "businessDomain": "RETAIL_BE",
    "IsPrivateLabel": false,
    "IsBiffe": false,
    "WeightconversionFactor": "0",
    "IsWeightArticle": false,
    "nutriscoreLabel": "C",
    "IsBio": false,
    "CountryOfOrigin": "VERENIGDE STATEN VAN AMERIKA",
    "IsExclusivelySoldInLuxembourg": false,
    "OrderUnit": "P",
    "ShortName": "TABA SAUS 150ML",
    "IsNew": false,
    "EcoscoreLabel": "B",
    "RecentQuanityOfStockUnits": "1",
    "LongName": "TABASCO saus 150ml",
    "FicCode": "E",
    "EcoscoreValue": "71"
  },
  {
    "productId": "291098",
    "technicalArticleNumber": "3688448",
    "commercialArticleNumber": "14882",
    "name": "Belgische quinoa",
    "brand": "BONI",
    "seoBrand": "Boni Selection",
    "thumbNail": "https://static.colruytgroup.com/images/200x200/std.lang.all/80/04/asset-2478004.jpg",
    "fullImage": "https://static.colruytgroup.com/images/500x500/std.lang.all/80/04/asset-2478004.jpg",
    "squareImage": "https://static.colruytgroup.com/images/500x500sq/std.lang.all/80/04/asset-2478004.jpg",
    "content": "500g",
    "walkRouteSequenceNumber": 8422,
    "price": {
      "basicPrice": 3.75,
      "recommendedQuantity": "1.0",
      "measurementUnitPrice": 7.5,
      "measurementUnit": "K",
      "isRedPrice": false,
      "pricePerUOM": 7.5,
      "activationDate": "28-10-2023",
      "recordSource": "Offline",
      "isPromoActive": "N",
      "priceChangeCode": "L"
    },
    "isAvailable": true,
    "isPriceAvailable": true,
    "inPromo": false,
    "gtin": [
      "15400141054009",
      "05400141367676",
      "05400141054002",
      "15400141367673"
    ],
    "topCategoryName": "Kruidenierswaren/Droge voeding",
    "topCategoryId": "233",
    "businessDomain": "RETAIL_BE",
    "IsPrivateLabel": true,
    "IsBiffe": false,
    "WeightconversionFactor": "0",
    "IsWeightArticle": false,
    "nutriscoreLabel": "A",
    "IsBio": false,
    "CountryOfOrigin": "BELGIË",
    "IsExclusivelySoldInLuxembourg": false,
    "OrderUnit": "P",
    "ShortName": "BONI BELG.QUINOA 500G",
    "IsNew": false,
    "EcoscoreLabel": "D",
    "RecentQuanityOfStockUnits": "1",
    "LongName": "BONI Belgische quinoa 500g",
    "AlcoholVolume": "0",
    "FicCode": "I",
    "EcoscoreValue": "36"
  },
  {
    "productId": "875318",
    "technicalArticleNumber": "4730315",
    "commercialArticleNumber": "32194",
    "name": "Andalouse",
    "brand": "PAUWELS",
    "seoBrand": "Pauwels",
    "thumbNail": "https://static.colruytgroup.com/images/200x200/std.lang.all/98/84/asset-3219884.jpg",
    "fullImage": "https://static.colruytgroup.com/images/500x500/std.lang.all/98/84/asset-3219884.jpg",
    "squareImage": "https://static.colruytgroup.com/images/500x500sq/std.lang.all/98/84/asset-3219884.jpg",
    "content": "465g",
    "walkRouteSequenceNumber": 8148,
    "price": {
      "basicPrice": 4.99,
      "recommendedQuantity": "1.0",
      "measurementUnitPrice": 10.74,
      "measurementUnit": "K",
      "isRedPrice": false,
      "pricePerUOM": 10.74,
      "activationDate": "19-03-2024",
      "recordSource": "Offline",
      "isPromoActive": "N",
      "priceChangeCode": "H"
    },
    "isAvailable": true,
    "isPriceAvailable": true,
    "inPromo": false,
    "gtin": [
      "05410832606052",
      "05410832139550"
    ],
    "topCategoryName": "Kruidenierswaren/Droge voeding",
    "topCategoryId": "233",
    "businessDomain": "RETAIL_BE",
    "IsPrivateLabel": false,
    "IsBiffe": false,
    "WeightconversionFactor": "0",
    "IsWeightArticle": false,
    "IsBio": false,
    "CountryOfOrigin": "BELGIË",
    "IsExclusivelySoldInLuxembourg": false,
    "OrderUnit": "P",
    "ShortName": "PAUW ANDALOUSE 465G",
    "IsNew": false,
    "EcoscoreLabel": "D",
    "RecentQuanityOfStockUnits": "1",
    "LongName": "PAUWELS Andalouse 465g",
    "FicCode": "E",
    "EcoscoreValue": "34"
  },
  {
    "productId": "79821",
    "technicalArticleNumber": "2565742",
    "commercialArticleNumber": "2745",
    "name": "all in mix bruin brood",
    "description": "*Geschikt voor\nboerenbrood\n*Water toevoegen\n*Geschikt voor de\nbroodmachine",
    "brand": "BONI",
    "seoBrand": "Boni Selection",
    "thumbNail": "https://static.colruytgroup.com/images/200x200/std.lang.all/21/53/asset-2172153.jpg",
    "fullImage": "https://static.colruytgroup.com/images/500x500/std.lang.all/21/53/asset-2172153.jpg",
    "squareImage": "https://static.colruytgroup.com/images/500x500sq/std.lang.all/21/53/asset-2172153.jpg",
    "content": "500g",
    "walkRouteSequenceNumber": 9595,
    "price": {
      "basicPrice": 0.95,
      "recommendedQuantity": "1.0",
      "measurementUnitPrice": 1.9,
      "measurementUnit": "K",
      "isRedPrice": false,
      "pricePerUOM": 1.9,
      "activationDate": "13-03-2024",
      "recordSource": "Offline",
      "isPromoActive": "N",
      "priceChangeCode": "L"
    },
    "isAvailable": true,
    "isPriceAvailable": true,
    "inPromo": false,
    "gtin": [
      "05400141377811",
      "15400141333098",
      "05400141333091",
      "05400141184020"
    ],
    "topCategoryName": "Kruidenierswaren/Droge voeding",
    "topCategoryId": "233",
    "businessDomain": "RETAIL_BE",
    "IsPrivateLabel": true,
    "IsBiffe": false,
    "WeightconversionFactor": "0",
    "IsWeightArticle": false,
    "nutriscoreLabel": "C",
    "IsBio": false,
    "CountryOfOrigin": "BELGIË",
    "IsExclusivelySoldInLuxembourg": false,
    "OrderUnit": "P",
    "ShortName": "BONI MIX BRUIN BROOD500",
    "IsNew": false,
    "EcoscoreLabel": "A",
    "RecentQuanityOfStockUnits": "1,15",
    "LongName": "BONI all in mix bruin brood 500g",
    "AlcoholVolume": "0",
    "FicCode": "I",
    "EcoscoreValue": "91"
  },
  {
    "productId": "871955",
    "technicalArticleNumber": "4726025",
    "commercialArticleNumber": "13331",
    "name": "Langkorrelrijst",
    "brand": "BEN'S ORIGINAL",
    "seoBrand": "Ben's original",
    "thumbNail": "https://static.colruytgroup.com/images/200x200/std.lang.all/61/78/asset-3346178.jpg",
    "fullImage": "https://static.colruytgroup.com/images/500x500/std.lang.all/61/78/asset-3346178.jpg",
    "squareImage": "https://static.colruytgroup.com/images/500x500sq/std.lang.all/61/78/asset-3346178.jpg",
    "content": "220g",
    "walkRouteSequenceNumber": 8414,
    "price": {
      "basicPrice": 2.19,
      "recommendedQuantity": "3.0",
      "measurementUnitPrice": 9.96,
      "measurementUnit": "K",
      "isRedPrice": false,
      "pricePerUOM": 9.96,
      "activationDate": "14-03-2024",
      "recordSource": "Offline",
      "isPromoActive": "N",
      "priceChangeCode": "E"
    },
    "isAvailable": true,
    "isPriceAvailable": true,
    "inPromo": false,
    "gtin": [
      "03487400007063",
      "65400141712652",
      "03487400006936"
    ],
    "topCategoryName": "Kruidenierswaren/Droge voeding",
    "topCategoryId": "233",
    "businessDomain": "RETAIL_BE",
    "IsPrivateLabel": false,
    "IsBiffe": false,
    "WeightconversionFactor": "0",
    "IsWeightArticle": false,
    "nutriscoreLabel": "B",
    "IsBio": false,
    "CountryOfOrigin": "FRANKRIJK",
    "IsExclusivelySoldInLuxembourg": false,
    "OrderUnit": "P",
    "ShortName": "BEOR EX.RIJST LANGKO220",
    "IsNew": false,
    "RecentQuanityOfStockUnits": "3,1",
    "LongName": "BEN'S ORIGINAL Langkorrelrijst 220g",
    "AlcoholVolume": "0",
    "FicCode": "E"
  },
  {
    "productId": "92337",
    "technicalArticleNumber": "2848623",
    "commercialArticleNumber": "7709",
    "name": "saus groene peper zakje",
    "description": "*Droge saus\n*Zachte smaak\n*Makkelijk doseren\n*Warm gerechten\n*Klaar voor gebruik",
    "brand": "KNORR",
    "seoBrand": "Knorr",
    "thumbNail": "https://static.colruytgroup.com/images/200x200/std.lang.all/22/95/asset-2802295.jpg",
    "fullImage": "https://static.colruytgroup.com/images/500x500/std.lang.all/22/95/asset-2802295.jpg",
    "squareImage": "https://static.colruytgroup.com/images/500x500sq/std.lang.all/22/95/asset-2802295.jpg",
    "content": "3x30g",
    "walkRouteSequenceNumber": 8271,
    "price": {
      "basicPrice": 3.65,
      "recommendedQuantity": "2.0",
      "measurementUnitPrice": 40.56,
      "measurementUnit": "K",
      "isRedPrice": false,
      "pricePerUOM": 40.56,
      "activationDate": "15-03-2024",
      "recordSource": "Offline",
      "isPromoActive": "N",
      "priceChangeCode": "H"
    },
    "isAvailable": true,
    "isPriceAvailable": true,
    "inPromo": false,
    "gtin": [
      "05400141036930",
      "08711200761548",
      "08712566471904"
    ],
    "topCategoryName": "Kruidenierswaren/Droge voeding",
    "topCategoryId": "233",
    "businessDomain": "RETAIL_BE",
    "IsPrivateLabel": false,
    "IsBiffe": false,
    "WeightconversionFactor": "0",
    "IsWeightArticle": false,
    "nutriscoreLabel": "C",
    "IsBio": false,
    "CountryOfOrigin": "FRANKRIJK",
    "IsExclusivelySoldInLuxembourg": false,
    "OrderUnit": "P",
    "ShortName": "KNORR GROENE PEPER3X30G",
    "IsNew": false,
    "EcoscoreLabel": "B",
    "RecentQuanityOfStockUnits": "2,1",
    "LongName": "KNORR saus groene peper zakje 3x30g",
    "AlcoholVolume": "0",
    "FicCode": "E",
    "EcoscoreValue": "70"
  },
  {
    "productId": "869912",
    "technicalArticleNumber": "4723355",
    "commercialArticleNumber": "20156",
    "name": "curry",
    "brand": "DUCROS",
    "seoBrand": "Ducros",
    "thumbNail": "https://static.colruytgroup.com/images/200x200/std.lang.all/62/68/asset-3346268.jpg",
    "fullImage": "https://static.colruytgroup.com/images/500x500/std.lang.all/62/68/asset-3346268.jpg",
    "squareImage": "https://static.colruytgroup.com/images/500x500sq/std.lang.all/62/68/asset-3346268.jpg",
    "content": "47g",
    "walkRouteSequenceNumber": 6453,
    "price": {
      "basicPrice": 3.11,
      "recommendedQuantity": "1.0",
      "quantityPrice": 1.55,
      "quantityPriceQuantity": "2.0",
      "measurementUnitPrice": 66.18,
      "measurementUnitQuantityPrice": 32.98,
      "measurementUnit": "K",
      "isRedPrice": false,
      "pricePerUOM": 66.18,
      "activationDate": "22-03-2024",
      "recordSource": "Offline",
      "isPromoActive": "N",
      "priceChangeCode": "H",
      "quantityPricePerUOM": 32.98,
      "quantityActivationDate": "22-03-2024",
      "quantityPriceChangeCode": "E"
    },
    "isAvailable": true,
    "isPriceAvailable": true,
    "inPromo": false,
    "gtin": [
      "03166296552337"
    ],
    "topCategoryName": "Kruidenierswaren/Droge voeding",
    "topCategoryId": "233",
    "businessDomain": "RETAIL_BE",
    "IsPrivateLabel": false,
    "IsBiffe": false,
    "WeightconversionFactor": "0",
    "IsWeightArticle": false,
    "IsBio": false,
    "CountryOfOrigin": "FRANKRIJK",
    "IsExclusivelySoldInLuxembourg": false,
    "OrderUnit": "P",
    "ShortName": "DUCROS KERRIE 47G",
    "IsNew": false,
    "RecentQuanityOfStockUnits": "1",
    "LongName": "DUCROS curry 47g",
    "AlcoholVolume": "0",
    "FicCode": "E"
  },
  {
    "productId": "865590",
    "technicalArticleNumber": "4717780",
    "commercialArticleNumber": "3995",
    "name": "Cheritos in pesto",
    "brand": "BONI",
    "seoBrand": "Boni Selection",
    "thumbNail": "https://static.colruytgroup.com/images/200x200/std.lang.all/89/11/asset-3228911.jpg",
    "fullImage": "https://static.colruytgroup.com/images/500x500/std.lang.all/89/11/asset-3228911.jpg",
    "squareImage": "https://static.colruytgroup.com/images/500x500sq/std.lang.all/89/11/asset-3228911.jpg",
    "content": "150g",
    "walkRouteSequenceNumber": 7666,
    "price": {
      "basicPrice": 2.99,
      "recommendedQuantity": "1.0",
      "quantityPrice": 2.75,
      "quantityPriceQuantity": "3.0",
      "measurementUnitPrice": 19.94,
      "measurementUnitQuantityPrice": 18.34,
      "measurementUnit": "K",
      "isRedPrice": false,
      "pricePerUOM": 19.94,
      "activationDate": "27-04-2023",
      "isPromoActive": "N",
      "priceChangeCode": "E",
      "quantityPricePerUOM": 18.34,
      "quantityActivationDate": "27-04-2023",
      "quantityPriceChangeCode": "E"
    },
    "isAvailable": true,
    "isPriceAvailable": true,
    "inPromo": false,
    "gtin": [
      "15400141453321",
      "05400141443684"
    ],
    "topCategoryName": "Chips/Borrelhapjes",
    "topCategoryId": "306",
    "businessDomain": "RETAIL_BE",
    "IsPrivateLabel": true,
    "IsBiffe": false,
    "WeightconversionFactor": "0",
    "IsWeightArticle": false,
    "nutriscoreLabel": "C",
    "IsBio": false,
    "CountryOfOrigin": "BELGIË",
    "IsExclusivelySoldInLuxembourg": false,
    "OrderUnit": "P",
    "ShortName": "BONI CHERITOS PESTO150G",
    "IsNew": false,
    "EcoscoreLabel": "E",
    "RecentQuanityOfStockUnits": "1",
    "LongName": "BONI Cheritos in pesto 150g",
    "FicCode": "I",
    "EcoscoreValue": "0"
  },
  {
    "productId": "54194",
    "technicalArticleNumber": "2455724",
    "commercialArticleNumber": "37258",
    "name": "bouillon rund vetarm",
    "description": "*Vetarme\nrundsbouillon in\nblokjes",
    "brand": "LIEBIG",
    "seoBrand": "Liebig",
    "thumbNail": "https://static.colruytgroup.com/images/200x200/std.lang.all/36/86/asset-3353686.jpg",
    "fullImage": "https://static.colruytgroup.com/images/500x500/std.lang.all/36/86/asset-3353686.jpg",
    "squareImage": "https://static.colruytgroup.com/images/500x500sq/std.lang.all/36/86/asset-3353686.jpg",
    "content": "72st",
    "walkRouteSequenceNumber": 6535,
    "price": {
      "basicPrice": 9.99,
      "recommendedQuantity": "1.0",
      "measurementUnitPrice": 13.88,
      "measurementUnit": "K",
      "isRedPrice": false,
      "pricePerUOM": 13.88,
      "activationDate": "05-03-2024",
      "recordSource": "Offline",
      "isPromoActive": "N",
      "priceChangeCode": "L"
    },
    "isAvailable": true,
    "isPriceAvailable": true,
    "inPromo": false,
    "gtin": [
      "05414972102467",
      "05414972702469"
    ],
    "topCategoryName": "Kruidenierswaren/Droge voeding",
    "topCategoryId": "233",
    "businessDomain": "RETAIL_BE",
    "IsPrivateLabel": false,
    "IsBiffe": false,
    "WeightconversionFactor": "0",
    "IsWeightArticle": false,
    "nutriscoreLabel": "C",
    "IsBio": false,
    "CountryOfOrigin": "DUITSLAND",
    "IsExclusivelySoldInLuxembourg": false,
    "OrderUnit": "P",
    "ShortName": "LIEB RUNDS VETA. 72 TA",
    "IsNew": false,
    "EcoscoreLabel": "B",
    "RecentQuanityOfStockUnits": "1",
    "LongName": "LIEBIG bouillon rund vetarm 72st",
    "AlcoholVolume": "0",
    "FicCode": "E",
    "EcoscoreValue": "79"
  },
  {
    "productId": "747776",
    "technicalArticleNumber": "4517003",
    "commercialArticleNumber": "15801",
    "name": "Yakisoba chicken",
    "brand": "AÏKI",
    "seoBrand": "Aïki",
    "thumbNail": "https://static.colruytgroup.com/images/200x200/std.lang.all/47/28/asset-3374728.jpg",
    "fullImage": "https://static.colruytgroup.com/images/500x500/std.lang.all/47/28/asset-3374728.jpg",
    "squareImage": "https://static.colruytgroup.com/images/500x500sq/std.lang.all/47/28/asset-3374728.jpg",
    "content": "95g",
    "walkRouteSequenceNumber": 16980,
    "price": {
      "basicPrice": 2.29,
      "recommendedQuantity": "1.0",
      "measurementUnitPrice": 24.11,
      "measurementUnit": "K",
      "isRedPrice": false,
      "pricePerUOM": 24.11,
      "activationDate": "22-02-2024",
      "recordSource": "Offline",
      "isPromoActive": "N",
      "priceChangeCode": "E"
    },
    "isAvailable": true,
    "isPriceAvailable": true,
    "inPromo": false,
    "gtin": [
      "05414972730363",
      "05414972130361"
    ],
    "topCategoryName": "Kruidenierswaren/Droge voeding",
    "topCategoryId": "233",
    "businessDomain": "RETAIL_BE",
    "IsPrivateLabel": false,
    "IsBiffe": false,
    "WeightconversionFactor": "0",
    "IsWeightArticle": false,
    "IsBio": false,
    "CountryOfOrigin": "POLEN",
    "IsExclusivelySoldInLuxembourg": false,
    "OrderUnit": "P",
    "ShortName": "AIKI YAKISOBA CHICKEN95",
    "IsNew": false,
    "EcoscoreLabel": "B",
    "RecentQuanityOfStockUnits": "1,8",
    "LongName": "AÏKI Yakisoba chicken 95g",
    "FicCode": "E",
    "EcoscoreValue": "62"
  },
  {
    "productId": "289977",
    "technicalArticleNumber": "3678629",
    "commercialArticleNumber": "22434",
    "name": "noodles cl.yakisoba pot",
    "description": "*Noedels met\nyakisobasaus",
    "brand": "NISSIN SOBA",
    "seoBrand": "Nissin Soba",
    "thumbNail": "https://static.colruytgroup.com/images/200x200/std.lang.all/47/45/asset-1204745.jpg",
    "fullImage": "https://static.colruytgroup.com/images/500x500/std.lang.all/47/45/asset-1204745.jpg",
    "squareImage": "https://static.colruytgroup.com/images/500x500sq/std.lang.all/47/45/asset-1204745.jpg",
    "content": "90g",
    "walkRouteSequenceNumber": 16975,
    "price": {
      "basicPrice": 2.89,
      "recommendedQuantity": "3.0",
      "measurementUnitPrice": 32.12,
      "measurementUnit": "K",
      "isRedPrice": false,
      "pricePerUOM": 32.12,
      "activationDate": "20-03-2024",
      "recordSource": "Offline",
      "isPromoActive": "N",
      "priceChangeCode": "H"
    },
    "isAvailable": true,
    "isPriceAvailable": true,
    "inPromo": false,
    "gtin": [
      "05997523313128",
      "65400141312432",
      "05997523313111",
      "85400141615971"
    ],
    "topCategoryName": "Kruidenierswaren/Droge voeding",
    "topCategoryId": "233",
    "businessDomain": "RETAIL_BE",
    "IsPrivateLabel": false,
    "IsBiffe": false,
    "WeightconversionFactor": "0",
    "IsWeightArticle": false,
    "IsBio": false,
    "CountryOfOrigin": "HONGARIJE",
    "IsExclusivelySoldInLuxembourg": false,
    "OrderUnit": "P",
    "ShortName": "SOBA NOEDELS CLASSIC 90",
    "IsNew": false,
    "EcoscoreLabel": "B",
    "RecentQuanityOfStockUnits": "1",
    "LongName": "NISSIN SOBA noodles cl.yakisoba pot 90g",
    "AlcoholVolume": "0",
    "FicCode": "E",
    "EcoscoreValue": "62"
  },
  {
    "productId": "641565",
    "technicalArticleNumber": "4335103",
    "commercialArticleNumber": "19393",
    "name": "vissaus",
    "brand": "SO THAI",
    "seoBrand": "So Thai",
    "thumbNail": "https://static.colruytgroup.com/images/200x200/std.lang.all/18/95/asset-2371895.jpg",
    "fullImage": "https://static.colruytgroup.com/images/500x500/std.lang.all/18/95/asset-2371895.jpg",
    "squareImage": "https://static.colruytgroup.com/images/500x500sq/std.lang.all/18/95/asset-2371895.jpg",
    "content": "190ml",
    "walkRouteSequenceNumber": 8678,
    "price": {
      "basicPrice": 3.04,
      "recommendedQuantity": "1.0",
      "measurementUnitPrice": 16,
      "measurementUnit": "L",
      "isRedPrice": false,
      "pricePerUOM": 16,
      "activationDate": "05-03-2024",
      "recordSource": "Offline",
      "isPromoActive": "N",
      "priceChangeCode": "H"
    },
    "isAvailable": true,
    "isPriceAvailable": true,
    "inPromo": false,
    "gtin": [
      "08715017719785",
      "08715017719792"
    ],
    "topCategoryName": "Kruidenierswaren/Droge voeding",
    "topCategoryId": "233",
    "businessDomain": "RETAIL_BE",
    "IsPrivateLabel": false,
    "IsBiffe": false,
    "WeightconversionFactor": "0",
    "IsWeightArticle": false,
    "nutriscoreLabel": "E",
    "IsBio": false,
    "CountryOfOrigin": "THAILAND",
    "IsExclusivelySoldInLuxembourg": false,
    "OrderUnit": "P",
    "ShortName": "SOTH VISSAUS 190ML",
    "IsNew": false,
    "EcoscoreLabel": "B",
    "RecentQuanityOfStockUnits": "1",
    "LongName": "SO THAI vissaus 190ml",
    "FicCode": "E",
    "EcoscoreValue": "74"
  },
  {
    "productId": "816321",
    "technicalArticleNumber": "4645296",
    "commercialArticleNumber": "24271",
    "name": "rice cracker paprika",
    "description": "*Glutenvrij",
    "brand": "N.A!",
    "seoBrand": "N.A!",
    "thumbNail": "https://static.colruytgroup.com/images/200x200/std.lang.all/91/60/asset-3009160.jpg",
    "fullImage": "https://static.colruytgroup.com/images/500x500/std.lang.all/91/60/asset-3009160.jpg",
    "squareImage": "https://static.colruytgroup.com/images/500x500sq/std.lang.all/91/60/asset-3009160.jpg",
    "content": "85g",
    "walkRouteSequenceNumber": 2266,
    "price": {
      "basicPrice": 2.45,
      "recommendedQuantity": "1.0",
      "measurementUnitPrice": 28.83,
      "measurementUnit": "K",
      "isRedPrice": false,
      "pricePerUOM": 28.83,
      "activationDate": "07-03-2024",
      "recordSource": "Offline",
      "isPromoActive": "N",
      "priceChangeCode": "L"
    },
    "isAvailable": true,
    "isPriceAvailable": true,
    "inPromo": false,
    "gtin": [
      "03609200011013"
    ],
    "topCategoryName": "Brood/Ontbijt",
    "topCategoryId": "124",
    "businessDomain": "RETAIL_BE",
    "IsPrivateLabel": false,
    "IsBiffe": false,
    "WeightconversionFactor": "0",
    "IsWeightArticle": false,
    "nutriscoreLabel": "C",
    "IsBio": false,
    "CountryOfOrigin": "THAILAND",
    "IsExclusivelySoldInLuxembourg": false,
    "OrderUnit": "P",
    "ShortName": "N.A RICE CRACK.PAPRI.85",
    "IsNew": false,
    "EcoscoreLabel": "C",
    "RecentQuanityOfStockUnits": "12,1",
    "LongName": "N.A! rice cracker paprika 85g",
    "FicCode": "E",
    "EcoscoreValue": "43"
  },
  {
    "productId": "869921",
    "technicalArticleNumber": "4723368",
    "commercialArticleNumber": "20205",
    "name": "mix voor gevogelte",
    "brand": "DUCROS",
    "seoBrand": "Ducros",
    "thumbNail": "https://static.colruytgroup.com/images/200x200/std.lang.all/62/70/asset-3346270.jpg",
    "fullImage": "https://static.colruytgroup.com/images/500x500/std.lang.all/62/70/asset-3346270.jpg",
    "squareImage": "https://static.colruytgroup.com/images/500x500sq/std.lang.all/62/70/asset-3346270.jpg",
    "content": "59g",
    "walkRouteSequenceNumber": 6479,
    "price": {
      "basicPrice": 3.27,
      "recommendedQuantity": "1.0",
      "measurementUnitPrice": 55.43,
      "measurementUnit": "K",
      "isRedPrice": false,
      "pricePerUOM": 55.43,
      "activationDate": "13-03-2024",
      "recordSource": "Offline",
      "isPromoActive": "N",
      "priceChangeCode": "E"
    },
    "isAvailable": true,
    "isPriceAvailable": true,
    "inPromo": false,
    "gtin": [
      "03166296652211"
    ],
    "topCategoryName": "Kruidenierswaren/Droge voeding",
    "topCategoryId": "233",
    "businessDomain": "RETAIL_BE",
    "IsPrivateLabel": false,
    "IsBiffe": false,
    "WeightconversionFactor": "0",
    "IsWeightArticle": false,
    "IsBio": false,
    "CountryOfOrigin": "FRANKRIJK",
    "IsExclusivelySoldInLuxembourg": false,
    "OrderUnit": "P",
    "ShortName": "DUCR MENGELING KIP 59G",
    "IsNew": false,
    "RecentQuanityOfStockUnits": "1",
    "LongName": "DUCROS mix voor gevogelte 59g",
    "FicCode": "E"
  },
  {
    "productId": "16064",
    "technicalArticleNumber": "1540002",
    "commercialArticleNumber": "14018",
    "name": "rijstgriesmeel",
    "description": "*Fijngemalen rijst\n*Bindmiddel soep\n*Bindmiddel desserts\n*Licht verteerbaar",
    "brand": "SOUBRY",
    "seoBrand": "Soubry",
    "thumbNail": "https://static.colruytgroup.com/images/200x200/std.lang.all/73/06/asset-857306.jpg",
    "fullImage": "https://static.colruytgroup.com/images/500x500/std.lang.all/73/06/asset-857306.jpg",
    "squareImage": "https://static.colruytgroup.com/images/500x500sq/std.lang.all/73/06/asset-857306.jpg",
    "content": "250g",
    "walkRouteSequenceNumber": 9600,
    "price": {
      "basicPrice": 1.69,
      "recommendedQuantity": "1.0",
      "measurementUnitPrice": 6.76,
      "measurementUnit": "K",
      "isRedPrice": false,
      "pricePerUOM": 6.76,
      "activationDate": "07-03-2024",
      "recordSource": "Offline",
      "isPromoActive": "N",
      "priceChangeCode": "H"
    },
    "isAvailable": true,
    "isPriceAvailable": true,
    "inPromo": false,
    "gtin": [
      "65410028636605",
      "05410028636009",
      "65410028636001"
    ],
    "topCategoryName": "Kruidenierswaren/Droge voeding",
    "topCategoryId": "233",
    "businessDomain": "RETAIL_BE",
    "IsPrivateLabel": false,
    "IsBiffe": false,
    "WeightconversionFactor": "0",
    "IsWeightArticle": false,
    "nutriscoreLabel": "A",
    "IsBio": false,
    "CountryOfOrigin": "BELGIË",
    "IsExclusivelySoldInLuxembourg": false,
    "OrderUnit": "P",
    "ShortName": "SOUBRY RIJSTGRIESM 250G",
    "IsNew": false,
    "EcoscoreLabel": "D",
    "RecentQuanityOfStockUnits": "1",
    "LongName": "SOUBRY rijstgriesmeel 250g",
    "AlcoholVolume": "0",
    "FicCode": "E",
    "EcoscoreValue": "27"
  },
  {
    "productId": "10189",
    "technicalArticleNumber": "1127312",
    "commercialArticleNumber": "13628",
    "name": "saus banzai",
    "brand": "LA WILLIAM",
    "seoBrand": "La William",
    "thumbNail": "https://static.colruytgroup.com/images/200x200/std.lang.all/03/27/asset-530327.jpg",
    "fullImage": "https://static.colruytgroup.com/images/500x500/std.lang.all/03/27/asset-530327.jpg",
    "squareImage": "https://static.colruytgroup.com/images/500x500sq/std.lang.all/03/27/asset-530327.jpg",
    "content": "300ml",
    "walkRouteSequenceNumber": 8156,
    "price": {
      "basicPrice": 3.45,
      "recommendedQuantity": "1.0",
      "quantityPrice": 2.58,
      "quantityPriceQuantity": "2.0",
      "measurementUnitPrice": 11.5,
      "measurementUnitQuantityPrice": 8.6,
      "measurementUnit": "L",
      "isRedPrice": false,
      "pricePerUOM": 11.5,
      "activationDate": "20-03-2024",
      "recordSource": "Offline",
      "isPromoActive": "N",
      "priceChangeCode": "E",
      "quantityPricePerUOM": 8.6,
      "quantityActivationDate": "20-03-2024",
      "quantityPriceChangeCode": "L"
    },
    "isAvailable": true,
    "isPriceAvailable": true,
    "inPromo": false,
    "gtin": [
      "05410426007968",
      "05410426007944"
    ],
    "topCategoryName": "Kruidenierswaren/Droge voeding",
    "topCategoryId": "233",
    "businessDomain": "RETAIL_BE",
    "IsPrivateLabel": false,
    "IsBiffe": false,
    "WeightconversionFactor": "0",
    "IsWeightArticle": false,
    "IsBio": false,
    "CountryOfOrigin": "BELGIË",
    "IsExclusivelySoldInLuxembourg": false,
    "OrderUnit": "P",
    "ShortName": "WILLIAM BANZAI 300ML",
    "IsNew": false,
    "EcoscoreLabel": "B",
    "RecentQuanityOfStockUnits": "1",
    "LongName": "LA WILLIAM saus banzai 300ml",
    "AlcoholVolume": "0",
    "FicCode": "E",
    "EcoscoreValue": "68"
  },
  {
    "productId": "522001",
    "technicalArticleNumber": "4107165",
    "commercialArticleNumber": "8622",
    "name": "pastasnack Mac & Cheese",
    "description": "*Snack\n*Klaar voor gebruik\n*Makkelijk bereiden\n*Instant maaltijd\n*Mac & Cheese smaak",
    "brand": "KNORR",
    "seoBrand": "Knorr",
    "thumbNail": "https://static.colruytgroup.com/images/200x200/std.lang.all/53/64/asset-2795364.jpg",
    "fullImage": "https://static.colruytgroup.com/images/500x500/std.lang.all/53/64/asset-2795364.jpg",
    "squareImage": "https://static.colruytgroup.com/images/500x500sq/std.lang.all/53/64/asset-2795364.jpg",
    "content": "62g",
    "walkRouteSequenceNumber": 17036,
    "price": {
      "basicPrice": 1.25,
      "recommendedQuantity": "1.0",
      "measurementUnitPrice": 20.17,
      "measurementUnit": "K",
      "isRedPrice": false,
      "pricePerUOM": 20.17,
      "activationDate": "19-03-2024",
      "recordSource": "Folder",
      "isPromoActive": "N",
      "priceChangeCode": "L"
    },
    "isAvailable": true,
    "isPriceAvailable": true,
    "inPromo": true,
    "promotion": [
      {
        "techPromoId": "100944COLR",
        "promotionId": "100944",
        "promotionType": "4",
        "isPersonalized": "N",
        "publicationStartDate": "13-03-2024",
        "publicationEndDate": "26-03-2024"
      }
    ],
    "gtin": [
      "08711200483600",
      "08711200483594"
    ],
    "topCategoryName": "Kruidenierswaren/Droge voeding",
    "topCategoryId": "233",
    "businessDomain": "RETAIL_BE",
    "IsPrivateLabel": false,
    "IsBiffe": false,
    "WeightconversionFactor": "0",
    "IsWeightArticle": false,
    "IsBio": false,
    "CountryOfOrigin": "DUITSLAND",
    "IsExclusivelySoldInLuxembourg": false,
    "OrderUnit": "P",
    "ShortName": "KNOR PASTASN.MAC&CHE62G",
    "IsNew": false,
    "EcoscoreLabel": "C",
    "RecentQuanityOfStockUnits": "1,8",
    "LongName": "KNORR pastasnack Mac & Cheese 62g",
    "FicCode": "E",
    "EcoscoreValue": "49"
  },
  {
    "productId": "608",
    "technicalArticleNumber": "5920",
    "commercialArticleNumber": "5920",
    "name": "geleisuiker Minut'",
    "brand": "TIENSE SUIKER",
    "seoBrand": "Tiense Suiker",
    "thumbNail": "https://static.colruytgroup.com/images/200x200/std.lang.all/23/82/asset-3242382.jpg",
    "fullImage": "https://static.colruytgroup.com/images/500x500/std.lang.all/23/82/asset-3242382.jpg",
    "squareImage": "https://static.colruytgroup.com/images/500x500sq/std.lang.all/23/82/asset-3242382.jpg",
    "content": "1kg",
    "walkRouteSequenceNumber": 9307,
    "price": {
      "basicPrice": 3.04,
      "recommendedQuantity": "1.0",
      "measurementUnitPrice": 3.04,
      "measurementUnit": "K",
      "isRedPrice": false,
      "pricePerUOM": 3.04,
      "activationDate": "17-02-2024",
      "recordSource": "Offline",
      "isPromoActive": "N",
      "priceChangeCode": "E"
    },
    "isAvailable": true,
    "isPriceAvailable": true,
    "inPromo": false,
    "gtin": [
      "05410301008011",
      "05410301108018"
    ],
    "topCategoryName": "Kruidenierswaren/Droge voeding",
    "topCategoryId": "233",
    "businessDomain": "RETAIL_BE",
    "IsPrivateLabel": false,
    "IsBiffe": false,
    "WeightconversionFactor": "0",
    "IsWeightArticle": false,
    "nutriscoreLabel": "E",
    "IsBio": false,
    "CountryOfOrigin": "BELGIË",
    "IsExclusivelySoldInLuxembourg": false,
    "OrderUnit": "P",
    "ShortName": "TIEN.MINUT SUIKER 1 KG.",
    "IsNew": false,
    "EcoscoreLabel": "A",
    "RecentQuanityOfStockUnits": "10,1",
    "LongName": "TIENSE SUIKER geleisuiker Minut' 1kg",
    "AlcoholVolume": "0",
    "FicCode": "E",
    "EcoscoreValue": "100"
  },
  {
    "productId": "863494",
    "technicalArticleNumber": "4714906",
    "commercialArticleNumber": "31921",
    "name": "Hummus met Muhammara",
    "brand": "BONI",
    "seoBrand": "Boni Selection",
    "thumbNail": "https://static.colruytgroup.com/images/200x200/std.lang.all/24/95/asset-3202495.jpg",
    "fullImage": "https://static.colruytgroup.com/images/500x500/std.lang.all/24/95/asset-3202495.jpg",
    "squareImage": "https://static.colruytgroup.com/images/500x500sq/std.lang.all/24/95/asset-3202495.jpg",
    "content": "175g",
    "walkRouteSequenceNumber": 7769,
    "price": {
      "basicPrice": 2.5,
      "recommendedQuantity": "1.0",
      "quantityPrice": 2.3,
      "quantityPriceQuantity": "3.0",
      "measurementUnitPrice": 14.29,
      "measurementUnitQuantityPrice": 13.15,
      "measurementUnit": "K",
      "isRedPrice": false,
      "pricePerUOM": 14.29,
      "activationDate": "13-03-2024",
      "isPromoActive": "N",
      "priceChangeCode": "E",
      "quantityPricePerUOM": 13.15,
      "quantityActivationDate": "13-03-2024",
      "quantityPriceChangeCode": "E"
    },
    "isAvailable": true,
    "isPriceAvailable": true,
    "inPromo": false,
    "gtin": [
      "05400141443677",
      "25400141453328"
    ],
    "topCategoryName": "Chips/Borrelhapjes",
    "topCategoryId": "306",
    "businessDomain": "RETAIL_BE",
    "IsPrivateLabel": true,
    "IsBiffe": false,
    "WeightconversionFactor": "0",
    "IsWeightArticle": false,
    "nutriscoreLabel": "C",
    "IsBio": false,
    "CountryOfOrigin": "BELGIË",
    "IsExclusivelySoldInLuxembourg": false,
    "OrderUnit": "P",
    "ShortName": "BONI HUMMUS MUHAMM.175G",
    "IsNew": false,
    "EcoscoreLabel": "B",
    "RecentQuanityOfStockUnits": "1,6",
    "LongName": "BONI Hummus met Muhammara 175g",
    "FicCode": "I",
    "EcoscoreValue": "72"
  },
  {
    "productId": "863492",
    "technicalArticleNumber": "4714896",
    "commercialArticleNumber": "31918",
    "name": "Tomaat mozzarella dip",
    "brand": "BONI",
    "seoBrand": "Boni Selection",
    "thumbNail": "https://static.colruytgroup.com/images/200x200/std.lang.all/42/59/asset-3424259.jpg",
    "fullImage": "https://static.colruytgroup.com/images/500x500/std.lang.all/42/59/asset-3424259.jpg",
    "squareImage": "https://static.colruytgroup.com/images/500x500sq/std.lang.all/42/59/asset-3424259.jpg",
    "content": "175g",
    "walkRouteSequenceNumber": 6789,
    "price": {
      "basicPrice": 2.5,
      "recommendedQuantity": "1.0",
      "quantityPrice": 2.4,
      "quantityPriceQuantity": "3.0",
      "measurementUnitPrice": 14.29,
      "measurementUnitQuantityPrice": 13.72,
      "measurementUnit": "K",
      "isRedPrice": false,
      "pricePerUOM": 14.29,
      "activationDate": "24-03-2023",
      "isPromoActive": "N",
      "priceChangeCode": "E",
      "quantityPricePerUOM": 13.72,
      "quantityActivationDate": "24-03-2023",
      "quantityPriceChangeCode": "E"
    },
    "isAvailable": true,
    "isPriceAvailable": true,
    "inPromo": false,
    "gtin": [
      "35400141453325",
      "05400141443660"
    ],
    "topCategoryName": "Chips/Borrelhapjes",
    "topCategoryId": "306",
    "businessDomain": "RETAIL_BE",
    "IsPrivateLabel": true,
    "IsBiffe": false,
    "WeightconversionFactor": "0",
    "IsWeightArticle": false,
    "nutriscoreLabel": "E",
    "IsBio": false,
    "CountryOfOrigin": "BELGIË",
    "IsExclusivelySoldInLuxembourg": false,
    "OrderUnit": "P",
    "ShortName": "BONI TOMA.MOZZ.DIP 175G",
    "IsNew": false,
    "EcoscoreLabel": "C",
    "RecentQuanityOfStockUnits": "1",
    "LongName": "BONI Tomaat mozzarella dip 175g",
    "FicCode": "I",
    "EcoscoreValue": "43"
  },
  {
    "productId": "25119",
    "technicalArticleNumber": "2176770",
    "commercialArticleNumber": "14954",
    "name": "kruiden curry",
    "brand": "BONI",
    "seoBrand": "Boni Selection",
    "thumbNail": "https://static.colruytgroup.com/images/200x200/std.lang.all/66/64/asset-2756664.jpg",
    "fullImage": "https://static.colruytgroup.com/images/500x500/std.lang.all/66/64/asset-2756664.jpg",
    "squareImage": "https://static.colruytgroup.com/images/500x500sq/std.lang.all/66/64/asset-2756664.jpg",
    "content": "450g",
    "walkRouteSequenceNumber": 6424,
    "price": {
      "basicPrice": 6.49,
      "recommendedQuantity": "1.0",
      "measurementUnitPrice": 14.43,
      "measurementUnit": "K",
      "isRedPrice": false,
      "pricePerUOM": 14.43,
      "activationDate": "14-03-2024",
      "isPromoActive": "N",
      "priceChangeCode": "E"
    },
    "isAvailable": true,
    "isPriceAvailable": true,
    "inPromo": false,
    "gtin": [
      "05400141764543",
      "05400141097467",
      "15400141962700"
    ],
    "topCategoryName": "Kruidenierswaren/Droge voeding",
    "topCategoryId": "233",
    "businessDomain": "RETAIL_BE",
    "IsPrivateLabel": true,
    "IsBiffe": false,
    "WeightconversionFactor": "0",
    "IsWeightArticle": false,
    "nutriscoreLabel": "E",
    "IsBio": false,
    "CountryOfOrigin": "INDIA",
    "IsExclusivelySoldInLuxembourg": false,
    "OrderUnit": "P",
    "ShortName": "BONI KERRIE 450G",
    "IsNew": false,
    "EcoscoreLabel": "E",
    "RecentQuanityOfStockUnits": "1,4",
    "LongName": "BONI kruiden curry 450g",
    "AlcoholVolume": "0",
    "FicCode": "I",
    "EcoscoreValue": "15"
  },
  {
    "productId": "759672",
    "technicalArticleNumber": "4537375",
    "commercialArticleNumber": "28269",
    "name": "melba toast xl natu.",
    "brand": "VAN DER MEULEN",
    "seoBrand": "Van Der Meulen",
    "thumbNail": "https://static.colruytgroup.com/images/200x200/std.lang.all/61/17/asset-3306117.jpg",
    "fullImage": "https://static.colruytgroup.com/images/500x500/std.lang.all/61/17/asset-3306117.jpg",
    "squareImage": "https://static.colruytgroup.com/images/500x500sq/std.lang.all/61/17/asset-3306117.jpg",
    "content": "200g",
    "walkRouteSequenceNumber": 4493,
    "price": {
      "basicPrice": 2.81,
      "recommendedQuantity": "1.0",
      "measurementUnitPrice": 14.05,
      "measurementUnit": "K",
      "isRedPrice": false,
      "pricePerUOM": 14.05,
      "activationDate": "15-03-2024",
      "recordSource": "Offline",
      "isPromoActive": "N",
      "priceChangeCode": "L"
    },
    "isAvailable": true,
    "isPriceAvailable": true,
    "inPromo": false,
    "gtin": [
      "08710649121180",
      "08710649622465"
    ],
    "topCategoryName": "Brood/Ontbijt",
    "topCategoryId": "124",
    "businessDomain": "RETAIL_BE",
    "IsPrivateLabel": false,
    "IsBiffe": false,
    "WeightconversionFactor": "0",
    "IsWeightArticle": false,
    "nutriscoreLabel": "C",
    "IsBio": false,
    "CountryOfOrigin": "NEDERLAND",
    "IsExclusivelySoldInLuxembourg": false,
    "OrderUnit": "P",
    "ShortName": "VDM MELB.TOAS.XL NAT200",
    "IsNew": false,
    "EcoscoreLabel": "B",
    "RecentQuanityOfStockUnits": "1",
    "LongName": "VAN DER MEULEN melba toast xl natu. 200g",
    "FicCode": "E",
    "EcoscoreValue": "75"
  },
  {
    "productId": "101838",
    "technicalArticleNumber": "3104153",
    "commercialArticleNumber": "43693",
    "name": "thai brik",
    "description": "*Thaïse soep",
    "brand": "LIEBIG DÉLISOUP",
    "seoBrand": "Liebig Délisoup",
    "thumbNail": "https://static.colruytgroup.com/images/200x200/nl_be/35/81/asset-3353581.jpg",
    "fullImage": "https://static.colruytgroup.com/images/500x500/nl_be/35/81/asset-3353581.jpg",
    "squareImage": "https://static.colruytgroup.com/images/500x500sq/nl_be/35/81/asset-3353581.jpg",
    "content": "1L",
    "walkRouteSequenceNumber": 16932,
    "price": {
      "basicPrice": 5.39,
      "recommendedQuantity": "1.0",
      "measurementUnitPrice": 5.39,
      "measurementUnit": "L",
      "isRedPrice": false,
      "pricePerUOM": 5.39,
      "activationDate": "13-03-2024",
      "recordSource": "Offline",
      "isPromoActive": "N",
      "priceChangeCode": "E"
    },
    "isAvailable": true,
    "isPriceAvailable": true,
    "inPromo": false,
    "gtin": [
      "05414972709512",
      "05414972109510"
    ],
    "topCategoryName": "Kruidenierswaren/Droge voeding",
    "topCategoryId": "233",
    "businessDomain": "RETAIL_BE",
    "IsPrivateLabel": false,
    "IsBiffe": false,
    "WeightconversionFactor": "0",
    "IsWeightArticle": false,
    "nutriscoreLabel": "B",
    "IsBio": false,
    "CountryOfOrigin": "FRANKRIJK",
    "IsExclusivelySoldInLuxembourg": false,
    "OrderUnit": "P",
    "ShortName": "LIEBIG DS THAISE SOEP1L",
    "IsNew": false,
    "EcoscoreLabel": "B",
    "RecentQuanityOfStockUnits": "1",
    "LongName": "LIEBIG DÉLISOUP thai brik 1L",
    "AlcoholVolume": "0",
    "FicCode": "E",
    "EcoscoreValue": "78"
  },
  {
    "productId": "104324",
    "technicalArticleNumber": "3120070",
    "commercialArticleNumber": "43822",
    "name": "saus hot sauce top-down",
    "brand": "BICKY",
    "seoBrand": "Bicky",
    "thumbNail": "https://static.colruytgroup.com/images/200x200/std.lang.all/71/31/asset-1467131.jpg",
    "fullImage": "https://static.colruytgroup.com/images/500x500/std.lang.all/71/31/asset-1467131.jpg",
    "squareImage": "https://static.colruytgroup.com/images/500x500sq/std.lang.all/71/31/asset-1467131.jpg",
    "content": "350ml",
    "walkRouteSequenceNumber": 8141,
    "price": {
      "basicPrice": 5.29,
      "recommendedQuantity": "1.0",
      "measurementUnitPrice": 15.12,
      "measurementUnit": "L",
      "isRedPrice": false,
      "pricePerUOM": 15.12,
      "activationDate": "07-02-2024",
      "recordSource": "Offline",
      "isPromoActive": "N",
      "priceChangeCode": "H"
    },
    "isAvailable": true,
    "isPriceAvailable": true,
    "inPromo": false,
    "gtin": [
      "08710555147649",
      "08710555476404"
    ],
    "topCategoryName": "Kruidenierswaren/Droge voeding",
    "topCategoryId": "233",
    "businessDomain": "RETAIL_BE",
    "IsPrivateLabel": false,
    "IsBiffe": false,
    "WeightconversionFactor": "0",
    "IsWeightArticle": false,
    "nutriscoreLabel": "C",
    "IsBio": false,
    "CountryOfOrigin": "BELGIË",
    "IsExclusivelySoldInLuxembourg": false,
    "OrderUnit": "P",
    "ShortName": "BICKY HOT SAUS 350ML",
    "IsNew": false,
    "EcoscoreLabel": "C",
    "RecentQuanityOfStockUnits": "1",
    "LongName": "BICKY saus hot sauce top-down 350ml",
    "AlcoholVolume": "0",
    "FicCode": "E",
    "EcoscoreValue": "58"
  },
  {
    "productId": "895",
    "technicalArticleNumber": "13646",
    "commercialArticleNumber": "13646",
    "name": "witte peper bolletjes",
    "brand": "BONI",
    "seoBrand": "Boni Selection",
    "thumbNail": "https://static.colruytgroup.com/images/200x200/std.lang.all/83/70/asset-3028370.jpg",
    "fullImage": "https://static.colruytgroup.com/images/500x500/std.lang.all/83/70/asset-3028370.jpg",
    "squareImage": "https://static.colruytgroup.com/images/500x500sq/std.lang.all/83/70/asset-3028370.jpg",
    "content": "650g",
    "walkRouteSequenceNumber": 6421,
    "price": {
      "basicPrice": 13.29,
      "recommendedQuantity": "1.0",
      "measurementUnitPrice": 20.45,
      "measurementUnit": "K",
      "isRedPrice": false,
      "pricePerUOM": 20.45,
      "activationDate": "23-01-2024",
      "isPromoActive": "N",
      "priceChangeCode": "L"
    },
    "isAvailable": true,
    "isPriceAvailable": true,
    "inPromo": false,
    "gtin": [
      "05400141099003",
      "15400141958864"
    ],
    "topCategoryName": "Kruidenierswaren/Droge voeding",
    "topCategoryId": "233",
    "businessDomain": "RETAIL_BE",
    "IsPrivateLabel": true,
    "IsBiffe": false,
    "WeightconversionFactor": "0",
    "IsWeightArticle": false,
    "nutriscoreLabel": "A",
    "IsBio": false,
    "CountryOfOrigin": "INDONESIË",
    "IsExclusivelySoldInLuxembourg": false,
    "OrderUnit": "P",
    "ShortName": "BONI PEPERBOLLEN 650G",
    "IsNew": false,
    "EcoscoreLabel": "E",
    "RecentQuanityOfStockUnits": "1",
    "LongName": "BONI witte peper bolletjes 650g",
    "AlcoholVolume": "0",
    "FicCode": "I",
    "EcoscoreValue": "12"
  },
  {
    "productId": "68",
    "technicalArticleNumber": "14155",
    "commercialArticleNumber": "14155",
    "name": "amandelaroma",
    "brand": "DR.OETKER",
    "seoBrand": "Dr.Oetker",
    "thumbNail": "https://static.colruytgroup.com/images/200x200/std.lang.all/89/38/asset-388938.jpg",
    "fullImage": "https://static.colruytgroup.com/images/500x500/std.lang.all/89/38/asset-388938.jpg",
    "squareImage": "https://static.colruytgroup.com/images/500x500sq/std.lang.all/89/38/asset-388938.jpg",
    "content": "4x2ml",
    "walkRouteSequenceNumber": 9439,
    "price": {
      "basicPrice": 2.55,
      "recommendedQuantity": "1.0",
      "measurementUnitPrice": 318.75,
      "measurementUnit": "L",
      "isRedPrice": false,
      "pricePerUOM": 318.75,
      "activationDate": "10-02-2024",
      "isPromoActive": "N",
      "priceChangeCode": "H"
    },
    "isAvailable": true,
    "isPriceAvailable": true,
    "inPromo": false,
    "gtin": [
      "04000521141837",
      "04000521141813"
    ],
    "topCategoryName": "Kruidenierswaren/Droge voeding",
    "topCategoryId": "233",
    "businessDomain": "RETAIL_BE",
    "IsPrivateLabel": false,
    "IsBiffe": false,
    "WeightconversionFactor": "0",
    "IsWeightArticle": false,
    "IsBio": false,
    "CountryOfOrigin": "DUITSLAND",
    "IsExclusivelySoldInLuxembourg": false,
    "OrderUnit": "P",
    "ShortName": "OETK 4X2ML AROMA AMAND.",
    "IsNew": false,
    "RecentQuanityOfStockUnits": "1",
    "LongName": "DR.OETKER amandelaroma 4x2ml",
    "AlcoholVolume": "0",
    "FicCode": "E"
  },
  {
    "productId": "37035",
    "technicalArticleNumber": "1918895",
    "commercialArticleNumber": "13334",
    "name": "mayonaise met eieren",
    "description": "*Met scharreleieren",
    "brand": "ECONOM",
    "seoBrand": "Econom",
    "thumbNail": "https://static.colruytgroup.com/images/200x200/std.lang.all/96/07/asset-839607.jpg",
    "fullImage": "https://static.colruytgroup.com/images/500x500/std.lang.all/96/07/asset-839607.jpg",
    "squareImage": "https://static.colruytgroup.com/images/500x500sq/std.lang.all/96/07/asset-839607.jpg",
    "content": "2,8kg",
    "walkRouteSequenceNumber": 8073,
    "price": {
      "basicPrice": 6.74,
      "recommendedQuantity": "1.0",
      "measurementUnitPrice": 2.41,
      "measurementUnit": "K",
      "isRedPrice": false,
      "pricePerUOM": 2.41,
      "activationDate": "01-09-2022",
      "isPromoActive": "N",
      "priceChangeCode": "E"
    },
    "isAvailable": true,
    "isPriceAvailable": true,
    "inPromo": false,
    "gtin": [
      "15404009109634",
      "05404009109637",
      "05400141133349",
      "05400141099492",
      "15404009106251",
      "05404009106254",
      "05400141733341",
      "05400141213799"
    ],
    "topCategoryName": "Kruidenierswaren/Droge voeding",
    "topCategoryId": "233",
    "businessDomain": "RETAIL_BE",
    "IsPrivateLabel": true,
    "IsBiffe": false,
    "WeightconversionFactor": "0",
    "IsWeightArticle": false,
    "IsBio": false,
    "CountryOfOrigin": "BELGIË",
    "IsExclusivelySoldInLuxembourg": false,
    "OrderUnit": "P",
    "ShortName": "HC ECON MAYON EI 2K8",
    "InSeason": true,
    "IsNew": false,
    "EcoscoreLabel": "C",
    "RecentQuanityOfStockUnits": "1",
    "LongName": "ECONOM mayonaise met eieren 2,8kg",
    "AlcoholVolume": "0",
    "StartSeasonDate": "06/10/2023",
    "FicCode": "I",
    "EcoscoreValue": "45"
  },
  {
    "productId": "49697",
    "technicalArticleNumber": "2480565",
    "commercialArticleNumber": "38965",
    "name": "soep Finesse asperge crème",
    "description": "*Droge soep\n*Gebruiksklaar\n*Makkelijk bereiden\n*Warm gerecht\n*In een zakje",
    "brand": "KNORR",
    "seoBrand": "Knorr",
    "thumbNail": "https://static.colruytgroup.com/images/200x200/std.lang.all/97/45/asset-3139745.jpg",
    "fullImage": "https://static.colruytgroup.com/images/500x500/std.lang.all/97/45/asset-3139745.jpg",
    "squareImage": "https://static.colruytgroup.com/images/500x500sq/std.lang.all/97/45/asset-3139745.jpg",
    "content": "73g",
    "walkRouteSequenceNumber": 16844,
    "price": {
      "basicPrice": 1.35,
      "recommendedQuantity": "4.0",
      "measurementUnitPrice": 18.5,
      "measurementUnit": "K",
      "isRedPrice": false,
      "pricePerUOM": 18.5,
      "activationDate": "13-03-2024",
      "recordSource": "Folder",
      "isPromoActive": "N",
      "priceChangeCode": "H"
    },
    "isAvailable": true,
    "isPriceAvailable": true,
    "inPromo": true,
    "promotion": [
      {
        "techPromoId": "100943COLR",
        "promotionId": "100943",
        "promotionType": "3",
        "isPersonalized": "N",
        "publicationStartDate": "13-03-2024",
        "publicationEndDate": "26-03-2024"
      }
    ],
    "gtin": [
      "05400141001259",
      "08718114855738",
      "08711200325498"
    ],
    "topCategoryName": "Kruidenierswaren/Droge voeding",
    "topCategoryId": "233",
    "businessDomain": "RETAIL_BE",
    "IsPrivateLabel": false,
    "IsBiffe": false,
    "WeightconversionFactor": "0",
    "IsWeightArticle": false,
    "nutriscoreLabel": "C",
    "IsBio": false,
    "CountryOfOrigin": "FRANKRIJK",
    "IsExclusivelySoldInLuxembourg": false,
    "OrderUnit": "P",
    "ShortName": "KN FIN ASPERG CREME 73G",
    "IsNew": false,
    "EcoscoreLabel": "B",
    "RecentQuanityOfStockUnits": "20,1,4",
    "LongName": "KNORR soep Finesse asperge crème 73g",
    "AlcoholVolume": "0",
    "FicCode": "E",
    "EcoscoreValue": "65"
  },
  {
    "productId": "614377",
    "technicalArticleNumber": "4288889",
    "commercialArticleNumber": "23292",
    "name": "Mexicaanse mengeling",
    "brand": "DUCROS",
    "seoBrand": "Ducros",
    "thumbNail": "https://static.colruytgroup.com/images/200x200/std.lang.all/37/65/asset-2183765.jpg",
    "fullImage": "https://static.colruytgroup.com/images/500x500/std.lang.all/37/65/asset-2183765.jpg",
    "squareImage": "https://static.colruytgroup.com/images/500x500sq/std.lang.all/37/65/asset-2183765.jpg",
    "content": "40g",
    "walkRouteSequenceNumber": 6480,
    "price": {
      "basicPrice": 3.42,
      "recommendedQuantity": "1.0",
      "quantityPrice": 1.78,
      "quantityPriceQuantity": "2.0",
      "measurementUnitPrice": 85.5,
      "measurementUnitQuantityPrice": 44.5,
      "measurementUnit": "K",
      "isRedPrice": false,
      "pricePerUOM": 85.5,
      "activationDate": "21-03-2024",
      "recordSource": "Offline",
      "isPromoActive": "N",
      "priceChangeCode": "L",
      "quantityPricePerUOM": 44.5,
      "quantityActivationDate": "21-03-2024",
      "quantityPriceChangeCode": "E"
    },
    "isAvailable": true,
    "isPriceAvailable": true,
    "inPromo": false,
    "gtin": [
      "03166291167901",
      "03166296550364"
    ],
    "topCategoryName": "Kruidenierswaren/Droge voeding",
    "topCategoryId": "233",
    "businessDomain": "RETAIL_BE",
    "IsPrivateLabel": false,
    "IsBiffe": false,
    "WeightconversionFactor": "0",
    "IsWeightArticle": false,
    "nutriscoreLabel": "A",
    "IsBio": false,
    "CountryOfOrigin": "FRANKRIJK",
    "IsExclusivelySoldInLuxembourg": false,
    "OrderUnit": "P",
    "ShortName": "DUCR MEXIC.MENGELING40",
    "IsNew": false,
    "EcoscoreLabel": "E",
    "RecentQuanityOfStockUnits": "1",
    "LongName": "DUCROS Mexicaanse mengeling 40g",
    "FicCode": "E",
    "EcoscoreValue": "2"
  },
  {
    "productId": "815883",
    "technicalArticleNumber": "4644722",
    "commercialArticleNumber": "22267",
    "name": "rice cracker sea salt",
    "brand": "N.A!",
    "seoBrand": "N.A!",
    "thumbNail": "https://static.colruytgroup.com/images/200x200/std.lang.all/93/65/asset-3009365.jpg",
    "fullImage": "https://static.colruytgroup.com/images/500x500/std.lang.all/93/65/asset-3009365.jpg",
    "squareImage": "https://static.colruytgroup.com/images/500x500sq/std.lang.all/93/65/asset-3009365.jpg",
    "content": "85g",
    "walkRouteSequenceNumber": 2267,
    "price": {
      "basicPrice": 2.45,
      "recommendedQuantity": "1.0",
      "measurementUnitPrice": 28.83,
      "measurementUnit": "K",
      "isRedPrice": false,
      "pricePerUOM": 28.83,
      "activationDate": "07-03-2024",
      "recordSource": "Offline",
      "isPromoActive": "N",
      "priceChangeCode": "E"
    },
    "isAvailable": true,
    "isPriceAvailable": true,
    "inPromo": false,
    "gtin": [
      "03609200010054"
    ],
    "topCategoryName": "Brood/Ontbijt",
    "topCategoryId": "124",
    "businessDomain": "RETAIL_BE",
    "IsPrivateLabel": false,
    "IsBiffe": false,
    "WeightconversionFactor": "0",
    "IsWeightArticle": false,
    "nutriscoreLabel": "D",
    "IsBio": false,
    "CountryOfOrigin": "THAILAND",
    "IsExclusivelySoldInLuxembourg": false,
    "OrderUnit": "P",
    "ShortName": "N.A RICE CRACKER SALT85",
    "IsNew": false,
    "EcoscoreLabel": "C",
    "RecentQuanityOfStockUnits": "1,12",
    "LongName": "N.A! rice cracker sea salt 85g",
    "FicCode": "E",
    "EcoscoreValue": "43"
  },
  {
    "productId": "63",
    "technicalArticleNumber": "14100",
    "commercialArticleNumber": "14100",
    "name": "pudding karamel",
    "description": "Instantpudding, zonder koken.\nKaramelsmaak.\nVoor 4 porties.",
    "brand": "DR.OETKER SAROMA",
    "seoBrand": "Dr.Oetker Saroma",
    "thumbNail": "https://static.colruytgroup.com/images/200x200/std.lang.all/17/52/asset-3141752.jpg",
    "fullImage": "https://static.colruytgroup.com/images/500x500/std.lang.all/17/52/asset-3141752.jpg",
    "squareImage": "https://static.colruytgroup.com/images/500x500sq/std.lang.all/17/52/asset-3141752.jpg",
    "content": "74g",
    "walkRouteSequenceNumber": 9591,
    "price": {
      "basicPrice": 0.69,
      "recommendedQuantity": "4.0",
      "measurementUnitPrice": 9.33,
      "measurementUnit": "K",
      "isRedPrice": false,
      "pricePerUOM": 9.33,
      "activationDate": "14-11-2023",
      "recordSource": "Offline",
      "isPromoActive": "N",
      "priceChangeCode": "E"
    },
    "isAvailable": true,
    "isPriceAvailable": true,
    "inPromo": false,
    "gtin": [
      "05410018713000",
      "05410231064347",
      "05410231064323",
      "05410231063425",
      "05410231063449"
    ],
    "topCategoryName": "Kruidenierswaren/Droge voeding",
    "topCategoryId": "233",
    "businessDomain": "RETAIL_BE",
    "IsPrivateLabel": false,
    "IsBiffe": false,
    "WeightconversionFactor": "0",
    "IsWeightArticle": false,
    "nutriscoreLabel": "C",
    "IsBio": false,
    "CountryOfOrigin": "BELGIË",
    "IsExclusivelySoldInLuxembourg": false,
    "OrderUnit": "P",
    "ShortName": "OETK SAR.PUD CARAM 74G",
    "IsNew": false,
    "RecentQuanityOfStockUnits": "4,1",
    "LongName": "DR.OETKER SAROMA pudding karamel 74g",
    "AlcoholVolume": "0",
    "FicCode": "E"
  },
  {
    "productId": "9758",
    "technicalArticleNumber": "1125153",
    "commercialArticleNumber": "14363",
    "name": "rijst basmati",
    "description": "*Kookbuiltjes\n*kooktijd:10 minuten",
    "brand": "BEN'S ORIGINAL",
    "seoBrand": "Ben's original",
    "thumbNail": "https://static.colruytgroup.com/images/200x200/std.lang.all/77/44/asset-2537744.jpg",
    "fullImage": "https://static.colruytgroup.com/images/500x500/std.lang.all/77/44/asset-2537744.jpg",
    "squareImage": "https://static.colruytgroup.com/images/500x500sq/std.lang.all/77/44/asset-2537744.jpg",
    "content": "4x125g",
    "walkRouteSequenceNumber": 8361,
    "price": {
      "basicPrice": 3.55,
      "recommendedQuantity": "2.0",
      "measurementUnitPrice": 7.1,
      "measurementUnit": "K",
      "isRedPrice": false,
      "pricePerUOM": 7.1,
      "activationDate": "19-03-2024",
      "recordSource": "Offline",
      "isPromoActive": "N",
      "priceChangeCode": "H"
    },
    "isAvailable": true,
    "isPriceAvailable": true,
    "inPromo": false,
    "gtin": [
      "05410673709226",
      "05410673709233",
      "05400141124347",
      "05410673004895",
      "05410673005694"
    ],
    "topCategoryName": "Kruidenierswaren/Droge voeding",
    "topCategoryId": "233",
    "businessDomain": "RETAIL_BE",
    "IsPrivateLabel": false,
    "IsBiffe": false,
    "WeightconversionFactor": "0",
    "IsWeightArticle": false,
    "nutriscoreLabel": "B",
    "IsBio": false,
    "CountryOfOrigin": "BELGIË",
    "IsExclusivelySoldInLuxembourg": false,
    "OrderUnit": "P",
    "ShortName": "BEOR KB BASMATI 4X125G",
    "IsNew": false,
    "RecentQuanityOfStockUnits": "1,2",
    "LongName": "BEN'S ORIGINAL rijst basmati 4x125g",
    "AlcoholVolume": "0",
    "FicCode": "E"
  },
  {
    "productId": "10188",
    "technicalArticleNumber": "1127307",
    "commercialArticleNumber": "13622",
    "name": "saus riche",
    "brand": "LA WILLIAM",
    "seoBrand": "La William",
    "thumbNail": "https://static.colruytgroup.com/images/200x200/std.lang.all/03/26/asset-530326.jpg",
    "fullImage": "https://static.colruytgroup.com/images/500x500/std.lang.all/03/26/asset-530326.jpg",
    "squareImage": "https://static.colruytgroup.com/images/500x500sq/std.lang.all/03/26/asset-530326.jpg",
    "content": "300ml",
    "walkRouteSequenceNumber": 8159,
    "price": {
      "basicPrice": 3.45,
      "recommendedQuantity": "1.0",
      "quantityPrice": 2.58,
      "quantityPriceQuantity": "2.0",
      "measurementUnitPrice": 11.5,
      "measurementUnitQuantityPrice": 8.6,
      "measurementUnit": "L",
      "isRedPrice": false,
      "pricePerUOM": 11.5,
      "activationDate": "20-03-2024",
      "recordSource": "Offline",
      "isPromoActive": "N",
      "priceChangeCode": "E",
      "quantityPricePerUOM": 8.6,
      "quantityActivationDate": "20-03-2024",
      "quantityPriceChangeCode": "L"
    },
    "isAvailable": true,
    "isPriceAvailable": true,
    "inPromo": false,
    "gtin": [
      "05410426007869",
      "05410426007845"
    ],
    "topCategoryName": "Kruidenierswaren/Droge voeding",
    "topCategoryId": "233",
    "businessDomain": "RETAIL_BE",
    "IsPrivateLabel": false,
    "IsBiffe": false,
    "WeightconversionFactor": "0",
    "IsWeightArticle": false,
    "nutriscoreLabel": "D",
    "IsBio": false,
    "CountryOfOrigin": "BELGIË",
    "IsExclusivelySoldInLuxembourg": false,
    "OrderUnit": "P",
    "ShortName": "RE LW SAUS RICHE 300ML",
    "InSeason": true,
    "IsNew": false,
    "EcoscoreLabel": "A",
    "RecentQuanityOfStockUnits": "1",
    "LongName": "LA WILLIAM saus riche 300ml",
    "AlcoholVolume": "0",
    "StartSeasonDate": "21/11/2003",
    "FicCode": "E",
    "EcoscoreValue": "100"
  },
  {
    "productId": "698",
    "technicalArticleNumber": "12623",
    "commercialArticleNumber": "12623",
    "name": "soep st germain",
    "description": "*St. Germainsoep\nmet croutons",
    "brand": "ROYCO CRUNCHY",
    "seoBrand": "Royco Crunchy",
    "thumbNail": "https://static.colruytgroup.com/images/200x200/std.lang.all/36/74/asset-3353674.jpg",
    "fullImage": "https://static.colruytgroup.com/images/500x500/std.lang.all/36/74/asset-3353674.jpg",
    "squareImage": "https://static.colruytgroup.com/images/500x500sq/std.lang.all/36/74/asset-3353674.jpg",
    "content": "20st",
    "walkRouteSequenceNumber": 16913,
    "price": {
      "basicPrice": 13.79,
      "recommendedQuantity": "1.0",
      "measurementUnitPrice": 28.5,
      "measurementUnit": "K",
      "isRedPrice": false,
      "pricePerUOM": 28.5,
      "activationDate": "20-03-2024",
      "isPromoActive": "N",
      "priceChangeCode": "H"
    },
    "isAvailable": true,
    "isPriceAvailable": true,
    "inPromo": false,
    "gtin": [
      "05410056186934",
      "05410056786936",
      "05414972723990"
    ],
    "topCategoryName": "Kruidenierswaren/Droge voeding",
    "topCategoryId": "233",
    "businessDomain": "RETAIL_BE",
    "IsPrivateLabel": false,
    "IsBiffe": false,
    "WeightconversionFactor": "0",
    "IsWeightArticle": false,
    "nutriscoreLabel": "C",
    "IsBio": false,
    "CountryOfOrigin": "NEDERLAND",
    "IsExclusivelySoldInLuxembourg": false,
    "OrderUnit": "P",
    "ShortName": "RMS.CRUNCHY GERMAIN 20Z",
    "IsNew": false,
    "EcoscoreLabel": "D",
    "RecentQuanityOfStockUnits": "1",
    "LongName": "ROYCO CRUNCHY soep st germain 20st",
    "AlcoholVolume": "0",
    "FicCode": "E",
    "EcoscoreValue": "32"
  },
  {
    "productId": "319335",
    "technicalArticleNumber": "3683287",
    "commercialArticleNumber": "12344",
    "name": "Pasta Snack bolognese pot",
    "description": "*Snack\n*Klaar voor gebruik\n*Makkelijk bereiden\n*Instant maaltijd\n*Bolognese smaak",
    "brand": "KNORR",
    "seoBrand": "Knorr",
    "thumbNail": "https://static.colruytgroup.com/images/200x200/std.lang.all/06/95/asset-3310695.jpg",
    "fullImage": "https://static.colruytgroup.com/images/500x500/std.lang.all/06/95/asset-3310695.jpg",
    "squareImage": "https://static.colruytgroup.com/images/500x500sq/std.lang.all/06/95/asset-3310695.jpg",
    "content": "68g",
    "walkRouteSequenceNumber": 17038,
    "price": {
      "basicPrice": 1.25,
      "recommendedQuantity": "1.0",
      "measurementUnitPrice": 18.39,
      "measurementUnit": "K",
      "isRedPrice": false,
      "pricePerUOM": 18.39,
      "activationDate": "19-03-2024",
      "recordSource": "Folder",
      "isPromoActive": "N",
      "priceChangeCode": "L"
    },
    "isAvailable": true,
    "isPriceAvailable": true,
    "inPromo": true,
    "promotion": [
      {
        "techPromoId": "100944COLR",
        "promotionId": "100944",
        "promotionType": "4",
        "isPersonalized": "N",
        "publicationStartDate": "13-03-2024",
        "publicationEndDate": "26-03-2024"
      }
    ],
    "gtin": [
      "08714100684412",
      "08714100946688"
    ],
    "topCategoryName": "Kruidenierswaren/Droge voeding",
    "topCategoryId": "233",
    "businessDomain": "RETAIL_BE",
    "IsPrivateLabel": false,
    "IsBiffe": false,
    "WeightconversionFactor": "0",
    "IsWeightArticle": false,
    "IsBio": false,
    "CountryOfOrigin": "DUITSLAND",
    "IsExclusivelySoldInLuxembourg": false,
    "OrderUnit": "P",
    "ShortName": "KNOR SNACKPOT BOLO.68G",
    "InSeason": true,
    "IsNew": false,
    "EcoscoreLabel": "D",
    "RecentQuanityOfStockUnits": "1,8",
    "LongName": "KNORR Pasta Snack bolognese pot 68g",
    "AlcoholVolume": "0",
    "StartSeasonDate": "13/07/2022",
    "FicCode": "E",
    "EcoscoreValue": "27"
  },
  {
    "productId": "10186",
    "technicalArticleNumber": "1127300",
    "commercialArticleNumber": "13620",
    "name": "saus curry",
    "brand": "LA WILLIAM",
    "seoBrand": "La William",
    "thumbNail": "https://static.colruytgroup.com/images/200x200/std.lang.all/11/79/asset-531179.jpg",
    "fullImage": "https://static.colruytgroup.com/images/500x500/std.lang.all/11/79/asset-531179.jpg",
    "squareImage": "https://static.colruytgroup.com/images/500x500sq/std.lang.all/11/79/asset-531179.jpg",
    "content": "300ml",
    "walkRouteSequenceNumber": 8158,
    "price": {
      "basicPrice": 2.99,
      "recommendedQuantity": "1.0",
      "measurementUnitPrice": 9.97,
      "measurementUnit": "L",
      "isRedPrice": false,
      "pricePerUOM": 9.97,
      "activationDate": "14-11-2023",
      "isPromoActive": "N",
      "priceChangeCode": "E"
    },
    "isAvailable": true,
    "isPriceAvailable": true,
    "inPromo": false,
    "gtin": [
      "05410426007463",
      "05410426007449"
    ],
    "topCategoryName": "Kruidenierswaren/Droge voeding",
    "topCategoryId": "233",
    "businessDomain": "RETAIL_BE",
    "IsPrivateLabel": false,
    "IsBiffe": false,
    "WeightconversionFactor": "0",
    "IsWeightArticle": false,
    "nutriscoreLabel": "D",
    "IsBio": false,
    "CountryOfOrigin": "BELGIË",
    "IsExclusivelySoldInLuxembourg": false,
    "OrderUnit": "P",
    "ShortName": "WILL CURRY SAUS 300ML",
    "InSeason": true,
    "IsNew": false,
    "EcoscoreLabel": "A",
    "RecentQuanityOfStockUnits": "1",
    "LongName": "LA WILLIAM saus curry 300ml",
    "AlcoholVolume": "0",
    "StartSeasonDate": "26/03/2014",
    "FicCode": "E",
    "EcoscoreValue": "100"
  },
  {
    "productId": "210047",
    "technicalArticleNumber": "3499845",
    "commercialArticleNumber": "10873",
    "name": "kruiden provençaalse kruiden",
    "brand": "DUCROS",
    "seoBrand": "Ducros",
    "thumbNail": "https://static.colruytgroup.com/images/200x200/std.lang.all/43/63/asset-2124363.jpg",
    "fullImage": "https://static.colruytgroup.com/images/500x500/std.lang.all/43/63/asset-2124363.jpg",
    "squareImage": "https://static.colruytgroup.com/images/500x500sq/std.lang.all/43/63/asset-2124363.jpg",
    "content": "18g",
    "walkRouteSequenceNumber": 6456,
    "price": {
      "basicPrice": 2.63,
      "recommendedQuantity": "1.0",
      "quantityPrice": 1.31,
      "quantityPriceQuantity": "2.0",
      "measurementUnitPrice": 146.12,
      "measurementUnitQuantityPrice": 72.78,
      "measurementUnit": "K",
      "isRedPrice": false,
      "pricePerUOM": 146.12,
      "activationDate": "20-03-2024",
      "recordSource": "Offline",
      "isPromoActive": "N",
      "priceChangeCode": "E",
      "quantityPricePerUOM": 72.78,
      "quantityActivationDate": "20-03-2024",
      "quantityPriceChangeCode": "L"
    },
    "isAvailable": true,
    "isPriceAvailable": true,
    "inPromo": false,
    "gtin": [
      "03166290200616",
      "03166296208302"
    ],
    "topCategoryName": "Kruidenierswaren/Droge voeding",
    "topCategoryId": "233",
    "businessDomain": "RETAIL_BE",
    "IsPrivateLabel": false,
    "IsBiffe": false,
    "WeightconversionFactor": "0",
    "IsWeightArticle": false,
    "IsBio": false,
    "CountryOfOrigin": "FRANKRIJK",
    "IsExclusivelySoldInLuxembourg": false,
    "OrderUnit": "P",
    "ShortName": "DUCROS PROVENC.KRUID18G",
    "IsNew": false,
    "RecentQuanityOfStockUnits": "12,1",
    "LongName": "DUCROS kruiden provençaalse kruiden 18g",
    "AlcoholVolume": "0",
    "FicCode": "E"
  },
  {
    "productId": "689112",
    "technicalArticleNumber": "4414542",
    "commercialArticleNumber": "11908",
    "name": "mix brown/quinoa/granen",
    "brand": "BOSTO",
    "seoBrand": "Bosto",
    "thumbNail": "https://static.colruytgroup.com/images/200x200/std.lang.all/83/21/asset-2428321.jpg",
    "fullImage": "https://static.colruytgroup.com/images/500x500/std.lang.all/83/21/asset-2428321.jpg",
    "squareImage": "https://static.colruytgroup.com/images/500x500sq/std.lang.all/83/21/asset-2428321.jpg",
    "content": "4x75g",
    "walkRouteSequenceNumber": 8424,
    "price": {
      "basicPrice": 4.69,
      "recommendedQuantity": "1.0",
      "measurementUnitPrice": 15.64,
      "measurementUnit": "K",
      "isRedPrice": false,
      "pricePerUOM": 15.64,
      "activationDate": "17-02-2024",
      "recordSource": "Offline",
      "isPromoActive": "N",
      "priceChangeCode": "E"
    },
    "isAvailable": true,
    "isPriceAvailable": true,
    "inPromo": false,
    "gtin": [
      "05410106070435",
      "15410106070432"
    ],
    "topCategoryName": "Kruidenierswaren/Droge voeding",
    "topCategoryId": "233",
    "businessDomain": "RETAIL_BE",
    "IsPrivateLabel": false,
    "IsBiffe": false,
    "WeightconversionFactor": "0",
    "IsWeightArticle": false,
    "nutriscoreLabel": "A",
    "IsBio": false,
    "CountryOfOrigin": "NEDERLAND",
    "IsExclusivelySoldInLuxembourg": false,
    "OrderUnit": "P",
    "ShortName": "BOST MIX BR/QUIN/GR4X75",
    "IsNew": false,
    "EcoscoreLabel": "A",
    "RecentQuanityOfStockUnits": "1",
    "LongName": "BOSTO mix brown/quinoa/granen 4x75g",
    "FicCode": "E",
    "EcoscoreValue": "87"
  },
  {
    "productId": "245553",
    "technicalArticleNumber": "3611905",
    "commercialArticleNumber": "18143",
    "name": "boekweitmeel",
    "brand": "BONI",
    "seoBrand": "Boni Selection",
    "thumbNail": "https://static.colruytgroup.com/images/200x200/std.lang.all/73/08/asset-1227308.jpg",
    "fullImage": "https://static.colruytgroup.com/images/500x500/std.lang.all/73/08/asset-1227308.jpg",
    "squareImage": "https://static.colruytgroup.com/images/500x500sq/std.lang.all/73/08/asset-1227308.jpg",
    "content": "500g",
    "walkRouteSequenceNumber": 9608,
    "price": {
      "basicPrice": 2.99,
      "recommendedQuantity": "1.0",
      "measurementUnitPrice": 5.98,
      "measurementUnit": "K",
      "isRedPrice": false,
      "pricePerUOM": 5.98,
      "activationDate": "15-03-2023",
      "isPromoActive": "N",
      "priceChangeCode": "H"
    },
    "isAvailable": true,
    "isPriceAvailable": true,
    "inPromo": false,
    "gtin": [
      "05400141364538",
      "15400141007739",
      "05400141046045",
      "05400141007732",
      "05400141366679",
      "05400141366662"
    ],
    "topCategoryName": "Kruidenierswaren/Droge voeding",
    "topCategoryId": "233",
    "businessDomain": "RETAIL_BE",
    "IsPrivateLabel": true,
    "IsBiffe": false,
    "WeightconversionFactor": "0",
    "IsWeightArticle": false,
    "nutriscoreLabel": "A",
    "IsBio": false,
    "CountryOfOrigin": "NEDERLAND",
    "IsExclusivelySoldInLuxembourg": false,
    "OrderUnit": "P",
    "ShortName": "BONI BOEKWEITMEEL 500G",
    "IsNew": false,
    "EcoscoreLabel": "A",
    "RecentQuanityOfStockUnits": "1,15",
    "LongName": "BONI boekweitmeel 500g",
    "AlcoholVolume": "0",
    "FicCode": "I",
    "EcoscoreValue": "88"
  },
  {
    "productId": "871960",
    "technicalArticleNumber": "4726033",
    "commercialArticleNumber": "13629",
    "name": "Kantonese",
    "brand": "BEN'S ORIGINAL",
    "seoBrand": "Ben's original",
    "thumbNail": "https://static.colruytgroup.com/images/200x200/std.lang.all/61/79/asset-3346179.jpg",
    "fullImage": "https://static.colruytgroup.com/images/500x500/std.lang.all/61/79/asset-3346179.jpg",
    "squareImage": "https://static.colruytgroup.com/images/500x500sq/std.lang.all/61/79/asset-3346179.jpg",
    "content": "220g",
    "walkRouteSequenceNumber": 8413,
    "price": {
      "basicPrice": 1.99,
      "recommendedQuantity": "3.0",
      "measurementUnitPrice": 9.05,
      "measurementUnit": "K",
      "isRedPrice": false,
      "pricePerUOM": 9.05,
      "activationDate": "14-03-2024",
      "recordSource": "Offline",
      "isPromoActive": "N",
      "priceChangeCode": "E"
    },
    "isAvailable": true,
    "isPriceAvailable": true,
    "inPromo": false,
    "gtin": [
      "03487400007087",
      "85400141712656",
      "03487400006899"
    ],
    "topCategoryName": "Kruidenierswaren/Droge voeding",
    "topCategoryId": "233",
    "businessDomain": "RETAIL_BE",
    "IsPrivateLabel": false,
    "IsBiffe": false,
    "WeightconversionFactor": "0",
    "IsWeightArticle": false,
    "nutriscoreLabel": "B",
    "IsBio": false,
    "CountryOfOrigin": "FRANKRIJK",
    "IsExclusivelySoldInLuxembourg": false,
    "OrderUnit": "P",
    "ShortName": "BEOR EXP.RIJST KANTO220",
    "IsNew": false,
    "RecentQuanityOfStockUnits": "3,1",
    "LongName": "BEN'S ORIGINAL Kantonese 220g",
    "AlcoholVolume": "0",
    "FicCode": "E"
  },
  {
    "productId": "47787",
    "technicalArticleNumber": "2493468",
    "commercialArticleNumber": "39402",
    "name": "rode pesto paprika",
    "description": "*Pesto op basis van\nzongedroogde tomaat,\npijnboompitten",
    "brand": "BONI",
    "seoBrand": "Boni Selection",
    "thumbNail": "https://static.colruytgroup.com/images/200x200/std.lang.all/78/73/asset-2477873.jpg",
    "fullImage": "https://static.colruytgroup.com/images/500x500/std.lang.all/78/73/asset-2477873.jpg",
    "squareImage": "https://static.colruytgroup.com/images/500x500sq/std.lang.all/78/73/asset-2477873.jpg",
    "content": "140g",
    "walkRouteSequenceNumber": 6780,
    "price": {
      "basicPrice": 3.29,
      "recommendedQuantity": "1.0",
      "quantityPrice": 3.03,
      "quantityPriceQuantity": "2.0",
      "measurementUnitPrice": 23.5,
      "measurementUnitQuantityPrice": 21.65,
      "measurementUnit": "K",
      "isRedPrice": false,
      "pricePerUOM": 23.5,
      "activationDate": "03-11-2022",
      "isPromoActive": "N",
      "priceChangeCode": "E",
      "quantityPricePerUOM": 21.65,
      "quantityActivationDate": "03-11-2022",
      "quantityPriceChangeCode": "H"
    },
    "isAvailable": true,
    "isPriceAvailable": true,
    "inPromo": false,
    "gtin": [
      "05400141445183",
      "15400141216018",
      "05400141351828",
      "05400141216011"
    ],
    "topCategoryName": "Kruidenierswaren/Droge voeding",
    "topCategoryId": "233",
    "businessDomain": "RETAIL_BE",
    "IsPrivateLabel": true,
    "IsBiffe": false,
    "WeightconversionFactor": "0",
    "IsWeightArticle": false,
    "nutriscoreLabel": "D",
    "IsBio": false,
    "CountryOfOrigin": "BELGIË",
    "IsExclusivelySoldInLuxembourg": false,
    "OrderUnit": "P",
    "ShortName": "BONI RODE PESTO PAP140G",
    "IsNew": false,
    "EcoscoreLabel": "C",
    "RecentQuanityOfStockUnits": "1",
    "LongName": "BONI rode pesto paprika 140g",
    "AlcoholVolume": "0",
    "FicCode": "I",
    "EcoscoreValue": "43"
  },
  {
    "productId": "587824",
    "technicalArticleNumber": "4245018",
    "commercialArticleNumber": "20067",
    "name": "groentenbouillon vetarm",
    "brand": "KNORR",
    "seoBrand": "Knorr",
    "thumbNail": "https://static.colruytgroup.com/images/200x200/std.lang.all/79/13/asset-2027913.jpg",
    "fullImage": "https://static.colruytgroup.com/images/500x500/std.lang.all/79/13/asset-2027913.jpg",
    "squareImage": "https://static.colruytgroup.com/images/500x500sq/std.lang.all/79/13/asset-2027913.jpg",
    "content": "72st",
    "walkRouteSequenceNumber": 6531,
    "price": {
      "basicPrice": 11.29,
      "recommendedQuantity": "1.0",
      "measurementUnitPrice": 15.69,
      "measurementUnit": "K",
      "isRedPrice": false,
      "pricePerUOM": 15.69,
      "activationDate": "04-01-2024",
      "isPromoActive": "N",
      "priceChangeCode": "H"
    },
    "isAvailable": true,
    "isPriceAvailable": true,
    "inPromo": false,
    "gtin": [
      "05411100132051",
      "08711327444454",
      "08711327444430"
    ],
    "topCategoryName": "Kruidenierswaren/Droge voeding",
    "topCategoryId": "233",
    "businessDomain": "RETAIL_BE",
    "IsPrivateLabel": false,
    "IsBiffe": false,
    "WeightconversionFactor": "0",
    "IsWeightArticle": false,
    "nutriscoreLabel": "C",
    "IsBio": false,
    "CountryOfOrigin": "NEDERLAND",
    "IsExclusivelySoldInLuxembourg": false,
    "OrderUnit": "P",
    "ShortName": "KNOR GROE.BOUIL.VETA.72",
    "IsNew": false,
    "EcoscoreLabel": "B",
    "RecentQuanityOfStockUnits": "1",
    "LongName": "KNORR groentenbouillon vetarm 72st",
    "FicCode": "E",
    "EcoscoreValue": "79"
  },
  {
    "productId": "30915",
    "technicalArticleNumber": "1854116",
    "commercialArticleNumber": "12691",
    "name": "kip/kalfsfond",
    "description": "*Kalfsfond",
    "brand": "MAGGI",
    "seoBrand": "Maggi",
    "thumbNail": "https://static.colruytgroup.com/images/200x200/std.lang.all/43/55/asset-2254355.jpg",
    "fullImage": "https://static.colruytgroup.com/images/500x500/std.lang.all/43/55/asset-2254355.jpg",
    "squareImage": "https://static.colruytgroup.com/images/500x500sq/std.lang.all/43/55/asset-2254355.jpg",
    "content": "110g",
    "walkRouteSequenceNumber": 6566,
    "price": {
      "basicPrice": 5.59,
      "recommendedQuantity": "1.0",
      "measurementUnitPrice": 50.82,
      "measurementUnit": "K",
      "isRedPrice": false,
      "pricePerUOM": 50.82,
      "activationDate": "20-03-2024",
      "recordSource": "Offline",
      "isPromoActive": "N",
      "priceChangeCode": "L"
    },
    "isAvailable": true,
    "isPriceAvailable": true,
    "inPromo": false,
    "gtin": [
      "07613039839058",
      "07613039831120",
      "07613039831113",
      "07613031564729",
      "07613031563821",
      "07613031563814",
      "07613031564705",
      "07613039839065"
    ],
    "topCategoryName": "Kruidenierswaren/Droge voeding",
    "topCategoryId": "233",
    "businessDomain": "RETAIL_BE",
    "IsPrivateLabel": false,
    "IsBiffe": false,
    "WeightconversionFactor": "0",
    "IsWeightArticle": false,
    "nutriscoreLabel": "B",
    "IsBio": false,
    "CountryOfOrigin": "FRANKRIJK",
    "IsExclusivelySoldInLuxembourg": false,
    "OrderUnit": "P",
    "ShortName": "MAGG KIP/KALFSFOND 110G",
    "InSeason": true,
    "IsNew": false,
    "RecentQuanityOfStockUnits": "1,1",
    "LongName": "MAGGI kip/kalfsfond 110g",
    "AlcoholVolume": "0",
    "StartSeasonDate": "08/09/2021",
    "FicCode": "E"
  },
  {
    "productId": "193254",
    "technicalArticleNumber": "3436665",
    "commercialArticleNumber": "50124",
    "name": "olijfolie met chilipeper",
    "description": "*Koude bereidingen\n*Italië\n*Eerste persing,\nmet chilipeper",
    "brand": "BONI",
    "seoBrand": "Boni Selection",
    "thumbNail": "https://static.colruytgroup.com/images/200x200/std.lang.all/66/84/asset-1766684.jpg",
    "fullImage": "https://static.colruytgroup.com/images/500x500/std.lang.all/66/84/asset-1766684.jpg",
    "squareImage": "https://static.colruytgroup.com/images/500x500sq/std.lang.all/66/84/asset-1766684.jpg",
    "content": "250ml",
    "walkRouteSequenceNumber": 8951,
    "price": {
      "basicPrice": 4.69,
      "recommendedQuantity": "1.0",
      "measurementUnitPrice": 18.76,
      "measurementUnit": "L",
      "isRedPrice": false,
      "pricePerUOM": 18.76,
      "activationDate": "05-03-2024",
      "recordSource": "Offline",
      "isPromoActive": "N",
      "priceChangeCode": "E"
    },
    "isAvailable": true,
    "isPriceAvailable": true,
    "inPromo": false,
    "gtin": [
      "15400141386001",
      "15400141192404",
      "05400141386004",
      "05400141355826",
      "05400141192407",
      "15400141828211"
    ],
    "topCategoryName": "Kruidenierswaren/Droge voeding",
    "topCategoryId": "233",
    "businessDomain": "RETAIL_BE",
    "IsPrivateLabel": true,
    "IsBiffe": false,
    "WeightconversionFactor": "0",
    "IsWeightArticle": false,
    "nutriscoreLabel": "B",
    "IsBio": false,
    "CountryOfOrigin": "BELGIË",
    "IsExclusivelySoldInLuxembourg": false,
    "OrderUnit": "P",
    "ShortName": "BONI OLIJFOL.CHILI 25CL",
    "IsNew": false,
    "EcoscoreLabel": "C",
    "RecentQuanityOfStockUnits": "1,12",
    "LongName": "BONI olijfolie met chilipeper 250ml",
    "AlcoholVolume": "0",
    "FicCode": "I",
    "EcoscoreValue": "42"
  },
  {
    "productId": "23234",
    "technicalArticleNumber": "2176741",
    "commercialArticleNumber": "14919",
    "name": "kruiden basilicum",
    "brand": "BONI",
    "seoBrand": "Boni Selection",
    "thumbNail": "https://static.colruytgroup.com/images/200x200/std.lang.all/19/83/asset-381983.jpg",
    "fullImage": "https://static.colruytgroup.com/images/500x500/std.lang.all/19/83/asset-381983.jpg",
    "squareImage": "https://static.colruytgroup.com/images/500x500sq/std.lang.all/19/83/asset-381983.jpg",
    "content": "170g",
    "walkRouteSequenceNumber": 6378,
    "price": {
      "basicPrice": 3.74,
      "recommendedQuantity": "1.0",
      "measurementUnitPrice": 22,
      "measurementUnit": "K",
      "isRedPrice": false,
      "pricePerUOM": 22,
      "activationDate": "23-01-2024",
      "isPromoActive": "N",
      "priceChangeCode": "L"
    },
    "isAvailable": true,
    "isPriceAvailable": true,
    "inPromo": false,
    "gtin": [
      "05400141098754",
      "05400141149197",
      "15400141961246",
      "15400141149194"
    ],
    "topCategoryName": "Kruidenierswaren/Droge voeding",
    "topCategoryId": "233",
    "businessDomain": "RETAIL_BE",
    "IsPrivateLabel": true,
    "IsBiffe": false,
    "WeightconversionFactor": "0",
    "IsWeightArticle": false,
    "nutriscoreLabel": "A",
    "IsBio": false,
    "CountryOfOrigin": "EGYPTE",
    "IsExclusivelySoldInLuxembourg": false,
    "OrderUnit": "P",
    "ShortName": "BONI BASILICUM 170G",
    "IsNew": false,
    "EcoscoreLabel": "C",
    "RecentQuanityOfStockUnits": "1",
    "LongName": "BONI kruiden basilicum 170g",
    "AlcoholVolume": "0",
    "FicCode": "I",
    "EcoscoreValue": "48"
  },
  {
    "productId": "668603",
    "technicalArticleNumber": "4379442",
    "commercialArticleNumber": "24306",
    "name": "mexicaanse chili mengeling",
    "brand": "DUCROS",
    "seoBrand": "Ducros",
    "thumbNail": "https://static.colruytgroup.com/images/200x200/std.lang.all/00/62/asset-2330062.jpg",
    "fullImage": "https://static.colruytgroup.com/images/500x500/std.lang.all/00/62/asset-2330062.jpg",
    "squareImage": "https://static.colruytgroup.com/images/500x500sq/std.lang.all/00/62/asset-2330062.jpg",
    "content": "20g",
    "walkRouteSequenceNumber": 6483,
    "price": {
      "basicPrice": 2.15,
      "recommendedQuantity": "1.0",
      "quantityPrice": 1.07,
      "quantityPriceQuantity": "2.0",
      "measurementUnitPrice": 107.5,
      "measurementUnitQuantityPrice": 53.5,
      "measurementUnit": "K",
      "isRedPrice": false,
      "pricePerUOM": 107.5,
      "activationDate": "21-03-2024",
      "recordSource": "Offline",
      "isPromoActive": "N",
      "priceChangeCode": "E",
      "quantityPricePerUOM": 53.5,
      "quantityActivationDate": "21-03-2024",
      "quantityPriceChangeCode": "E"
    },
    "isAvailable": true,
    "isPriceAvailable": true,
    "inPromo": false,
    "gtin": [
      "03166291440400",
      "13166291440407"
    ],
    "topCategoryName": "Kruidenierswaren/Droge voeding",
    "topCategoryId": "233",
    "businessDomain": "RETAIL_BE",
    "IsPrivateLabel": false,
    "IsBiffe": false,
    "WeightconversionFactor": "0",
    "IsWeightArticle": false,
    "nutriscoreLabel": "A",
    "IsBio": false,
    "CountryOfOrigin": "FRANKRIJK",
    "IsExclusivelySoldInLuxembourg": false,
    "OrderUnit": "P",
    "ShortName": "DUCR MEXIC.CHILI MENG20",
    "IsNew": false,
    "EcoscoreLabel": "E",
    "RecentQuanityOfStockUnits": "1",
    "LongName": "DUCROS mexicaanse chili mengeling 20g",
    "FicCode": "E",
    "EcoscoreValue": "2"
  },
  {
    "productId": "747709",
    "technicalArticleNumber": "4516878",
    "commercialArticleNumber": "15300",
    "name": "yakisoba classic",
    "brand": "AÏKI",
    "seoBrand": "Aïki",
    "thumbNail": "https://static.colruytgroup.com/images/200x200/std.lang.all/47/29/asset-3374729.jpg",
    "fullImage": "https://static.colruytgroup.com/images/500x500/std.lang.all/47/29/asset-3374729.jpg",
    "squareImage": "https://static.colruytgroup.com/images/500x500sq/std.lang.all/47/29/asset-3374729.jpg",
    "content": "94,1g",
    "walkRouteSequenceNumber": 16979,
    "price": {
      "basicPrice": 2.29,
      "recommendedQuantity": "1.0",
      "measurementUnitPrice": 24.37,
      "measurementUnit": "K",
      "isRedPrice": false,
      "pricePerUOM": 24.37,
      "activationDate": "22-02-2024",
      "recordSource": "Offline",
      "isPromoActive": "N",
      "priceChangeCode": "E"
    },
    "isAvailable": true,
    "isPriceAvailable": true,
    "inPromo": false,
    "gtin": [
      "05414972730356",
      "05414972130354"
    ],
    "topCategoryName": "Kruidenierswaren/Droge voeding",
    "topCategoryId": "233",
    "businessDomain": "RETAIL_BE",
    "IsPrivateLabel": false,
    "IsBiffe": false,
    "WeightconversionFactor": "0",
    "IsWeightArticle": false,
    "IsBio": false,
    "CountryOfOrigin": "POLEN",
    "IsExclusivelySoldInLuxembourg": false,
    "OrderUnit": "P",
    "ShortName": "AIKI YAKISOBA CLAS94.1G",
    "IsNew": false,
    "EcoscoreLabel": "B",
    "RecentQuanityOfStockUnits": "1,8",
    "LongName": "AÏKI yakisoba classic 94,1g",
    "FicCode": "E",
    "EcoscoreValue": "62"
  },
  {
    "productId": "114409",
    "technicalArticleNumber": "3010775",
    "commercialArticleNumber": "17781",
    "name": "zoetstof vloeibaar",
    "description": "*Op basis van\nsucralose\n*Bij warme dranken",
    "brand": "BONI",
    "seoBrand": "Boni Selection",
    "thumbNail": "https://static.colruytgroup.com/images/200x200/std.lang.all/07/32/asset-3330732.jpg",
    "fullImage": "https://static.colruytgroup.com/images/500x500/std.lang.all/07/32/asset-3330732.jpg",
    "squareImage": "https://static.colruytgroup.com/images/500x500sq/std.lang.all/07/32/asset-3330732.jpg",
    "content": "125ml",
    "walkRouteSequenceNumber": 9188,
    "price": {
      "basicPrice": 2.59,
      "recommendedQuantity": "1.0",
      "measurementUnitPrice": 20.72,
      "measurementUnit": "L",
      "isRedPrice": false,
      "pricePerUOM": 20.72,
      "activationDate": "03-01-2024",
      "recordSource": "Offline",
      "isPromoActive": "N",
      "priceChangeCode": "H"
    },
    "isAvailable": true,
    "isPriceAvailable": true,
    "inPromo": false,
    "gtin": [
      "05400141846607",
      "15400141846604",
      "05400141293678",
      "05400141358452",
      "15400141047902",
      "15400141293675",
      "05400141047905",
      "05400141047912"
    ],
    "topCategoryName": "Kruidenierswaren/Droge voeding",
    "topCategoryId": "233",
    "businessDomain": "RETAIL_BE",
    "IsPrivateLabel": true,
    "IsBiffe": false,
    "WeightconversionFactor": "0",
    "IsWeightArticle": false,
    "nutriscoreLabel": "A",
    "IsBio": false,
    "CountryOfOrigin": "CHINA (VOLKSREBUPLIEK)",
    "IsExclusivelySoldInLuxembourg": false,
    "OrderUnit": "P",
    "ShortName": "BONI VLOEI.SUCRAL.125ML",
    "IsNew": false,
    "RecentQuanityOfStockUnits": "1,1",
    "LongName": "BONI zoetstof vloeibaar 125ml",
    "AlcoholVolume": "0",
    "FicCode": "I"
  },
  {
    "productId": "112035",
    "technicalArticleNumber": "3045484",
    "commercialArticleNumber": "21644",
    "name": "bloem 9-granenbrood",
    "description": "*Mix van meergranen\n*Voor donker brood\n*Zonder bewaarmiddel\n*Ook voor\nbroodbakmachine",
    "brand": "SOUBRY",
    "seoBrand": "Soubry",
    "thumbNail": "https://static.colruytgroup.com/images/200x200/nl_be/90/60/asset-1089060.jpg",
    "fullImage": "https://static.colruytgroup.com/images/500x500/nl_be/90/60/asset-1089060.jpg",
    "squareImage": "https://static.colruytgroup.com/images/500x500sq/nl_be/90/60/asset-1089060.jpg",
    "content": "2kg",
    "walkRouteSequenceNumber": 9721,
    "price": {
      "basicPrice": 7.19,
      "recommendedQuantity": "1.0",
      "measurementUnitPrice": 3.6,
      "measurementUnit": "K",
      "isRedPrice": false,
      "pricePerUOM": 3.6,
      "activationDate": "14-02-2024",
      "recordSource": "Offline",
      "isPromoActive": "N",
      "priceChangeCode": "E"
    },
    "isAvailable": true,
    "isPriceAvailable": true,
    "inPromo": false,
    "gtin": [
      "25410028820846",
      "05410028820804"
    ],
    "topCategoryName": "Kruidenierswaren/Droge voeding",
    "topCategoryId": "233",
    "businessDomain": "RETAIL_BE",
    "IsPrivateLabel": false,
    "IsBiffe": false,
    "WeightconversionFactor": "0",
    "IsWeightArticle": false,
    "nutriscoreLabel": "A",
    "IsBio": false,
    "CountryOfOrigin": "BELGIË",
    "IsExclusivelySoldInLuxembourg": false,
    "OrderUnit": "P",
    "ShortName": "SOUB 9GRANEN DONKER 2KG",
    "IsNew": false,
    "EcoscoreLabel": "D",
    "RecentQuanityOfStockUnits": "1,4",
    "LongName": "SOUBRY bloem 9-granenbrood 2kg",
    "AlcoholVolume": "0",
    "FicCode": "E",
    "EcoscoreValue": "37"
  },
  {
    "productId": "883427",
    "technicalArticleNumber": "4741581",
    "commercialArticleNumber": "27441",
    "name": "Tomatensoep kippenballetjes",
    "brand": "LIEBIG",
    "seoBrand": "Liebig",
    "thumbNail": "https://static.colruytgroup.com/images/200x200/nl_be/55/29/asset-3285529.jpg",
    "fullImage": "https://static.colruytgroup.com/images/500x500/nl_be/55/29/asset-3285529.jpg",
    "squareImage": "https://static.colruytgroup.com/images/500x500sq/nl_be/55/29/asset-3285529.jpg",
    "content": "500ml",
    "walkRouteSequenceNumber": 16947,
    "price": {
      "basicPrice": 2.79,
      "recommendedQuantity": "1.0",
      "measurementUnitPrice": 5.58,
      "measurementUnit": "L",
      "isRedPrice": false,
      "pricePerUOM": 5.58,
      "activationDate": "28-02-2024",
      "recordSource": "Offline",
      "isPromoActive": "N",
      "priceChangeCode": "E"
    },
    "isAvailable": true,
    "isPriceAvailable": true,
    "inPromo": false,
    "gtin": [
      "05414972337654",
      "05414972637655"
    ],
    "topCategoryName": "Kruidenierswaren/Droge voeding",
    "topCategoryId": "233",
    "businessDomain": "RETAIL_BE",
    "IsPrivateLabel": false,
    "IsBiffe": false,
    "WeightconversionFactor": "0",
    "IsWeightArticle": false,
    "nutriscoreLabel": "B",
    "IsBio": false,
    "CountryOfOrigin": "FRANKRIJK",
    "IsExclusivelySoldInLuxembourg": false,
    "OrderUnit": "P",
    "ShortName": "LIEB TOMAATSOEP KIP500",
    "IsNew": false,
    "EcoscoreLabel": "B",
    "RecentQuanityOfStockUnits": "1,12",
    "LongName": "LIEBIG Tomatensoep kippenballetjes 500ml",
    "AlcoholVolume": "0",
    "FicCode": "E",
    "EcoscoreValue": "78"
  },
  {
    "productId": "366825",
    "technicalArticleNumber": "3790123",
    "commercialArticleNumber": "19022",
    "name": "andalouse saus",
    "brand": "HALWA",
    "seoBrand": "Halwa",
    "thumbNail": "https://static.colruytgroup.com/images/200x200/std.lang.all/50/46/asset-1405046.jpg",
    "fullImage": "https://static.colruytgroup.com/images/500x500/std.lang.all/50/46/asset-1405046.jpg",
    "squareImage": "https://static.colruytgroup.com/images/500x500sq/std.lang.all/50/46/asset-1405046.jpg",
    "content": "500ml",
    "walkRouteSequenceNumber": 8177,
    "price": {
      "basicPrice": 3.09,
      "recommendedQuantity": "1.0",
      "measurementUnitPrice": 6.18,
      "measurementUnit": "L",
      "isRedPrice": false,
      "pricePerUOM": 6.18,
      "activationDate": "30-11-2023",
      "isPromoActive": "N",
      "priceChangeCode": "L"
    },
    "isAvailable": true,
    "isPriceAvailable": true,
    "inPromo": false,
    "gtin": [
      "05420058009681",
      "05420058009698"
    ],
    "topCategoryName": "Kruidenierswaren/Droge voeding",
    "topCategoryId": "233",
    "businessDomain": "RETAIL_BE",
    "IsPrivateLabel": false,
    "IsBiffe": false,
    "WeightconversionFactor": "0",
    "IsWeightArticle": false,
    "nutriscoreLabel": "D",
    "IsBio": false,
    "CountryOfOrigin": "BELGIË",
    "IsExclusivelySoldInLuxembourg": false,
    "OrderUnit": "P",
    "ShortName": "HALW ANDALOUSE SAUS 500",
    "IsNew": false,
    "EcoscoreLabel": "D",
    "RecentQuanityOfStockUnits": "1",
    "LongName": "HALWA andalouse saus 500ml",
    "AlcoholVolume": "0",
    "FicCode": "E",
    "EcoscoreValue": "34"
  },
  {
    "productId": "744483",
    "technicalArticleNumber": "4511951",
    "commercialArticleNumber": "3835",
    "name": "kokosbloesemsuiker bio",
    "brand": "VALAYA",
    "seoBrand": "Valaya",
    "thumbNail": "https://static.colruytgroup.com/images/200x200/std.lang.all/15/71/asset-2541571.jpg",
    "fullImage": "https://static.colruytgroup.com/images/500x500/std.lang.all/15/71/asset-2541571.jpg",
    "squareImage": "https://static.colruytgroup.com/images/500x500sq/std.lang.all/15/71/asset-2541571.jpg",
    "content": "500g",
    "walkRouteSequenceNumber": 9302,
    "price": {
      "basicPrice": 7.69,
      "recommendedQuantity": "1.0",
      "measurementUnitPrice": 15.38,
      "measurementUnit": "K",
      "isRedPrice": false,
      "pricePerUOM": 15.38,
      "activationDate": "10-01-2024",
      "isPromoActive": "N",
      "priceChangeCode": "H"
    },
    "isAvailable": true,
    "isPriceAvailable": true,
    "inPromo": false,
    "gtin": [
      "05425022734064",
      "05425022735061"
    ],
    "topCategoryName": "Kruidenierswaren/Droge voeding",
    "topCategoryId": "233",
    "businessDomain": "RETAIL_BE",
    "IsPrivateLabel": false,
    "IsBiffe": false,
    "WeightconversionFactor": "0",
    "IsWeightArticle": false,
    "nutriscoreLabel": "E",
    "IsBio": true,
    "CountryOfOrigin": "INDONESIË",
    "IsExclusivelySoldInLuxembourg": false,
    "OrderUnit": "P",
    "ShortName": "VALA KOKOSBL.SUI.BIO500",
    "IsNew": false,
    "EcoscoreLabel": "B",
    "RecentQuanityOfStockUnits": "1",
    "LongName": "VALAYA kokosbloesemsuiker bio 500g",
    "FicCode": "E",
    "EcoscoreValue": "64"
  },
  {
    "productId": "2490",
    "technicalArticleNumber": "1100129",
    "commercialArticleNumber": "14206",
    "name": "Wild langkorrelrijst",
    "description": "*Kookbuiltjes\n*kooktijd:18 minuten",
    "brand": "BOSTO",
    "seoBrand": "Bosto",
    "thumbNail": "https://static.colruytgroup.com/images/200x200/std.lang.all/13/65/asset-2091365.jpg",
    "fullImage": "https://static.colruytgroup.com/images/500x500/std.lang.all/13/65/asset-2091365.jpg",
    "squareImage": "https://static.colruytgroup.com/images/500x500sq/std.lang.all/13/65/asset-2091365.jpg",
    "content": "4x125g",
    "walkRouteSequenceNumber": 8369,
    "price": {
      "basicPrice": 4.55,
      "recommendedQuantity": "1.0",
      "measurementUnitPrice": 9.1,
      "measurementUnit": "K",
      "isRedPrice": false,
      "pricePerUOM": 9.1,
      "activationDate": "19-03-2024",
      "recordSource": "Offline",
      "isPromoActive": "N",
      "priceChangeCode": "E"
    },
    "isAvailable": true,
    "isPriceAvailable": true,
    "inPromo": false,
    "gtin": [
      "05410106011186",
      "15410106018656"
    ],
    "topCategoryName": "Kruidenierswaren/Droge voeding",
    "topCategoryId": "233",
    "businessDomain": "RETAIL_BE",
    "IsPrivateLabel": false,
    "IsBiffe": false,
    "WeightconversionFactor": "0",
    "IsWeightArticle": false,
    "nutriscoreLabel": "A",
    "IsBio": false,
    "CountryOfOrigin": "BELGIË",
    "IsExclusivelySoldInLuxembourg": false,
    "OrderUnit": "P",
    "ShortName": "BOSTO WILD RICE 4 X125G",
    "IsNew": false,
    "EcoscoreLabel": "D",
    "RecentQuanityOfStockUnits": "1",
    "LongName": "BOSTO Wild langkorrelrijst 4x125g",
    "AlcoholVolume": "0",
    "FicCode": "E",
    "EcoscoreValue": "23"
  },
  {
    "productId": "772538",
    "technicalArticleNumber": "4560978",
    "commercialArticleNumber": "28450",
    "name": "smaakverfijner vloeib.glas",
    "brand": "MAGGI",
    "seoBrand": "Maggi",
    "thumbNail": "https://static.colruytgroup.com/images/200x200/std.lang.all/52/43/asset-2755243.jpg",
    "fullImage": "https://static.colruytgroup.com/images/500x500/std.lang.all/52/43/asset-2755243.jpg",
    "squareImage": "https://static.colruytgroup.com/images/500x500sq/std.lang.all/52/43/asset-2755243.jpg",
    "content": "800ml",
    "walkRouteSequenceNumber": 6522,
    "price": {
      "basicPrice": 7.99,
      "recommendedQuantity": "1.0",
      "measurementUnitPrice": 9.99,
      "measurementUnit": "L",
      "isRedPrice": false,
      "pricePerUOM": 9.99,
      "activationDate": "01-02-2023",
      "isPromoActive": "N",
      "priceChangeCode": "E"
    },
    "isAvailable": true,
    "isPriceAvailable": true,
    "inPromo": false,
    "gtin": [
      "07613032588588",
      "03033710084005"
    ],
    "topCategoryName": "Kruidenierswaren/Droge voeding",
    "topCategoryId": "233",
    "businessDomain": "RETAIL_BE",
    "IsPrivateLabel": false,
    "IsBiffe": false,
    "WeightconversionFactor": "0",
    "IsWeightArticle": false,
    "nutriscoreLabel": "C",
    "IsBio": false,
    "CountryOfOrigin": "DUITSLAND",
    "IsExclusivelySoldInLuxembourg": false,
    "OrderUnit": "P",
    "ShortName": "MAGGI ASSAISONN 800ML",
    "IsNew": false,
    "RecentQuanityOfStockUnits": "1,6",
    "LongName": "MAGGI smaakverfijner vloeib.glas 800ml",
    "FicCode": "E"
  },
  {
    "productId": "871930",
    "technicalArticleNumber": "4725995",
    "commercialArticleNumber": "13327",
    "name": "basmati",
    "brand": "BEN'S ORIGINAL",
    "seoBrand": "Ben's original",
    "thumbNail": "https://static.colruytgroup.com/images/200x200/std.lang.all/42/01/asset-3284201.jpg",
    "fullImage": "https://static.colruytgroup.com/images/500x500/std.lang.all/42/01/asset-3284201.jpg",
    "squareImage": "https://static.colruytgroup.com/images/500x500sq/std.lang.all/42/01/asset-3284201.jpg",
    "content": "220g",
    "walkRouteSequenceNumber": 8416,
    "price": {
      "basicPrice": 2.49,
      "recommendedQuantity": "3.0",
      "measurementUnitPrice": 11.32,
      "measurementUnit": "K",
      "isRedPrice": false,
      "pricePerUOM": 11.32,
      "activationDate": "14-03-2024",
      "recordSource": "Offline",
      "isPromoActive": "N",
      "priceChangeCode": "E"
    },
    "isAvailable": true,
    "isPriceAvailable": true,
    "inPromo": false,
    "gtin": [
      "45400141712658",
      "03487400006783",
      "03487400006998"
    ],
    "topCategoryName": "Kruidenierswaren/Droge voeding",
    "topCategoryId": "233",
    "businessDomain": "RETAIL_BE",
    "IsPrivateLabel": false,
    "IsBiffe": false,
    "WeightconversionFactor": "0",
    "IsWeightArticle": false,
    "nutriscoreLabel": "B",
    "IsBio": false,
    "CountryOfOrigin": "FRANKRIJK",
    "IsExclusivelySoldInLuxembourg": false,
    "OrderUnit": "P",
    "ShortName": "BEOR EXP.RIJST BASMA220",
    "IsNew": false,
    "RecentQuanityOfStockUnits": "1",
    "LongName": "BEN'S ORIGINAL basmati 220g",
    "AlcoholVolume": "0",
    "FicCode": "E"
  },
  {
    "productId": "57580",
    "technicalArticleNumber": "2478683",
    "commercialArticleNumber": "38338",
    "name": "geleisuiker Maxi-fr",
    "brand": "TIENSE SUIKER",
    "seoBrand": "Tiense Suiker",
    "thumbNail": "https://static.colruytgroup.com/images/200x200/std.lang.all/62/81/asset-3346281.jpg",
    "fullImage": "https://static.colruytgroup.com/images/500x500/std.lang.all/62/81/asset-3346281.jpg",
    "squareImage": "https://static.colruytgroup.com/images/500x500sq/std.lang.all/62/81/asset-3346281.jpg",
    "content": "500g",
    "walkRouteSequenceNumber": 9308,
    "price": {
      "basicPrice": 2.69,
      "recommendedQuantity": "1.0",
      "measurementUnitPrice": 5.38,
      "measurementUnit": "K",
      "isRedPrice": false,
      "pricePerUOM": 5.38,
      "activationDate": "13-03-2024",
      "recordSource": "Offline",
      "isPromoActive": "N",
      "priceChangeCode": "H"
    },
    "isAvailable": true,
    "isPriceAvailable": true,
    "inPromo": false,
    "gtin": [
      "05410256018615",
      "05410301008615",
      "05410256008616"
    ],
    "topCategoryName": "Kruidenierswaren/Droge voeding",
    "topCategoryId": "233",
    "businessDomain": "RETAIL_BE",
    "IsPrivateLabel": false,
    "IsBiffe": false,
    "WeightconversionFactor": "0",
    "IsWeightArticle": false,
    "nutriscoreLabel": "E",
    "IsBio": false,
    "CountryOfOrigin": "DUITSLAND",
    "IsExclusivelySoldInLuxembourg": false,
    "OrderUnit": "P",
    "ShortName": "TIENSE MAXI FRUIT 500G",
    "InSeason": true,
    "IsNew": false,
    "EcoscoreLabel": "A",
    "RecentQuanityOfStockUnits": "10,1",
    "LongName": "TIENSE SUIKER geleisuiker Maxi-fr 500g",
    "AlcoholVolume": "0",
    "StartSeasonDate": "29/10/2019",
    "FicCode": "E",
    "EcoscoreValue": "100"
  },
  {
    "productId": "243796",
    "technicalArticleNumber": "3519723",
    "commercialArticleNumber": "12313",
    "name": "bio mini rijstw.blauwe bes",
    "description": "*Koekjes\n*Vanaf 10 maanden",
    "brand": "GOOD GOUT",
    "seoBrand": "Good Goût",
    "thumbNail": "https://static.colruytgroup.com/images/200x200/std.lang.all/79/30/asset-927930.jpg",
    "fullImage": "https://static.colruytgroup.com/images/500x500/std.lang.all/79/30/asset-927930.jpg",
    "squareImage": "https://static.colruytgroup.com/images/500x500sq/std.lang.all/79/30/asset-927930.jpg",
    "content": "40g",
    "walkRouteSequenceNumber": 15851,
    "price": {
      "basicPrice": 2.29,
      "recommendedQuantity": "1.0",
      "measurementUnitPrice": 57.25,
      "measurementUnit": "K",
      "isRedPrice": false,
      "pricePerUOM": 57.25,
      "activationDate": "08-02-2024",
      "isPromoActive": "N",
      "priceChangeCode": "H"
    },
    "isAvailable": true,
    "isPriceAvailable": true,
    "inPromo": false,
    "gtin": [
      "03770002327685",
      "13770002327682"
    ],
    "topCategoryName": "Brood/Ontbijt",
    "topCategoryId": "124",
    "businessDomain": "RETAIL_BE",
    "IsPrivateLabel": false,
    "IsBiffe": false,
    "WeightconversionFactor": "0",
    "IsWeightArticle": false,
    "IsBio": true,
    "CountryOfOrigin": "NEDERLAND",
    "IsExclusivelySoldInLuxembourg": false,
    "OrderUnit": "P",
    "ShortName": "GOOD RIJST.BE.BIO10M 40",
    "IsNew": false,
    "EcoscoreLabel": "B",
    "RecentQuanityOfStockUnits": "1,10",
    "LongName": "GOOD GOUT bio mini rijstw.blauwe bes 40g",
    "AlcoholVolume": "0",
    "FicCode": "E",
    "EcoscoreValue": "68"
  },
  {
    "productId": "620131",
    "technicalArticleNumber": "4298773",
    "commercialArticleNumber": "23477",
    "name": "pastasaus Tradizionale",
    "brand": "ELVEA",
    "seoBrand": "Elvea",
    "thumbNail": "https://static.colruytgroup.com/images/200x200/std.lang.all/45/67/asset-2314567.jpg",
    "fullImage": "https://static.colruytgroup.com/images/500x500/std.lang.all/45/67/asset-2314567.jpg",
    "squareImage": "https://static.colruytgroup.com/images/500x500sq/std.lang.all/45/67/asset-2314567.jpg",
    "content": "400g",
    "walkRouteSequenceNumber": 8340,
    "price": {
      "basicPrice": 3.39,
      "recommendedQuantity": "1.0",
      "measurementUnitPrice": 8.48,
      "measurementUnit": "K",
      "isRedPrice": false,
      "pricePerUOM": 8.48,
      "activationDate": "03-02-2024",
      "recordSource": "Offline",
      "isPromoActive": "N",
      "priceChangeCode": "E"
    },
    "isAvailable": true,
    "isPriceAvailable": true,
    "inPromo": false,
    "gtin": [
      "08001240101504",
      "18001240101501"
    ],
    "topCategoryName": "Kruidenierswaren/Droge voeding",
    "topCategoryId": "233",
    "businessDomain": "RETAIL_BE",
    "IsPrivateLabel": false,
    "IsBiffe": false,
    "WeightconversionFactor": "0",
    "IsWeightArticle": false,
    "nutriscoreLabel": "A",
    "IsBio": false,
    "CountryOfOrigin": "ITALIË",
    "IsExclusivelySoldInLuxembourg": false,
    "OrderUnit": "P",
    "ShortName": "ELVE PASTASAUS TRADI400",
    "IsNew": false,
    "EcoscoreLabel": "A",
    "RecentQuanityOfStockUnits": "1",
    "LongName": "ELVEA pastasaus Tradizionale 400g",
    "FicCode": "E",
    "EcoscoreValue": "91"
  },
  {
    "productId": "672453",
    "technicalArticleNumber": "4386433",
    "commercialArticleNumber": "3585",
    "name": "soja saus zoet",
    "brand": "KIKKOMAN",
    "seoBrand": "Kikkoman",
    "thumbNail": "https://static.colruytgroup.com/images/200x200/std.lang.all/38/26/asset-2323826.jpg",
    "fullImage": "https://static.colruytgroup.com/images/500x500/std.lang.all/38/26/asset-2323826.jpg",
    "squareImage": "https://static.colruytgroup.com/images/500x500sq/std.lang.all/38/26/asset-2323826.jpg",
    "content": "250ml",
    "walkRouteSequenceNumber": 8672,
    "price": {
      "basicPrice": 5.89,
      "recommendedQuantity": "1.0",
      "measurementUnitPrice": 23.56,
      "measurementUnit": "L",
      "isRedPrice": false,
      "pricePerUOM": 23.56,
      "activationDate": "14-02-2024",
      "isPromoActive": "N",
      "priceChangeCode": "E"
    },
    "isAvailable": true,
    "isPriceAvailable": true,
    "inPromo": false,
    "gtin": [
      "08715035250338",
      "08715035250406"
    ],
    "topCategoryName": "Kruidenierswaren/Droge voeding",
    "topCategoryId": "233",
    "businessDomain": "RETAIL_BE",
    "IsPrivateLabel": false,
    "IsBiffe": false,
    "WeightconversionFactor": "0",
    "IsWeightArticle": false,
    "nutriscoreLabel": "E",
    "IsBio": false,
    "CountryOfOrigin": "NEDERLAND",
    "IsExclusivelySoldInLuxembourg": false,
    "OrderUnit": "P",
    "ShortName": "KIKK SOJA SAUS ZOET250M",
    "IsNew": false,
    "EcoscoreLabel": "B",
    "RecentQuanityOfStockUnits": "1,1",
    "LongName": "KIKKOMAN soja saus zoet 250ml",
    "FicCode": "E",
    "EcoscoreValue": "77"
  },
  {
    "productId": "32037",
    "technicalArticleNumber": "1664514",
    "commercialArticleNumber": "13557",
    "name": "pesto alla calabrese",
    "brand": "BERTOLLI",
    "seoBrand": "Bertolli",
    "thumbNail": "https://static.colruytgroup.com/images/200x200/std.lang.all/92/38/asset-2809238.jpg",
    "fullImage": "https://static.colruytgroup.com/images/500x500/std.lang.all/92/38/asset-2809238.jpg",
    "squareImage": "https://static.colruytgroup.com/images/500x500sq/std.lang.all/92/38/asset-2809238.jpg",
    "content": "185g",
    "walkRouteSequenceNumber": 8380,
    "price": {
      "basicPrice": 4.74,
      "recommendedQuantity": "1.0",
      "measurementUnitPrice": 25.63,
      "measurementUnit": "K",
      "isRedPrice": false,
      "pricePerUOM": 25.63,
      "activationDate": "14-03-2024",
      "recordSource": "Offline",
      "isPromoActive": "N",
      "priceChangeCode": "E"
    },
    "isAvailable": true,
    "isPriceAvailable": true,
    "inPromo": false,
    "gtin": [
      "08722700883791",
      "08722700692140",
      "08712247232107",
      "08712247232091"
    ],
    "topCategoryName": "Kruidenierswaren/Droge voeding",
    "topCategoryId": "233",
    "businessDomain": "RETAIL_BE",
    "IsPrivateLabel": false,
    "IsBiffe": false,
    "WeightconversionFactor": "0",
    "IsWeightArticle": false,
    "nutriscoreLabel": "D",
    "IsBio": false,
    "CountryOfOrigin": "ITALIË",
    "IsExclusivelySoldInLuxembourg": false,
    "OrderUnit": "P",
    "ShortName": "BERT PESTO CALABRES185G",
    "IsNew": false,
    "EcoscoreLabel": "C",
    "RecentQuanityOfStockUnits": "1",
    "LongName": "BERTOLLI pesto alla calabrese 185g",
    "AlcoholVolume": "0",
    "FicCode": "E",
    "EcoscoreValue": "59"
  },
  {
    "productId": "15037",
    "technicalArticleNumber": "1426198",
    "commercialArticleNumber": "10717",
    "name": "Fette Croccanti lv glutenvrij",
    "description": "*Lactosevrij\n*Glutenvrij\n*Knäckerbrood",
    "brand": "SCHÄR",
    "seoBrand": "Schär",
    "thumbNail": "https://static.colruytgroup.com/images/200x200/std.lang.all/39/52/asset-2393952.jpg",
    "fullImage": "https://static.colruytgroup.com/images/500x500/std.lang.all/39/52/asset-2393952.jpg",
    "squareImage": "https://static.colruytgroup.com/images/500x500sq/std.lang.all/39/52/asset-2393952.jpg",
    "content": "150g",
    "walkRouteSequenceNumber": 17013,
    "price": {
      "basicPrice": 2.1,
      "recommendedQuantity": "1.0",
      "measurementUnitPrice": 14,
      "measurementUnit": "K",
      "isRedPrice": false,
      "pricePerUOM": 14,
      "activationDate": "26-01-2024",
      "recordSource": "Online",
      "isPromoActive": "N",
      "priceChangeCode": "L"
    },
    "isAvailable": true,
    "isPriceAvailable": true,
    "inPromo": false,
    "gtin": [
      "08008698007303",
      "08008698012932"
    ],
    "topCategoryName": "Brood/Ontbijt",
    "topCategoryId": "124",
    "businessDomain": "RETAIL_BE",
    "IsPrivateLabel": false,
    "IsBiffe": false,
    "WeightconversionFactor": "0",
    "IsWeightArticle": false,
    "nutriscoreLabel": "D",
    "IsBio": false,
    "CountryOfOrigin": "SPANJE",
    "IsExclusivelySoldInLuxembourg": false,
    "OrderUnit": "P",
    "ShortName": "SCHAR FET.CROC.GV 150G",
    "IsNew": false,
    "EcoscoreLabel": "B",
    "RecentQuanityOfStockUnits": "1,6",
    "LongName": "SCHÄR Fette Croccanti lv glutenvrij 150g",
    "AlcoholVolume": "0",
    "FicCode": "E",
    "EcoscoreValue": "75"
  },
  {
    "productId": "508685",
    "technicalArticleNumber": "4090140",
    "commercialArticleNumber": "8052",
    "name": "crackers gv lv",
    "description": "*Glutenvrij\n*Lactosevrij",
    "brand": "SCHÄR",
    "seoBrand": "Schär",
    "thumbNail": "https://static.colruytgroup.com/images/200x200/std.lang.all/66/42/asset-2396642.jpg",
    "fullImage": "https://static.colruytgroup.com/images/500x500/std.lang.all/66/42/asset-2396642.jpg",
    "squareImage": "https://static.colruytgroup.com/images/500x500sq/std.lang.all/66/42/asset-2396642.jpg",
    "content": "210g",
    "walkRouteSequenceNumber": 17015,
    "price": {
      "basicPrice": 3.29,
      "recommendedQuantity": "1.0",
      "measurementUnitPrice": 15.67,
      "measurementUnit": "K",
      "isRedPrice": false,
      "pricePerUOM": 15.67,
      "activationDate": "22-03-2024",
      "recordSource": "Offline",
      "isPromoActive": "N",
      "priceChangeCode": "L"
    },
    "isAvailable": true,
    "isPriceAvailable": true,
    "inPromo": false,
    "gtin": [
      "08008698003503",
      "08008698016039",
      "08008698041642"
    ],
    "topCategoryName": "Brood/Ontbijt",
    "topCategoryId": "124",
    "businessDomain": "RETAIL_BE",
    "IsPrivateLabel": false,
    "IsBiffe": false,
    "WeightconversionFactor": "0",
    "IsWeightArticle": false,
    "nutriscoreLabel": "D",
    "IsBio": false,
    "CountryOfOrigin": "ITALIË",
    "IsExclusivelySoldInLuxembourg": false,
    "OrderUnit": "P",
    "ShortName": "SCHA CRACKERS GV LV210G",
    "IsNew": false,
    "EcoscoreLabel": "C",
    "RecentQuanityOfStockUnits": "1",
    "LongName": "SCHÄR crackers gv lv 210g",
    "FicCode": "E",
    "EcoscoreValue": "43"
  },
  {
    "productId": "8276",
    "technicalArticleNumber": "1166047",
    "commercialArticleNumber": "13191",
    "name": "mierikswortel 20% room bokaal",
    "description": "*Geeft smaak aan\nsauzen, gerookte vis",
    "brand": "RABE",
    "seoBrand": "Rabe",
    "thumbNail": "https://static.colruytgroup.com/images/200x200/std.lang.all/81/19/asset-388119.jpg",
    "fullImage": "https://static.colruytgroup.com/images/500x500/std.lang.all/81/19/asset-388119.jpg",
    "squareImage": "https://static.colruytgroup.com/images/500x500sq/std.lang.all/81/19/asset-388119.jpg",
    "content": "100g",
    "walkRouteSequenceNumber": 6495,
    "price": {
      "basicPrice": 1.49,
      "recommendedQuantity": "1.0",
      "measurementUnitPrice": 14.9,
      "measurementUnit": "K",
      "isRedPrice": false,
      "pricePerUOM": 14.9,
      "activationDate": "23-03-2024",
      "recordSource": "Online",
      "isPromoActive": "N",
      "priceChangeCode": "E"
    },
    "isAvailable": true,
    "isPriceAvailable": true,
    "inPromo": false,
    "gtin": [
      "04033689001033",
      "04033689801039"
    ],
    "topCategoryName": "Kruidenierswaren/Droge voeding",
    "topCategoryId": "233",
    "businessDomain": "RETAIL_BE",
    "IsPrivateLabel": false,
    "IsBiffe": false,
    "WeightconversionFactor": "0",
    "IsWeightArticle": false,
    "IsBio": false,
    "CountryOfOrigin": "DUITSLAND",
    "IsExclusivelySoldInLuxembourg": false,
    "OrderUnit": "P",
    "ShortName": "RABE MIERIKSWORTEL 100G",
    "IsNew": false,
    "RecentQuanityOfStockUnits": "1",
    "LongName": "RABE mierikswortel 20% room bokaal 100g",
    "AlcoholVolume": "0",
    "FicCode": "E"
  },
  {
    "productId": "119679",
    "technicalArticleNumber": "3005427",
    "commercialArticleNumber": "1347",
    "name": "woksaus",
    "description": "*Woksaus",
    "brand": "KIKKOMAN",
    "seoBrand": "Kikkoman",
    "thumbNail": "https://static.colruytgroup.com/images/200x200/std.lang.all/42/09/asset-2354209.jpg",
    "fullImage": "https://static.colruytgroup.com/images/500x500/std.lang.all/42/09/asset-2354209.jpg",
    "squareImage": "https://static.colruytgroup.com/images/500x500sq/std.lang.all/42/09/asset-2354209.jpg",
    "content": "250ml",
    "walkRouteSequenceNumber": 8670,
    "price": {
      "basicPrice": 5.14,
      "recommendedQuantity": "1.0",
      "measurementUnitPrice": 20.56,
      "measurementUnit": "L",
      "isRedPrice": false,
      "pricePerUOM": 20.56,
      "activationDate": "19-03-2024",
      "recordSource": "Offline",
      "isPromoActive": "N",
      "priceChangeCode": "E"
    },
    "isAvailable": true,
    "isPriceAvailable": true,
    "inPromo": false,
    "gtin": [
      "08715035230309",
      "08715035230330"
    ],
    "topCategoryName": "Kruidenierswaren/Droge voeding",
    "topCategoryId": "233",
    "businessDomain": "RETAIL_BE",
    "IsPrivateLabel": false,
    "IsBiffe": false,
    "WeightconversionFactor": "0",
    "IsWeightArticle": false,
    "nutriscoreLabel": "E",
    "IsBio": false,
    "CountryOfOrigin": "BELGIË",
    "IsExclusivelySoldInLuxembourg": false,
    "OrderUnit": "P",
    "ShortName": "KIKKO WOKSAUS 250ML",
    "IsNew": false,
    "EcoscoreLabel": "B",
    "RecentQuanityOfStockUnits": "1",
    "LongName": "KIKKOMAN woksaus 250ml",
    "AlcoholVolume": "0",
    "FicCode": "E",
    "EcoscoreValue": "77"
  },
  {
    "productId": "770531",
    "technicalArticleNumber": "4557744",
    "commercialArticleNumber": "26951",
    "name": "loempiasaus",
    "brand": "SUZI WAN",
    "seoBrand": "Suzi Wan",
    "thumbNail": "https://static.colruytgroup.com/images/200x200/std.lang.all/92/54/asset-2809254.jpg",
    "fullImage": "https://static.colruytgroup.com/images/500x500/std.lang.all/92/54/asset-2809254.jpg",
    "squareImage": "https://static.colruytgroup.com/images/500x500sq/std.lang.all/92/54/asset-2809254.jpg",
    "content": "350g",
    "walkRouteSequenceNumber": 8478,
    "price": {
      "basicPrice": 3.99,
      "recommendedQuantity": "1.0",
      "measurementUnitPrice": 11.4,
      "measurementUnit": "K",
      "isRedPrice": false,
      "pricePerUOM": 11.4,
      "activationDate": "28-02-2024",
      "recordSource": "Offline",
      "isPromoActive": "N",
      "priceChangeCode": "E"
    },
    "isAvailable": true,
    "isPriceAvailable": true,
    "inPromo": false,
    "gtin": [
      "04002359661013",
      "04002359661020"
    ],
    "topCategoryName": "Kruidenierswaren/Droge voeding",
    "topCategoryId": "233",
    "businessDomain": "RETAIL_BE",
    "IsPrivateLabel": false,
    "IsBiffe": false,
    "WeightconversionFactor": "0",
    "IsWeightArticle": false,
    "nutriscoreLabel": "E",
    "IsBio": false,
    "CountryOfOrigin": "NEDERLAND",
    "IsExclusivelySoldInLuxembourg": false,
    "OrderUnit": "P",
    "ShortName": "SUWA LOEMPIASAUS 350G",
    "IsNew": false,
    "RecentQuanityOfStockUnits": "1",
    "LongName": "SUZI WAN loempiasaus 350g",
    "FicCode": "E"
  },
  {
    "productId": "186231",
    "technicalArticleNumber": "3461333",
    "commercialArticleNumber": "50327",
    "name": "kristalkorrel Sugarly",
    "brand": "CANDEREL",
    "seoBrand": "Canderel",
    "thumbNail": "https://static.colruytgroup.com/images/200x200/std.lang.all/16/64/asset-1201664.jpg",
    "fullImage": "https://static.colruytgroup.com/images/500x500/std.lang.all/16/64/asset-1201664.jpg",
    "squareImage": "https://static.colruytgroup.com/images/500x500sq/std.lang.all/16/64/asset-1201664.jpg",
    "content": "250g",
    "walkRouteSequenceNumber": 9181,
    "price": {
      "basicPrice": 6.64,
      "recommendedQuantity": "1.0",
      "measurementUnitPrice": 26.56,
      "measurementUnit": "K",
      "isRedPrice": false,
      "pricePerUOM": 26.56,
      "activationDate": "13-03-2024",
      "recordSource": "Offline",
      "isPromoActive": "N",
      "priceChangeCode": "E"
    },
    "isAvailable": true,
    "isPriceAvailable": true,
    "inPromo": true,
    "promotion": [
      {
        "techPromoId": "100867COLR",
        "promotionId": "100867",
        "promotionType": "3",
        "isPersonalized": "N",
        "publicationStartDate": "13-03-2024",
        "publicationEndDate": "26-03-2024"
      }
    ],
    "gtin": [
      "17640110707057",
      "07640110707050"
    ],
    "topCategoryName": "Kruidenierswaren/Droge voeding",
    "topCategoryId": "233",
    "businessDomain": "RETAIL_BE",
    "IsPrivateLabel": false,
    "IsBiffe": false,
    "WeightconversionFactor": "0",
    "IsWeightArticle": false,
    "nutriscoreLabel": "A",
    "IsBio": false,
    "CountryOfOrigin": "TSJECHIË (REPUBLIEK)",
    "IsExclusivelySoldInLuxembourg": false,
    "OrderUnit": "P",
    "ShortName": "CAND KRIST KO.SUGAR 250",
    "IsNew": false,
    "RecentQuanityOfStockUnits": "1,6",
    "LongName": "CANDEREL kristalkorrel Sugarly 250g",
    "AlcoholVolume": "0",
    "FicCode": "E"
  },
  {
    "productId": "656608",
    "technicalArticleNumber": "4357387",
    "commercialArticleNumber": "23950",
    "name": "kokosmelk light",
    "brand": "SUZI WAN",
    "seoBrand": "Suzi Wan",
    "thumbNail": "https://static.colruytgroup.com/images/200x200/std.lang.all/13/77/asset-2821377.jpg",
    "fullImage": "https://static.colruytgroup.com/images/500x500/std.lang.all/13/77/asset-2821377.jpg",
    "squareImage": "https://static.colruytgroup.com/images/500x500sq/std.lang.all/13/77/asset-2821377.jpg",
    "content": "200ml",
    "walkRouteSequenceNumber": 8489,
    "price": {
      "basicPrice": 3.89,
      "recommendedQuantity": "1.0",
      "measurementUnitPrice": 19.45,
      "measurementUnit": "L",
      "isRedPrice": false,
      "pricePerUOM": 19.45,
      "activationDate": "27-02-2024",
      "recordSource": "Offline",
      "isPromoActive": "N",
      "priceChangeCode": "H"
    },
    "isAvailable": true,
    "isPriceAvailable": true,
    "inPromo": false,
    "gtin": [
      "04002359006968",
      "04002359006975"
    ],
    "topCategoryName": "Kruidenierswaren/Droge voeding",
    "topCategoryId": "233",
    "businessDomain": "RETAIL_BE",
    "IsPrivateLabel": false,
    "IsBiffe": false,
    "WeightconversionFactor": "0",
    "IsWeightArticle": false,
    "nutriscoreLabel": "D",
    "IsBio": false,
    "CountryOfOrigin": "MALEISIË",
    "IsExclusivelySoldInLuxembourg": false,
    "OrderUnit": "P",
    "ShortName": "SUWA KOKOSMELK LIGHT200",
    "IsNew": false,
    "EcoscoreLabel": "C",
    "RecentQuanityOfStockUnits": "1",
    "LongName": "SUZI WAN kokosmelk light 200ml",
    "FicCode": "E",
    "EcoscoreValue": "58"
  },
  {
    "productId": "810",
    "technicalArticleNumber": "13528",
    "commercialArticleNumber": "13528",
    "name": "saus curry Blik",
    "brand": "DEVOS LEMMENS",
    "seoBrand": "Devos Lemmens",
    "thumbNail": "https://static.colruytgroup.com/images/200x200/std.lang.all/65/81/asset-346581.jpg",
    "fullImage": "https://static.colruytgroup.com/images/500x500/std.lang.all/65/81/asset-346581.jpg",
    "squareImage": "https://static.colruytgroup.com/images/500x500sq/std.lang.all/65/81/asset-346581.jpg",
    "content": "400g",
    "walkRouteSequenceNumber": 8254,
    "price": {
      "basicPrice": 2.49,
      "recommendedQuantity": "1.0",
      "measurementUnitPrice": 6.23,
      "measurementUnit": "K",
      "isRedPrice": false,
      "pricePerUOM": 6.23,
      "activationDate": "04-01-2024",
      "recordSource": "Offline",
      "isPromoActive": "N",
      "priceChangeCode": "E"
    },
    "isAvailable": true,
    "isPriceAvailable": true,
    "inPromo": false,
    "gtin": [
      "05000175407623",
      "05000175909936",
      "05001759099364"
    ],
    "topCategoryName": "Kruidenierswaren/Droge voeding",
    "topCategoryId": "233",
    "businessDomain": "RETAIL_BE",
    "IsPrivateLabel": false,
    "IsBiffe": false,
    "WeightconversionFactor": "0",
    "IsWeightArticle": false,
    "nutriscoreLabel": "C",
    "IsBio": false,
    "CountryOfOrigin": "DUITSLAND",
    "IsExclusivelySoldInLuxembourg": false,
    "OrderUnit": "P",
    "ShortName": "DVL CURRY SAUS 400GBLIK",
    "IsNew": false,
    "EcoscoreLabel": "B",
    "RecentQuanityOfStockUnits": "1",
    "LongName": "DEVOS LEMMENS saus curry Blik 400g",
    "AlcoholVolume": "0",
    "FicCode": "E",
    "EcoscoreValue": "76"
  },
  {
    "productId": "49009",
    "technicalArticleNumber": "2487379",
    "commercialArticleNumber": "12442",
    "name": "mayonaise top-down",
    "description": "*Met scharreleieren",
    "brand": "LA WILLIAM",
    "seoBrand": "La William",
    "thumbNail": "https://static.colruytgroup.com/images/200x200/std.lang.all/15/67/asset-1281567.jpg",
    "fullImage": "https://static.colruytgroup.com/images/500x500/std.lang.all/15/67/asset-1281567.jpg",
    "squareImage": "https://static.colruytgroup.com/images/500x500sq/std.lang.all/15/67/asset-1281567.jpg",
    "content": "710ml",
    "walkRouteSequenceNumber": 8115,
    "price": {
      "basicPrice": 8.99,
      "recommendedQuantity": "1.0",
      "measurementUnitPrice": 12.67,
      "measurementUnit": "L",
      "isRedPrice": false,
      "pricePerUOM": 12.67,
      "activationDate": "23-03-2024",
      "recordSource": "Online",
      "isPromoActive": "N",
      "priceChangeCode": "E"
    },
    "isAvailable": true,
    "isPriceAvailable": true,
    "inPromo": false,
    "gtin": [
      "05410426115113",
      "05410426115168"
    ],
    "topCategoryName": "Kruidenierswaren/Droge voeding",
    "topCategoryId": "233",
    "businessDomain": "RETAIL_BE",
    "IsPrivateLabel": false,
    "IsBiffe": false,
    "WeightconversionFactor": "0",
    "IsWeightArticle": false,
    "nutriscoreLabel": "E",
    "IsBio": false,
    "CountryOfOrigin": "BELGIË",
    "IsExclusivelySoldInLuxembourg": false,
    "OrderUnit": "P",
    "ShortName": "L WILLIAM MAYO TD 710ML",
    "IsNew": false,
    "EcoscoreLabel": "B",
    "RecentQuanityOfStockUnits": "1",
    "LongName": "LA WILLIAM mayonaise top-down 710ml",
    "AlcoholVolume": "0",
    "FicCode": "E",
    "EcoscoreValue": "63"
  },
  {
    "productId": "195015",
    "technicalArticleNumber": "3439919",
    "commercialArticleNumber": "50158",
    "name": "Panko broodkruimels",
    "description": "*Panko",
    "brand": "BLUE DRAGON",
    "seoBrand": "Blue Dragon",
    "thumbNail": "https://static.colruytgroup.com/images/200x200/std.lang.all/95/57/asset-2619557.jpg",
    "fullImage": "https://static.colruytgroup.com/images/500x500/std.lang.all/95/57/asset-2619557.jpg",
    "squareImage": "https://static.colruytgroup.com/images/500x500sq/std.lang.all/95/57/asset-2619557.jpg",
    "content": "120g",
    "walkRouteSequenceNumber": 8685,
    "price": {
      "basicPrice": 3.37,
      "recommendedQuantity": "1.0",
      "measurementUnitPrice": 28.09,
      "measurementUnit": "K",
      "isRedPrice": false,
      "pricePerUOM": 28.09,
      "activationDate": "17-02-2024",
      "recordSource": "Offline",
      "isPromoActive": "N",
      "priceChangeCode": "H"
    },
    "isAvailable": true,
    "isPriceAvailable": true,
    "inPromo": false,
    "gtin": [
      "05010338014902",
      "05015612014906",
      "05015612201856"
    ],
    "topCategoryName": "Kruidenierswaren/Droge voeding",
    "topCategoryId": "233",
    "businessDomain": "RETAIL_BE",
    "IsPrivateLabel": false,
    "IsBiffe": false,
    "WeightconversionFactor": "0",
    "IsWeightArticle": false,
    "nutriscoreLabel": "C",
    "IsBio": false,
    "CountryOfOrigin": "THAILAND",
    "IsExclusivelySoldInLuxembourg": false,
    "OrderUnit": "P",
    "ShortName": "BLUE DRAGON PANKO 120G",
    "IsNew": false,
    "RecentQuanityOfStockUnits": "1,6",
    "LongName": "BLUE DRAGON Panko broodkruimels 120g",
    "AlcoholVolume": "0",
    "FicCode": "E"
  },
  {
    "productId": "886224",
    "technicalArticleNumber": "4745334",
    "commercialArticleNumber": "32650",
    "name": "sweet & spicy squeeze",
    "brand": "TABASCO",
    "seoBrand": "Tabasco",
    "thumbNail": "https://static.colruytgroup.com/images/200x200/std.lang.all/59/46/asset-3325946.jpg",
    "fullImage": "https://static.colruytgroup.com/images/500x500/std.lang.all/59/46/asset-3325946.jpg",
    "squareImage": "https://static.colruytgroup.com/images/500x500sq/std.lang.all/59/46/asset-3325946.jpg",
    "content": "256ml",
    "walkRouteSequenceNumber": 8657,
    "price": {
      "basicPrice": 3.96,
      "recommendedQuantity": "1.0",
      "measurementUnitPrice": 12.58,
      "measurementUnit": "K",
      "isRedPrice": false,
      "pricePerUOM": 12.58,
      "activationDate": "09-11-2023",
      "isPromoActive": "N",
      "priceChangeCode": "L"
    },
    "isAvailable": true,
    "isPriceAvailable": true,
    "inPromo": false,
    "gtin": [
      "30011210694003"
    ],
    "topCategoryName": "Kruidenierswaren/Droge voeding",
    "topCategoryId": "233",
    "businessDomain": "RETAIL_BE",
    "IsPrivateLabel": false,
    "IsBiffe": false,
    "WeightconversionFactor": "0",
    "IsWeightArticle": false,
    "IsBio": false,
    "CountryOfOrigin": "VERENIGDE STATEN VAN AMERIKA",
    "IsExclusivelySoldInLuxembourg": false,
    "OrderUnit": "P",
    "ShortName": "TABA SWEET&SPICY SQ.256",
    "IsNew": false,
    "EcoscoreLabel": "C",
    "RecentQuanityOfStockUnits": "1",
    "LongName": "TABASCO sweet & spicy squeeze 256ml",
    "AlcoholVolume": "0",
    "FicCode": "E",
    "EcoscoreValue": "58"
  },
  {
    "productId": "331846",
    "technicalArticleNumber": "3812010",
    "commercialArticleNumber": "16973",
    "name": "olijfolie met look",
    "description": "*Koude bereidingen\n*Italië\n*Eerste persing,\nmet look",
    "brand": "BONI",
    "seoBrand": "Boni Selection",
    "thumbNail": "https://static.colruytgroup.com/images/200x200/std.lang.all/94/90/asset-1639490.jpg",
    "fullImage": "https://static.colruytgroup.com/images/500x500/std.lang.all/94/90/asset-1639490.jpg",
    "squareImage": "https://static.colruytgroup.com/images/500x500sq/std.lang.all/94/90/asset-1639490.jpg",
    "content": "25cl",
    "walkRouteSequenceNumber": 8952,
    "price": {
      "basicPrice": 5.59,
      "recommendedQuantity": "1.0",
      "measurementUnitPrice": 22.36,
      "measurementUnit": "L",
      "isRedPrice": false,
      "pricePerUOM": 22.36,
      "activationDate": "13-03-2024",
      "recordSource": "Offline",
      "isPromoActive": "N",
      "priceChangeCode": "H"
    },
    "isAvailable": true,
    "isPriceAvailable": true,
    "inPromo": false,
    "gtin": [
      "15400141214892",
      "15400141130420",
      "05400141130423",
      "05400141214895"
    ],
    "topCategoryName": "Kruidenierswaren/Droge voeding",
    "topCategoryId": "233",
    "businessDomain": "RETAIL_BE",
    "IsPrivateLabel": true,
    "IsBiffe": false,
    "WeightconversionFactor": "0",
    "IsWeightArticle": false,
    "nutriscoreLabel": "B",
    "IsBio": false,
    "CountryOfOrigin": "EUROPA",
    "IsExclusivelySoldInLuxembourg": false,
    "OrderUnit": "P",
    "ShortName": "BONI OLIJFOLIE LOOK25CL",
    "IsNew": false,
    "EcoscoreLabel": "C",
    "RecentQuanityOfStockUnits": "1",
    "LongName": "BONI olijfolie met look 25cl",
    "AlcoholVolume": "0",
    "FicCode": "I",
    "EcoscoreValue": "42"
  },
  {
    "productId": "59936",
    "technicalArticleNumber": "2342387",
    "commercialArticleNumber": "24065",
    "name": "saus argentina TD",
    "brand": "DEVOS LEMMENS",
    "seoBrand": "Devos Lemmens",
    "thumbNail": "https://static.colruytgroup.com/images/200x200/std.lang.all/76/95/asset-577695.jpg",
    "fullImage": "https://static.colruytgroup.com/images/500x500/std.lang.all/76/95/asset-577695.jpg",
    "squareImage": "https://static.colruytgroup.com/images/500x500sq/std.lang.all/76/95/asset-577695.jpg",
    "content": "300ml",
    "walkRouteSequenceNumber": 8126,
    "price": {
      "basicPrice": 4.15,
      "recommendedQuantity": "1.0",
      "measurementUnitPrice": 13.84,
      "measurementUnit": "L",
      "isRedPrice": false,
      "pricePerUOM": 13.84,
      "activationDate": "07-03-2024",
      "recordSource": "Offline",
      "isPromoActive": "N",
      "priceChangeCode": "H"
    },
    "isAvailable": true,
    "isPriceAvailable": true,
    "inPromo": false,
    "gtin": [
      "05410056199200",
      "05410056799202"
    ],
    "topCategoryName": "Kruidenierswaren/Droge voeding",
    "topCategoryId": "233",
    "businessDomain": "RETAIL_BE",
    "IsPrivateLabel": false,
    "IsBiffe": false,
    "WeightconversionFactor": "0",
    "IsWeightArticle": false,
    "nutriscoreLabel": "D",
    "IsBio": false,
    "CountryOfOrigin": "BELGIË",
    "IsExclusivelySoldInLuxembourg": false,
    "OrderUnit": "P",
    "ShortName": "DVL ARGENT SQ 300ML",
    "InSeason": true,
    "IsNew": false,
    "EcoscoreLabel": "D",
    "RecentQuanityOfStockUnits": "1,12",
    "LongName": "DEVOS LEMMENS saus argentina TD 300ml",
    "AlcoholVolume": "0",
    "StartSeasonDate": "30/12/2014",
    "FicCode": "E",
    "EcoscoreValue": "34"
  },
  {
    "productId": "101",
    "technicalArticleNumber": "14534",
    "commercialArticleNumber": "14534",
    "name": "spaghetti 6 granen",
    "description": "*Mix van 6 granen\n*Verfijnde smaak\n*Kooktijd : 6-7 min",
    "brand": "SOUBRY",
    "seoBrand": "Soubry",
    "thumbNail": "https://static.colruytgroup.com/images/200x200/std.lang.all/21/71/asset-962171.jpg",
    "fullImage": "https://static.colruytgroup.com/images/500x500/std.lang.all/21/71/asset-962171.jpg",
    "squareImage": "https://static.colruytgroup.com/images/500x500sq/std.lang.all/21/71/asset-962171.jpg",
    "content": "500g",
    "walkRouteSequenceNumber": 8307,
    "price": {
      "basicPrice": 2.69,
      "recommendedQuantity": "4.0",
      "measurementUnitPrice": 5.38,
      "measurementUnit": "K",
      "isRedPrice": false,
      "pricePerUOM": 5.38,
      "activationDate": "13-03-2024",
      "isPromoActive": "N",
      "priceChangeCode": "E"
    },
    "isAvailable": true,
    "isPriceAvailable": true,
    "inPromo": false,
    "gtin": [
      "05400141445343",
      "05410028055107",
      "00000024145343",
      "65410028055109"
    ],
    "topCategoryName": "Kruidenierswaren/Droge voeding",
    "topCategoryId": "233",
    "businessDomain": "RETAIL_BE",
    "IsPrivateLabel": false,
    "IsBiffe": false,
    "WeightconversionFactor": "0",
    "IsWeightArticle": false,
    "nutriscoreLabel": "A",
    "IsBio": false,
    "CountryOfOrigin": "BELGIË",
    "IsExclusivelySoldInLuxembourg": false,
    "OrderUnit": "P",
    "ShortName": "SOUBRY 6GRAN SPAGH 500G",
    "IsNew": false,
    "EcoscoreLabel": "A",
    "RecentQuanityOfStockUnits": "4,1",
    "LongName": "SOUBRY spaghetti 6 granen 500g",
    "AlcoholVolume": "0",
    "FicCode": "E",
    "EcoscoreValue": "93"
  },
  {
    "productId": "881714",
    "technicalArticleNumber": "4739170",
    "commercialArticleNumber": "3002",
    "name": "pesto ricotta e noci",
    "brand": "BARILLA",
    "seoBrand": "Barilla",
    "thumbNail": "https://static.colruytgroup.com/images/200x200/std.lang.all/05/71/asset-3240571.jpg",
    "fullImage": "https://static.colruytgroup.com/images/500x500/std.lang.all/05/71/asset-3240571.jpg",
    "squareImage": "https://static.colruytgroup.com/images/500x500sq/std.lang.all/05/71/asset-3240571.jpg",
    "content": "190g",
    "walkRouteSequenceNumber": 8281,
    "price": {
      "basicPrice": 4.55,
      "recommendedQuantity": "1.0",
      "measurementUnitPrice": 23.95,
      "measurementUnit": "K",
      "isRedPrice": false,
      "pricePerUOM": 23.95,
      "activationDate": "14-03-2024",
      "recordSource": "Offline",
      "isPromoActive": "N",
      "priceChangeCode": "E"
    },
    "isAvailable": true,
    "isPriceAvailable": true,
    "inPromo": false,
    "gtin": [
      "08076809517881"
    ],
    "topCategoryName": "Kruidenierswaren/Droge voeding",
    "topCategoryId": "233",
    "businessDomain": "RETAIL_BE",
    "IsPrivateLabel": false,
    "IsBiffe": false,
    "WeightconversionFactor": "0",
    "IsWeightArticle": false,
    "nutriscoreLabel": "E",
    "IsBio": false,
    "CountryOfOrigin": "ITALIË",
    "IsExclusivelySoldInLuxembourg": false,
    "OrderUnit": "P",
    "ShortName": "BARI PESTO RICO.NOCI190",
    "IsNew": false,
    "EcoscoreLabel": "D",
    "RecentQuanityOfStockUnits": "1",
    "LongName": "BARILLA pesto ricotta e noci 190g",
    "FicCode": "E",
    "EcoscoreValue": "38"
  },
  {
    "productId": "869917",
    "technicalArticleNumber": "4723362",
    "commercialArticleNumber": "20190",
    "name": "Garam masala",
    "brand": "DUCROS",
    "seoBrand": "Ducros",
    "thumbNail": "https://static.colruytgroup.com/images/200x200/std.lang.all/62/69/asset-3346269.jpg",
    "fullImage": "https://static.colruytgroup.com/images/500x500/std.lang.all/62/69/asset-3346269.jpg",
    "squareImage": "https://static.colruytgroup.com/images/500x500sq/std.lang.all/62/69/asset-3346269.jpg",
    "content": "40g",
    "walkRouteSequenceNumber": 6452,
    "price": {
      "basicPrice": 3.1,
      "recommendedQuantity": "1.0",
      "quantityPrice": 1.55,
      "quantityPriceQuantity": "2.0",
      "measurementUnitPrice": 77.5,
      "measurementUnitQuantityPrice": 38.75,
      "measurementUnit": "K",
      "isRedPrice": false,
      "pricePerUOM": 77.5,
      "activationDate": "20-03-2024",
      "recordSource": "Offline",
      "isPromoActive": "N",
      "priceChangeCode": "E",
      "quantityPricePerUOM": 38.75,
      "quantityActivationDate": "20-03-2024",
      "quantityPriceChangeCode": "L"
    },
    "isAvailable": true,
    "isPriceAvailable": true,
    "inPromo": false,
    "gtin": [
      "03166296552375"
    ],
    "topCategoryName": "Kruidenierswaren/Droge voeding",
    "topCategoryId": "233",
    "businessDomain": "RETAIL_BE",
    "IsPrivateLabel": false,
    "IsBiffe": false,
    "WeightconversionFactor": "0",
    "IsWeightArticle": false,
    "IsBio": false,
    "CountryOfOrigin": "FRANKRIJK",
    "IsExclusivelySoldInLuxembourg": false,
    "OrderUnit": "P",
    "ShortName": "DUCROS GARAM MASALA 40G",
    "IsNew": false,
    "RecentQuanityOfStockUnits": "1",
    "LongName": "DUCROS Garam masala 40g",
    "AlcoholVolume": "0",
    "FicCode": "E"
  },
  {
    "productId": "848166",
    "technicalArticleNumber": "4695399",
    "commercialArticleNumber": "27323",
    "name": "orion salade mayo",
    "description": "*Met eieren\n*0% suiker\n*Minder vetten",
    "brand": "DEVOS LEMMENS",
    "seoBrand": "Devos Lemmens",
    "thumbNail": "https://static.colruytgroup.com/images/200x200/std.lang.all/31/81/asset-3223181.jpg",
    "fullImage": "https://static.colruytgroup.com/images/500x500/std.lang.all/31/81/asset-3223181.jpg",
    "squareImage": "https://static.colruytgroup.com/images/500x500sq/std.lang.all/31/81/asset-3223181.jpg",
    "content": "1,1L",
    "walkRouteSequenceNumber": 8069,
    "price": {
      "basicPrice": 6.99,
      "recommendedQuantity": "1.0",
      "measurementUnitPrice": 6.36,
      "measurementUnit": "L",
      "isRedPrice": false,
      "pricePerUOM": 6.36,
      "activationDate": "04-10-2023",
      "isPromoActive": "N",
      "priceChangeCode": "E"
    },
    "isAvailable": true,
    "isPriceAvailable": true,
    "inPromo": false,
    "gtin": [
      "05414972324814",
      "05414972624815"
    ],
    "topCategoryName": "Kruidenierswaren/Droge voeding",
    "topCategoryId": "233",
    "businessDomain": "RETAIL_BE",
    "IsPrivateLabel": false,
    "IsBiffe": false,
    "WeightconversionFactor": "0",
    "IsWeightArticle": false,
    "nutriscoreLabel": "D",
    "IsBio": false,
    "CountryOfOrigin": "BELGIË",
    "IsExclusivelySoldInLuxembourg": false,
    "OrderUnit": "P",
    "ShortName": "DVL ORION SALA.MAY.1.1L",
    "IsNew": false,
    "EcoscoreLabel": "D",
    "RecentQuanityOfStockUnits": "1",
    "LongName": "DEVOS LEMMENS orion salade mayo 1,1L",
    "FicCode": "E",
    "EcoscoreValue": "34"
  },
  {
    "productId": "671056",
    "technicalArticleNumber": "4383983",
    "commercialArticleNumber": "24420",
    "name": "andalouse bokaal",
    "brand": "HALIDEAL",
    "seoBrand": "Halideal",
    "thumbNail": "https://static.colruytgroup.com/images/200x200/std.lang.all/98/90/asset-3269890.jpg",
    "fullImage": "https://static.colruytgroup.com/images/500x500/std.lang.all/98/90/asset-3269890.jpg",
    "squareImage": "https://static.colruytgroup.com/images/500x500sq/std.lang.all/98/90/asset-3269890.jpg",
    "content": "500ml",
    "walkRouteSequenceNumber": 8182,
    "price": {
      "basicPrice": 3.99,
      "recommendedQuantity": "1.0",
      "measurementUnitPrice": 7.98,
      "measurementUnit": "K",
      "isRedPrice": false,
      "pricePerUOM": 7.98,
      "activationDate": "19-04-2023",
      "isPromoActive": "N",
      "priceChangeCode": "E"
    },
    "isAvailable": true,
    "isPriceAvailable": true,
    "inPromo": false,
    "gtin": [
      "05425023290071",
      "05425023292013"
    ],
    "topCategoryName": "Kruidenierswaren/Droge voeding",
    "topCategoryId": "233",
    "businessDomain": "RETAIL_BE",
    "IsPrivateLabel": false,
    "IsBiffe": false,
    "WeightconversionFactor": "0",
    "IsWeightArticle": false,
    "IsBio": false,
    "CountryOfOrigin": "BELGIË",
    "IsExclusivelySoldInLuxembourg": false,
    "OrderUnit": "P",
    "ShortName": "HALI ANDALOUSE BOK500ML",
    "IsNew": false,
    "RecentQuanityOfStockUnits": "1,12",
    "LongName": "HALIDEAL andalouse bokaal 500ml",
    "FicCode": "E"
  },
  {
    "productId": "850",
    "technicalArticleNumber": "13155",
    "commercialArticleNumber": "13155",
    "name": "kruiden marjolein",
    "description": "*Geeft smaak aan\nmeditterane\nbereidingen",
    "brand": "BONI",
    "seoBrand": "Boni Selection",
    "thumbNail": "https://static.colruytgroup.com/images/200x200/std.lang.all/09/78/asset-3360978.jpg",
    "fullImage": "https://static.colruytgroup.com/images/500x500/std.lang.all/09/78/asset-3360978.jpg",
    "squareImage": "https://static.colruytgroup.com/images/500x500sq/std.lang.all/09/78/asset-3360978.jpg",
    "content": "12g",
    "walkRouteSequenceNumber": 6431,
    "price": {
      "basicPrice": 2.16,
      "recommendedQuantity": "1.0",
      "measurementUnitPrice": 180,
      "measurementUnit": "K",
      "isRedPrice": false,
      "pricePerUOM": 180,
      "activationDate": "23-01-2024",
      "isPromoActive": "N",
      "priceChangeCode": "L"
    },
    "isAvailable": true,
    "isPriceAvailable": true,
    "inPromo": false,
    "gtin": [
      "05400141098020",
      "05400141131550",
      "05400141170214",
      "05400141731552",
      "15400141098027"
    ],
    "topCategoryName": "Kruidenierswaren/Droge voeding",
    "topCategoryId": "233",
    "businessDomain": "RETAIL_BE",
    "IsPrivateLabel": true,
    "IsBiffe": false,
    "WeightconversionFactor": "0",
    "IsWeightArticle": false,
    "nutriscoreLabel": "A",
    "IsBio": false,
    "CountryOfOrigin": "EGYPTE",
    "IsExclusivelySoldInLuxembourg": false,
    "OrderUnit": "P",
    "ShortName": "BONI MARJOLEIN12G",
    "IsNew": false,
    "EcoscoreLabel": "C",
    "RecentQuanityOfStockUnits": "1",
    "LongName": "BONI kruiden marjolein 12g",
    "AlcoholVolume": "0",
    "FicCode": "I",
    "EcoscoreValue": "55"
  },
  {
    "productId": "871987",
    "technicalArticleNumber": "4726066",
    "commercialArticleNumber": "14056",
    "name": "expr. curry groenten",
    "brand": "BEN'S ORIGINAL",
    "seoBrand": "Ben's original",
    "thumbNail": "https://static.colruytgroup.com/images/200x200/std.lang.all/62/73/asset-3346273.jpg",
    "fullImage": "https://static.colruytgroup.com/images/500x500/std.lang.all/62/73/asset-3346273.jpg",
    "squareImage": "https://static.colruytgroup.com/images/500x500sq/std.lang.all/62/73/asset-3346273.jpg",
    "content": "220g",
    "walkRouteSequenceNumber": 8412,
    "price": {
      "basicPrice": 2.69,
      "recommendedQuantity": "3.0",
      "measurementUnitPrice": 12.23,
      "measurementUnit": "K",
      "isRedPrice": false,
      "pricePerUOM": 12.23,
      "activationDate": "23-03-2024",
      "recordSource": "Offline",
      "isPromoActive": "N",
      "priceChangeCode": "H"
    },
    "isAvailable": true,
    "isPriceAvailable": true,
    "inPromo": false,
    "gtin": [
      "03487400006752",
      "75400141712659",
      "03487400006950"
    ],
    "topCategoryName": "Kruidenierswaren/Droge voeding",
    "topCategoryId": "233",
    "businessDomain": "RETAIL_BE",
    "IsPrivateLabel": false,
    "IsBiffe": false,
    "WeightconversionFactor": "0",
    "IsWeightArticle": false,
    "nutriscoreLabel": "B",
    "IsBio": false,
    "CountryOfOrigin": "FRANKRIJK",
    "IsExclusivelySoldInLuxembourg": false,
    "OrderUnit": "P",
    "ShortName": "BEOR EXP.CURRY GROEN220",
    "IsNew": false,
    "RecentQuanityOfStockUnits": "3,1",
    "LongName": "BEN'S ORIGINAL expr. curry groenten 220g",
    "FicCode": "E"
  },
  {
    "productId": "159935",
    "technicalArticleNumber": "3283643",
    "commercialArticleNumber": "33281",
    "name": "kruiden Country Potatoes",
    "description": "*BBQ assortiment",
    "brand": "DUCROS",
    "seoBrand": "Ducros",
    "thumbNail": "https://static.colruytgroup.com/images/200x200/std.lang.all/06/00/asset-2860600.jpg",
    "fullImage": "https://static.colruytgroup.com/images/500x500/std.lang.all/06/00/asset-2860600.jpg",
    "squareImage": "https://static.colruytgroup.com/images/500x500sq/std.lang.all/06/00/asset-2860600.jpg",
    "content": "55g",
    "walkRouteSequenceNumber": 6482,
    "price": {
      "basicPrice": 2.84,
      "recommendedQuantity": "1.0",
      "quantityPrice": 1.42,
      "quantityPriceQuantity": "2.0",
      "measurementUnitPrice": 51.64,
      "measurementUnitQuantityPrice": 25.82,
      "measurementUnit": "K",
      "isRedPrice": false,
      "pricePerUOM": 51.64,
      "activationDate": "20-03-2024",
      "recordSource": "Offline",
      "isPromoActive": "N",
      "priceChangeCode": "E",
      "quantityPricePerUOM": 25.82,
      "quantityActivationDate": "20-03-2024",
      "quantityPriceChangeCode": "L"
    },
    "isAvailable": true,
    "isPriceAvailable": true,
    "inPromo": false,
    "gtin": [
      "03166291748476",
      "03166296209903"
    ],
    "topCategoryName": "Kruidenierswaren/Droge voeding",
    "topCategoryId": "233",
    "businessDomain": "RETAIL_BE",
    "IsPrivateLabel": false,
    "IsBiffe": false,
    "WeightconversionFactor": "0",
    "IsWeightArticle": false,
    "nutriscoreLabel": "C",
    "IsBio": false,
    "CountryOfOrigin": "FRANKRIJK",
    "IsExclusivelySoldInLuxembourg": false,
    "OrderUnit": "P",
    "ShortName": "DUCR COUNT.POTA.MENG 55",
    "InSeason": true,
    "IsNew": false,
    "EcoscoreLabel": "E",
    "RecentQuanityOfStockUnits": "1",
    "LongName": "DUCROS kruiden Country Potatoes 55g",
    "AlcoholVolume": "0",
    "StartSeasonDate": "15/03/2017",
    "FicCode": "E",
    "EcoscoreValue": "2"
  },
  {
    "productId": "328652",
    "technicalArticleNumber": "3805163",
    "commercialArticleNumber": "14390",
    "name": "dragonazijn",
    "brand": "ETOILE",
    "seoBrand": "L'Étoile",
    "thumbNail": "https://static.colruytgroup.com/images/200x200/std.lang.all/52/06/asset-2755206.jpg",
    "fullImage": "https://static.colruytgroup.com/images/500x500/std.lang.all/52/06/asset-2755206.jpg",
    "squareImage": "https://static.colruytgroup.com/images/500x500sq/std.lang.all/52/06/asset-2755206.jpg",
    "content": "500ml",
    "walkRouteSequenceNumber": 9136,
    "price": {
      "basicPrice": 2.49,
      "recommendedQuantity": "1.0",
      "measurementUnitPrice": 4.98,
      "measurementUnit": "L",
      "isRedPrice": false,
      "pricePerUOM": 4.98,
      "activationDate": "27-10-2023",
      "isPromoActive": "N",
      "priceChangeCode": "L"
    },
    "isAvailable": true,
    "isPriceAvailable": true,
    "inPromo": false,
    "gtin": [
      "03104188002614",
      "03104185002617"
    ],
    "topCategoryName": "Kruidenierswaren/Droge voeding",
    "topCategoryId": "233",
    "businessDomain": "RETAIL_BE",
    "IsPrivateLabel": false,
    "IsBiffe": false,
    "WeightconversionFactor": "0",
    "IsWeightArticle": false,
    "nutriscoreLabel": "A",
    "IsBio": false,
    "CountryOfOrigin": "FRANKRIJK",
    "IsExclusivelySoldInLuxembourg": false,
    "OrderUnit": "P",
    "ShortName": "ETOI DRAGONAZIJN 500ML",
    "IsNew": false,
    "EcoscoreLabel": "A",
    "RecentQuanityOfStockUnits": "1",
    "LongName": "ETOILE dragonazijn 500ml",
    "AlcoholVolume": "0",
    "FicCode": "E",
    "EcoscoreValue": "100"
  },
  {
    "productId": "697",
    "technicalArticleNumber": "12620",
    "commercialArticleNumber": "12620",
    "name": "Crunchy curry",
    "description": "*Kerriesoep met\ncroutons",
    "brand": "ROYCO",
    "seoBrand": "Royco Crunchy",
    "thumbNail": "https://static.colruytgroup.com/images/200x200/std.lang.all/36/73/asset-3353673.jpg",
    "fullImage": "https://static.colruytgroup.com/images/500x500/std.lang.all/36/73/asset-3353673.jpg",
    "squareImage": "https://static.colruytgroup.com/images/500x500sq/std.lang.all/36/73/asset-3353673.jpg",
    "content": "20st",
    "walkRouteSequenceNumber": 16907,
    "price": {
      "basicPrice": 13.79,
      "recommendedQuantity": "1.0",
      "measurementUnitPrice": 35.18,
      "measurementUnit": "K",
      "isRedPrice": false,
      "pricePerUOM": 35.18,
      "activationDate": "07-02-2024",
      "isPromoActive": "N",
      "priceChangeCode": "H"
    },
    "isAvailable": true,
    "isPriceAvailable": true,
    "inPromo": false,
    "gtin": [
      "05410056186965",
      "05410056786967"
    ],
    "topCategoryName": "Kruidenierswaren/Droge voeding",
    "topCategoryId": "233",
    "businessDomain": "RETAIL_BE",
    "IsPrivateLabel": false,
    "IsBiffe": false,
    "WeightconversionFactor": "0",
    "IsWeightArticle": false,
    "nutriscoreLabel": "C",
    "IsBio": false,
    "CountryOfOrigin": "NEDERLAND",
    "IsExclusivelySoldInLuxembourg": false,
    "OrderUnit": "P",
    "ShortName": "RMS.CRUNCHY CURRY 20Z",
    "IsNew": false,
    "EcoscoreLabel": "B",
    "RecentQuanityOfStockUnits": "1",
    "LongName": "ROYCO Crunchy curry 20st",
    "AlcoholVolume": "0",
    "FicCode": "E",
    "EcoscoreValue": "76"
  },
  {
    "productId": "686674",
    "technicalArticleNumber": "4410172",
    "commercialArticleNumber": "24986",
    "name": "ontpitte groene olijven",
    "brand": "BRINDOLIVE",
    "seoBrand": "Brindolive",
    "thumbNail": "https://static.colruytgroup.com/images/200x200/std.lang.all/31/61/asset-2353161.jpg",
    "fullImage": "https://static.colruytgroup.com/images/500x500/std.lang.all/31/61/asset-2353161.jpg",
    "squareImage": "https://static.colruytgroup.com/images/500x500sq/std.lang.all/31/61/asset-2353161.jpg",
    "content": "940g",
    "walkRouteSequenceNumber": 4595,
    "price": {
      "basicPrice": 3.39,
      "recommendedQuantity": "1.0",
      "measurementUnitPrice": 3.61,
      "measurementUnit": "K",
      "isRedPrice": false,
      "pricePerUOM": 3.61,
      "activationDate": "22-02-2024",
      "isPromoActive": "N",
      "priceChangeCode": "H"
    },
    "isAvailable": true,
    "isPriceAvailable": true,
    "inPromo": false,
    "gtin": [
      "05412535002599",
      "05412535002438"
    ],
    "topCategoryName": "Chips/Borrelhapjes",
    "topCategoryId": "306",
    "businessDomain": "RETAIL_BE",
    "IsPrivateLabel": false,
    "IsBiffe": false,
    "WeightconversionFactor": "0",
    "IsWeightArticle": false,
    "IsBio": false,
    "CountryOfOrigin": "MAROKKO",
    "IsExclusivelySoldInLuxembourg": false,
    "OrderUnit": "P",
    "ShortName": "BRIN ONTP.GR.OLIJVEN940",
    "IsNew": false,
    "RecentQuanityOfStockUnits": "6,1",
    "LongName": "BRINDOLIVE ontpitte groene olijven 940g",
    "FicCode": "E"
  },
  {
    "productId": "523243",
    "technicalArticleNumber": "4109095",
    "commercialArticleNumber": "8705",
    "name": "julienne oosterse groenten",
    "brand": "LIEBIG",
    "seoBrand": "Liebig",
    "thumbNail": "https://static.colruytgroup.com/images/200x200/nl_be/35/84/asset-3353584.jpg",
    "fullImage": "https://static.colruytgroup.com/images/500x500/nl_be/35/84/asset-3353584.jpg",
    "squareImage": "https://static.colruytgroup.com/images/500x500sq/nl_be/35/84/asset-3353584.jpg",
    "content": "1L",
    "walkRouteSequenceNumber": 16933,
    "price": {
      "basicPrice": 4.69,
      "recommendedQuantity": "1.0",
      "measurementUnitPrice": 4.69,
      "measurementUnit": "L",
      "isRedPrice": false,
      "pricePerUOM": 4.69,
      "activationDate": "15-03-2024",
      "recordSource": "Offline",
      "isPromoActive": "N",
      "priceChangeCode": "H"
    },
    "isAvailable": true,
    "isPriceAvailable": true,
    "inPromo": false,
    "gtin": [
      "05414972727370",
      "05414972127378"
    ],
    "topCategoryName": "Kruidenierswaren/Droge voeding",
    "topCategoryId": "233",
    "businessDomain": "RETAIL_BE",
    "IsPrivateLabel": false,
    "IsBiffe": false,
    "WeightconversionFactor": "0",
    "IsWeightArticle": false,
    "nutriscoreLabel": "C",
    "IsBio": false,
    "CountryOfOrigin": "FRANKRIJK",
    "IsExclusivelySoldInLuxembourg": false,
    "OrderUnit": "P",
    "ShortName": "LIEB JUL.OOSTERSE GR.1L",
    "IsNew": false,
    "EcoscoreLabel": "B",
    "RecentQuanityOfStockUnits": "1",
    "LongName": "LIEBIG julienne oosterse groenten 1L",
    "FicCode": "E",
    "EcoscoreValue": "78"
  },
  {
    "productId": "51519",
    "technicalArticleNumber": "2408598",
    "commercialArticleNumber": "15087",
    "name": "mix muffins chocolade",
    "description": "*Eieren en olie\ntoevoegen",
    "brand": "DR.OETKER",
    "seoBrand": "Dr.Oetker",
    "thumbNail": "https://static.colruytgroup.com/images/200x200/std.lang.all/67/56/asset-1246756.jpg",
    "fullImage": "https://static.colruytgroup.com/images/500x500/std.lang.all/67/56/asset-1246756.jpg",
    "squareImage": "https://static.colruytgroup.com/images/500x500sq/std.lang.all/67/56/asset-1246756.jpg",
    "content": "370g",
    "walkRouteSequenceNumber": 9418,
    "price": {
      "basicPrice": 5.55,
      "recommendedQuantity": "1.0",
      "measurementUnitPrice": 15,
      "measurementUnit": "K",
      "isRedPrice": false,
      "pricePerUOM": 15,
      "activationDate": "15-03-2024",
      "isPromoActive": "Y",
      "priceChangeCode": "H"
    },
    "isAvailable": true,
    "isPriceAvailable": true,
    "inPromo": true,
    "promotion": [
      {
        "techPromoId": "100927COLR",
        "promotionId": "100927",
        "promotionType": "3",
        "isPersonalized": "N",
        "publicationStartDate": "13-03-2024",
        "publicationEndDate": "26-03-2024"
      }
    ],
    "gtin": [
      "05410231047647",
      "05410231047623"
    ],
    "topCategoryName": "Kruidenierswaren/Droge voeding",
    "topCategoryId": "233",
    "businessDomain": "RETAIL_BE",
    "IsPrivateLabel": false,
    "IsBiffe": false,
    "WeightconversionFactor": "0",
    "IsWeightArticle": false,
    "nutriscoreLabel": "D",
    "IsBio": false,
    "CountryOfOrigin": "HONGARIJE",
    "IsExclusivelySoldInLuxembourg": false,
    "OrderUnit": "P",
    "ShortName": "OETK MUFFINS CHOC 370G",
    "IsNew": false,
    "RecentQuanityOfStockUnits": "1,8",
    "LongName": "DR.OETKER mix muffins chocolade 370g",
    "AlcoholVolume": "0",
    "FicCode": "E"
  },
  {
    "productId": "691",
    "technicalArticleNumber": "12610",
    "commercialArticleNumber": "12610",
    "name": "soep gevogelte",
    "description": "*Gevogeltesoep met\ncroutons",
    "brand": "ROYCO CRUNCHY",
    "seoBrand": "Royco Crunchy",
    "thumbNail": "https://static.colruytgroup.com/images/200x200/std.lang.all/36/71/asset-3353671.jpg",
    "fullImage": "https://static.colruytgroup.com/images/500x500/std.lang.all/36/71/asset-3353671.jpg",
    "squareImage": "https://static.colruytgroup.com/images/500x500sq/std.lang.all/36/71/asset-3353671.jpg",
    "content": "20st",
    "walkRouteSequenceNumber": 16914,
    "price": {
      "basicPrice": 13.79,
      "recommendedQuantity": "1.0",
      "measurementUnitPrice": 33.64,
      "measurementUnit": "K",
      "isRedPrice": false,
      "pricePerUOM": 33.64,
      "activationDate": "28-02-2024",
      "isPromoActive": "N",
      "priceChangeCode": "H"
    },
    "isAvailable": true,
    "isPriceAvailable": true,
    "inPromo": false,
    "gtin": [
      "05410056187467",
      "05410056787469"
    ],
    "topCategoryName": "Kruidenierswaren/Droge voeding",
    "topCategoryId": "233",
    "businessDomain": "RETAIL_BE",
    "IsPrivateLabel": false,
    "IsBiffe": false,
    "WeightconversionFactor": "0",
    "IsWeightArticle": false,
    "nutriscoreLabel": "C",
    "IsBio": false,
    "CountryOfOrigin": "NEDERLAND",
    "IsExclusivelySoldInLuxembourg": false,
    "OrderUnit": "P",
    "ShortName": "RMS CRUNCHY GEVOGELT20Z",
    "IsNew": false,
    "EcoscoreLabel": "D",
    "RecentQuanityOfStockUnits": "1",
    "LongName": "ROYCO CRUNCHY soep gevogelte 20st",
    "AlcoholVolume": "0",
    "FicCode": "E",
    "EcoscoreValue": "32"
  },
  {
    "productId": "23",
    "technicalArticleNumber": "14889",
    "commercialArticleNumber": "14889",
    "name": "bloem 6-granenbrood",
    "description": "*Mix van 6 granen\n*Lichtbruin brood\n*Zonder bewaarmiddel\n*Ook voor\nbroodbakmachine",
    "brand": "SOUBRY",
    "seoBrand": "Soubry",
    "thumbNail": "https://static.colruytgroup.com/images/200x200/nl_be/64/16/asset-1146416.jpg",
    "fullImage": "https://static.colruytgroup.com/images/500x500/nl_be/64/16/asset-1146416.jpg",
    "squareImage": "https://static.colruytgroup.com/images/500x500sq/nl_be/64/16/asset-1146416.jpg",
    "content": "5kg",
    "walkRouteSequenceNumber": 9715,
    "price": {
      "basicPrice": 8.72,
      "recommendedQuantity": "1.0",
      "measurementUnitPrice": 1.75,
      "measurementUnit": "K",
      "isRedPrice": false,
      "pricePerUOM": 1.75,
      "activationDate": "14-02-2024",
      "recordSource": "Offline",
      "isPromoActive": "N",
      "priceChangeCode": "E"
    },
    "isAvailable": true,
    "isPriceAvailable": true,
    "inPromo": false,
    "gtin": [
      "05410028821207",
      "01541002882120",
      "15410028821204"
    ],
    "topCategoryName": "Kruidenierswaren/Droge voeding",
    "topCategoryId": "233",
    "businessDomain": "RETAIL_BE",
    "IsPrivateLabel": false,
    "IsBiffe": false,
    "WeightconversionFactor": "0",
    "IsWeightArticle": false,
    "IsBio": false,
    "CountryOfOrigin": "BELGIË",
    "IsExclusivelySoldInLuxembourg": false,
    "OrderUnit": "P",
    "ShortName": "SOUBRY MEEL 6GRAN 5KG",
    "InSeason": true,
    "IsNew": false,
    "EcoscoreLabel": "A",
    "RecentQuanityOfStockUnits": "1,2",
    "LongName": "SOUBRY bloem 6-granenbrood 5kg",
    "AlcoholVolume": "0",
    "StartSeasonDate": "04/06/2020",
    "FicCode": "E",
    "EcoscoreValue": "100"
  },
  {
    "productId": "817712",
    "technicalArticleNumber": "4647354",
    "commercialArticleNumber": "29637",
    "name": "curry warme saus",
    "brand": "DEVOS LEMMENS",
    "seoBrand": "Devos Lemmens",
    "thumbNail": "https://static.colruytgroup.com/images/200x200/std.lang.all/03/69/asset-3380369.jpg",
    "fullImage": "https://static.colruytgroup.com/images/500x500/std.lang.all/03/69/asset-3380369.jpg",
    "squareImage": "https://static.colruytgroup.com/images/500x500sq/std.lang.all/03/69/asset-3380369.jpg",
    "content": "200g",
    "walkRouteSequenceNumber": 8258,
    "price": {
      "basicPrice": 2.49,
      "recommendedQuantity": "1.0",
      "measurementUnitPrice": 12.45,
      "measurementUnit": "K",
      "isRedPrice": false,
      "pricePerUOM": 12.45,
      "activationDate": "22-02-2024",
      "recordSource": "Offline",
      "isPromoActive": "N",
      "priceChangeCode": "H"
    },
    "isAvailable": true,
    "isPriceAvailable": true,
    "inPromo": false,
    "gtin": [
      "05414972111575",
      "05414972711577"
    ],
    "topCategoryName": "Kruidenierswaren/Droge voeding",
    "topCategoryId": "233",
    "businessDomain": "RETAIL_BE",
    "IsPrivateLabel": false,
    "IsBiffe": false,
    "WeightconversionFactor": "0",
    "IsWeightArticle": false,
    "nutriscoreLabel": "D",
    "IsBio": false,
    "CountryOfOrigin": "BELGIË",
    "IsExclusivelySoldInLuxembourg": false,
    "OrderUnit": "P",
    "ShortName": "DVL CURRY WARM.SAUS 200",
    "IsNew": false,
    "EcoscoreLabel": "B",
    "RecentQuanityOfStockUnits": "1",
    "LongName": "DEVOS LEMMENS curry warme saus 200g",
    "FicCode": "E",
    "EcoscoreValue": "76"
  },
  {
    "productId": "613",
    "technicalArticleNumber": "5953",
    "commercialArticleNumber": "5953",
    "name": "zoetstof tabletten",
    "description": "*Op basis van\naspartaam\n*1 tablet = 1\nklontje suiker",
    "brand": "CANDEREL",
    "seoBrand": "Canderel",
    "thumbNail": "https://static.colruytgroup.com/images/200x200/std.lang.all/48/37/asset-1434837.jpg",
    "fullImage": "https://static.colruytgroup.com/images/500x500/std.lang.all/48/37/asset-1434837.jpg",
    "squareImage": "https://static.colruytgroup.com/images/500x500sq/std.lang.all/48/37/asset-1434837.jpg",
    "content": "300st",
    "walkRouteSequenceNumber": 9183,
    "price": {
      "basicPrice": 4.99,
      "recommendedQuantity": "1.0",
      "measurementUnitPrice": 99.8,
      "measurementUnit": "K",
      "isRedPrice": false,
      "pricePerUOM": 99.8,
      "activationDate": "20-03-2024",
      "recordSource": "Offline",
      "isPromoActive": "N",
      "priceChangeCode": "L"
    },
    "isAvailable": true,
    "isPriceAvailable": true,
    "inPromo": true,
    "promotion": [
      {
        "techPromoId": "100867COLR",
        "promotionId": "100867",
        "promotionType": "3",
        "isPersonalized": "N",
        "publicationStartDate": "13-03-2024",
        "publicationEndDate": "26-03-2024"
      }
    ],
    "gtin": [
      "07640110700112",
      "17640110700119"
    ],
    "topCategoryName": "Kruidenierswaren/Droge voeding",
    "topCategoryId": "233",
    "businessDomain": "RETAIL_BE",
    "IsPrivateLabel": false,
    "IsBiffe": false,
    "WeightconversionFactor": "0",
    "IsWeightArticle": false,
    "nutriscoreLabel": "D",
    "IsBio": false,
    "CountryOfOrigin": "NEDERLAND",
    "IsExclusivelySoldInLuxembourg": false,
    "OrderUnit": "P",
    "ShortName": "CANDEREL 300 TABS",
    "IsNew": false,
    "RecentQuanityOfStockUnits": "1",
    "LongName": "CANDEREL zoetstof tabletten 300st",
    "AlcoholVolume": "0",
    "FicCode": "E"
  },
  {
    "productId": "64739",
    "technicalArticleNumber": "2822967",
    "commercialArticleNumber": "22850",
    "name": "rijst volwaardig",
    "description": "*Losse rijst\n*kooktijd:12 minuten",
    "brand": "BEN'S ORIGINAL",
    "seoBrand": "Ben's original",
    "thumbNail": "https://static.colruytgroup.com/images/200x200/std.lang.all/77/50/asset-2537750.jpg",
    "fullImage": "https://static.colruytgroup.com/images/500x500/std.lang.all/77/50/asset-2537750.jpg",
    "squareImage": "https://static.colruytgroup.com/images/500x500sq/std.lang.all/77/50/asset-2537750.jpg",
    "content": "1kg",
    "walkRouteSequenceNumber": 8364,
    "price": {
      "basicPrice": 7.49,
      "recommendedQuantity": "1.0",
      "measurementUnitPrice": 7.49,
      "measurementUnit": "K",
      "isRedPrice": false,
      "pricePerUOM": 7.49,
      "activationDate": "01-03-2024",
      "recordSource": "Online",
      "isPromoActive": "N",
      "priceChangeCode": "E"
    },
    "isAvailable": true,
    "isPriceAvailable": true,
    "inPromo": false,
    "gtin": [
      "05410673731654",
      "05410673731661",
      "05410673005113",
      "05410673005120"
    ],
    "topCategoryName": "Kruidenierswaren/Droge voeding",
    "topCategoryId": "233",
    "businessDomain": "RETAIL_BE",
    "IsPrivateLabel": false,
    "IsBiffe": false,
    "WeightconversionFactor": "0",
    "IsWeightArticle": false,
    "IsBio": false,
    "CountryOfOrigin": "BELGIË",
    "IsExclusivelySoldInLuxembourg": false,
    "OrderUnit": "P",
    "ShortName": "BEOR VOLW RIJST 1KG",
    "IsNew": false,
    "RecentQuanityOfStockUnits": "1",
    "LongName": "BEN'S ORIGINAL rijst volwaardig 1kg",
    "AlcoholVolume": "0",
    "FicCode": "E"
  },
  {
    "productId": "873527",
    "technicalArticleNumber": "4728419",
    "commercialArticleNumber": "31676",
    "name": "Trio wintergroenten",
    "brand": "BONI",
    "seoBrand": "Boni Selection",
    "thumbNail": "https://static.colruytgroup.com/images/200x200/std.lang.all/91/70/asset-3329170.jpg",
    "fullImage": "https://static.colruytgroup.com/images/500x500/std.lang.all/91/70/asset-3329170.jpg",
    "squareImage": "https://static.colruytgroup.com/images/500x500sq/std.lang.all/91/70/asset-3329170.jpg",
    "content": "180g",
    "walkRouteSequenceNumber": 6775,
    "price": {
      "basicPrice": 2.99,
      "recommendedQuantity": "1.0",
      "quantityPrice": 2.75,
      "quantityPriceQuantity": "3.0",
      "measurementUnitPrice": 16.62,
      "measurementUnitQuantityPrice": 15.28,
      "measurementUnit": "K",
      "isRedPrice": false,
      "pricePerUOM": 16.62,
      "activationDate": "31-01-2024",
      "isPromoActive": "N",
      "priceChangeCode": "E",
      "quantityPricePerUOM": 15.28,
      "quantityActivationDate": "31-01-2024",
      "quantityPriceChangeCode": "E"
    },
    "isAvailable": true,
    "isPriceAvailable": true,
    "inPromo": false,
    "gtin": [
      "05400141911176"
    ],
    "topCategoryName": "Chips/Borrelhapjes",
    "topCategoryId": "306",
    "businessDomain": "RETAIL_BE",
    "IsPrivateLabel": true,
    "IsBiffe": false,
    "WeightconversionFactor": "0",
    "IsWeightArticle": false,
    "nutriscoreLabel": "C",
    "IsBio": false,
    "CountryOfOrigin": "BELGIË",
    "IsExclusivelySoldInLuxembourg": false,
    "OrderUnit": "P",
    "ShortName": "BONI TRIO WINTERGR.180G",
    "IsNew": false,
    "EcoscoreLabel": "B",
    "RecentQuanityOfStockUnits": "1",
    "LongName": "BONI Trio wintergroenten 180g",
    "FicCode": "I",
    "EcoscoreValue": "72"
  },
  {
    "productId": "285957",
    "technicalArticleNumber": "3677008",
    "commercialArticleNumber": "9258",
    "name": "Franse zwarte olijven Nyons",
    "brand": "BONI",
    "seoBrand": "Boni Selection",
    "thumbNail": "https://static.colruytgroup.com/images/200x200/std.lang.all/99/01/asset-1549901.jpg",
    "fullImage": "https://static.colruytgroup.com/images/500x500/std.lang.all/99/01/asset-1549901.jpg",
    "squareImage": "https://static.colruytgroup.com/images/500x500sq/std.lang.all/99/01/asset-1549901.jpg",
    "content": "150g",
    "walkRouteSequenceNumber": 7691,
    "price": {
      "basicPrice": 3.49,
      "recommendedQuantity": "1.0",
      "quantityPrice": 3.21,
      "quantityPriceQuantity": "3.0",
      "measurementUnitPrice": 23.27,
      "measurementUnitQuantityPrice": 21.4,
      "measurementUnit": "K",
      "isRedPrice": false,
      "pricePerUOM": 23.27,
      "activationDate": "14-12-2023",
      "isPromoActive": "N",
      "priceChangeCode": "E",
      "quantityPricePerUOM": 21.4,
      "quantityActivationDate": "14-12-2023",
      "quantityPriceChangeCode": "E"
    },
    "isAvailable": true,
    "isPriceAvailable": true,
    "inPromo": false,
    "gtin": [
      "15400141155690",
      "05400141155693",
      "05400141387254",
      "15400141387251",
      "05400141981698",
      "15400141981695"
    ],
    "topCategoryName": "Chips/Borrelhapjes",
    "topCategoryId": "306",
    "businessDomain": "RETAIL_BE",
    "IsPrivateLabel": true,
    "IsBiffe": false,
    "WeightconversionFactor": "0",
    "IsWeightArticle": false,
    "nutriscoreLabel": "D",
    "IsBio": false,
    "CountryOfOrigin": "FRANKRIJK",
    "IsExclusivelySoldInLuxembourg": false,
    "OrderUnit": "P",
    "ShortName": "BS FR.ZW.OL.NY.NAT.150G",
    "InSeason": true,
    "IsNew": false,
    "EcoscoreLabel": "B",
    "RecentQuanityOfStockUnits": "1,9",
    "LongName": "BONI Franse zwarte olijven Nyons 150g",
    "AlcoholVolume": "0",
    "StartSeasonDate": "28/10/2020",
    "FicCode": "I",
    "EcoscoreValue": "79"
  },
  {
    "productId": "704242",
    "technicalArticleNumber": "4438759",
    "commercialArticleNumber": "22707",
    "name": "pure basmati",
    "brand": "TILDA",
    "seoBrand": "tilda",
    "thumbNail": "https://static.colruytgroup.com/images/200x200/std.lang.all/46/76/asset-2434676.jpg",
    "fullImage": "https://static.colruytgroup.com/images/500x500/std.lang.all/46/76/asset-2434676.jpg",
    "squareImage": "https://static.colruytgroup.com/images/500x500sq/std.lang.all/46/76/asset-2434676.jpg",
    "content": "1kg",
    "walkRouteSequenceNumber": 8316,
    "price": {
      "basicPrice": 6.25,
      "recommendedQuantity": "1.0",
      "measurementUnitPrice": 6.25,
      "measurementUnit": "K",
      "isRedPrice": false,
      "pricePerUOM": 6.25,
      "activationDate": "28-02-2024",
      "recordSource": "Offline",
      "isPromoActive": "N",
      "priceChangeCode": "E"
    },
    "isAvailable": true,
    "isPriceAvailable": true,
    "inPromo": false,
    "gtin": [
      "05011157630274",
      "05011157992846"
    ],
    "topCategoryName": "Kruidenierswaren/Droge voeding",
    "topCategoryId": "233",
    "businessDomain": "RETAIL_BE",
    "IsPrivateLabel": false,
    "IsBiffe": false,
    "WeightconversionFactor": "0",
    "IsWeightArticle": false,
    "nutriscoreLabel": "B",
    "IsBio": false,
    "CountryOfOrigin": "VERENIGD KONINKRIJK",
    "IsExclusivelySoldInLuxembourg": false,
    "OrderUnit": "P",
    "ShortName": "TILD PURE BASMATI 1KG",
    "IsNew": false,
    "EcoscoreLabel": "E",
    "RecentQuanityOfStockUnits": "1,8",
    "LongName": "TILDA pure basmati 1kg",
    "FicCode": "N",
    "EcoscoreValue": "12"
  },
  {
    "productId": "11813",
    "technicalArticleNumber": "1390941",
    "commercialArticleNumber": "14593",
    "name": "bloem boerenbrood",
    "description": "*Met Volkorenmeel\n*Lichtbruin brood\n*Zonder bewaarmiddel\n*Ook voor\nbroodbakmachine",
    "brand": "SOUBRY",
    "seoBrand": "Soubry",
    "thumbNail": "https://static.colruytgroup.com/images/200x200/nl_be/83/41/asset-518341.jpg",
    "fullImage": "https://static.colruytgroup.com/images/500x500/nl_be/83/41/asset-518341.jpg",
    "squareImage": "https://static.colruytgroup.com/images/500x500sq/nl_be/83/41/asset-518341.jpg",
    "content": "5kg",
    "walkRouteSequenceNumber": 9725,
    "price": {
      "basicPrice": 7.97,
      "recommendedQuantity": "1.0",
      "measurementUnitPrice": 1.6,
      "measurementUnit": "K",
      "isRedPrice": false,
      "pricePerUOM": 1.6,
      "activationDate": "15-02-2024",
      "recordSource": "Offline",
      "isPromoActive": "N",
      "priceChangeCode": "E"
    },
    "isAvailable": true,
    "isPriceAvailable": true,
    "inPromo": false,
    "gtin": [
      "15410028821044",
      "05410028821009"
    ],
    "topCategoryName": "Kruidenierswaren/Droge voeding",
    "topCategoryId": "233",
    "businessDomain": "RETAIL_BE",
    "IsPrivateLabel": false,
    "IsBiffe": false,
    "WeightconversionFactor": "0",
    "IsWeightArticle": false,
    "nutriscoreLabel": "A",
    "IsBio": false,
    "CountryOfOrigin": "BELGIË",
    "IsExclusivelySoldInLuxembourg": false,
    "OrderUnit": "P",
    "ShortName": "SOUBRY BLOEM BOERENBR5K",
    "IsNew": false,
    "EcoscoreLabel": "A",
    "RecentQuanityOfStockUnits": "1,2",
    "LongName": "SOUBRY bloem boerenbrood 5kg",
    "AlcoholVolume": "0",
    "FicCode": "E",
    "EcoscoreValue": "100"
  },
  {
    "productId": "701",
    "technicalArticleNumber": "12650",
    "commercialArticleNumber": "12650",
    "name": "Crunchy tomaat met balletjes",
    "description": "*Tomatensoep\nmet balletjes\nen croutons",
    "brand": "ROYCO",
    "seoBrand": "Royco Crunchy",
    "thumbNail": "https://static.colruytgroup.com/images/200x200/std.lang.all/36/76/asset-3353676.jpg",
    "fullImage": "https://static.colruytgroup.com/images/500x500/std.lang.all/36/76/asset-3353676.jpg",
    "squareImage": "https://static.colruytgroup.com/images/500x500sq/std.lang.all/36/76/asset-3353676.jpg",
    "content": "20st",
    "walkRouteSequenceNumber": 16908,
    "price": {
      "basicPrice": 13.79,
      "recommendedQuantity": "1.0",
      "measurementUnitPrice": 38.31,
      "measurementUnit": "K",
      "isRedPrice": false,
      "pricePerUOM": 38.31,
      "activationDate": "07-02-2024",
      "isPromoActive": "N",
      "priceChangeCode": "H"
    },
    "isAvailable": true,
    "isPriceAvailable": true,
    "inPromo": false,
    "gtin": [
      "05410056189485",
      "05410056789487"
    ],
    "topCategoryName": "Kruidenierswaren/Droge voeding",
    "topCategoryId": "233",
    "businessDomain": "RETAIL_BE",
    "IsPrivateLabel": false,
    "IsBiffe": false,
    "WeightconversionFactor": "0",
    "IsWeightArticle": false,
    "nutriscoreLabel": "C",
    "IsBio": false,
    "CountryOfOrigin": "NEDERLAND",
    "IsExclusivelySoldInLuxembourg": false,
    "OrderUnit": "P",
    "ShortName": "RMS CRUNCHY TOM/BAL 20Z",
    "IsNew": false,
    "EcoscoreLabel": "D",
    "RecentQuanityOfStockUnits": "1,8",
    "LongName": "ROYCO Crunchy tomaat met balletjes 20st",
    "AlcoholVolume": "0",
    "FicCode": "E",
    "EcoscoreValue": "32"
  },
  {
    "productId": "735059",
    "technicalArticleNumber": "4496000",
    "commercialArticleNumber": "19866",
    "name": "soep kip groente",
    "brand": "BONI",
    "seoBrand": "Boni Selection",
    "thumbNail": "https://static.colruytgroup.com/images/200x200/std.lang.all/16/79/asset-3361679.jpg",
    "fullImage": "https://static.colruytgroup.com/images/500x500/std.lang.all/16/79/asset-3361679.jpg",
    "squareImage": "https://static.colruytgroup.com/images/500x500sq/std.lang.all/16/79/asset-3361679.jpg",
    "content": "515ml",
    "walkRouteSequenceNumber": 16891,
    "price": {
      "basicPrice": 2.69,
      "recommendedQuantity": "1.0",
      "measurementUnitPrice": 5.23,
      "measurementUnit": "L",
      "isRedPrice": false,
      "pricePerUOM": 5.23,
      "activationDate": "21-03-2024",
      "isPromoActive": "N",
      "priceChangeCode": "H"
    },
    "isAvailable": true,
    "isPriceAvailable": true,
    "inPromo": false,
    "gtin": [
      "15400141618577",
      "05400141618570",
      "45400141915875"
    ],
    "topCategoryName": "Kruidenierswaren/Droge voeding",
    "topCategoryId": "233",
    "businessDomain": "RETAIL_BE",
    "IsPrivateLabel": true,
    "IsBiffe": false,
    "WeightconversionFactor": "0",
    "IsWeightArticle": false,
    "nutriscoreLabel": "C",
    "IsBio": false,
    "CountryOfOrigin": "NEDERLAND",
    "IsExclusivelySoldInLuxembourg": false,
    "OrderUnit": "P",
    "ShortName": "BONI KIPPENSOEP 515ML",
    "InSeason": true,
    "IsNew": false,
    "EcoscoreLabel": "A",
    "RecentQuanityOfStockUnits": "3,1",
    "LongName": "BONI soep kip groente 515ml",
    "StartSeasonDate": "20/07/2023",
    "FicCode": "I",
    "EcoscoreValue": "100"
  },
  {
    "productId": "204558",
    "technicalArticleNumber": "3499935",
    "commercialArticleNumber": "11440",
    "name": "kruiden look griesmeel",
    "brand": "DUCROS",
    "seoBrand": "Ducros",
    "thumbNail": "https://static.colruytgroup.com/images/200x200/std.lang.all/06/05/asset-2860605.jpg",
    "fullImage": "https://static.colruytgroup.com/images/500x500/std.lang.all/06/05/asset-2860605.jpg",
    "squareImage": "https://static.colruytgroup.com/images/500x500sq/std.lang.all/06/05/asset-2860605.jpg",
    "content": "60g",
    "walkRouteSequenceNumber": 6458,
    "price": {
      "basicPrice": 3.57,
      "recommendedQuantity": "1.0",
      "quantityPrice": 1.78,
      "quantityPriceQuantity": "2.0",
      "measurementUnitPrice": 59.5,
      "measurementUnitQuantityPrice": 29.67,
      "measurementUnit": "K",
      "isRedPrice": false,
      "pricePerUOM": 59.5,
      "activationDate": "20-03-2024",
      "recordSource": "Offline",
      "isPromoActive": "N",
      "priceChangeCode": "E",
      "quantityPricePerUOM": 29.67,
      "quantityActivationDate": "20-03-2024",
      "quantityPriceChangeCode": "L"
    },
    "isAvailable": true,
    "isPriceAvailable": true,
    "inPromo": false,
    "gtin": [
      "03166296208272",
      "03166290200081"
    ],
    "topCategoryName": "Kruidenierswaren/Droge voeding",
    "topCategoryId": "233",
    "businessDomain": "RETAIL_BE",
    "IsPrivateLabel": false,
    "IsBiffe": false,
    "WeightconversionFactor": "0",
    "IsWeightArticle": false,
    "nutriscoreLabel": "A",
    "IsBio": false,
    "CountryOfOrigin": "CHINA (VOLKSREBUPLIEK)",
    "IsExclusivelySoldInLuxembourg": false,
    "OrderUnit": "P",
    "ShortName": "DUCROS GRIESMEELLOOK60G",
    "IsNew": false,
    "EcoscoreLabel": "B",
    "RecentQuanityOfStockUnits": "1",
    "LongName": "DUCROS kruiden look griesmeel 60g",
    "AlcoholVolume": "0",
    "FicCode": "E",
    "EcoscoreValue": "77"
  },
  {
    "productId": "34088",
    "technicalArticleNumber": "1792698",
    "commercialArticleNumber": "6974",
    "name": "zoetstof poeder sticks",
    "description": "*Op basis van\naspartaam,\nacesulfaam-k\n*1 stick = 2\nkoffielepels suiker",
    "brand": "CANDEREL",
    "seoBrand": "Canderel",
    "thumbNail": "https://static.colruytgroup.com/images/200x200/std.lang.all/37/18/asset-1703718.jpg",
    "fullImage": "https://static.colruytgroup.com/images/500x500/std.lang.all/37/18/asset-1703718.jpg",
    "squareImage": "https://static.colruytgroup.com/images/500x500sq/std.lang.all/37/18/asset-1703718.jpg",
    "content": "100st",
    "walkRouteSequenceNumber": 9184,
    "price": {
      "basicPrice": 6.33,
      "recommendedQuantity": "1.0",
      "measurementUnitPrice": 63.3,
      "measurementUnit": "K",
      "isRedPrice": false,
      "pricePerUOM": 63.3,
      "activationDate": "14-03-2024",
      "recordSource": "Offline",
      "isPromoActive": "N",
      "priceChangeCode": "E"
    },
    "isAvailable": true,
    "isPriceAvailable": true,
    "inPromo": true,
    "promotion": [
      {
        "techPromoId": "100867COLR",
        "promotionId": "100867",
        "promotionType": "3",
        "isPersonalized": "N",
        "publicationStartDate": "13-03-2024",
        "publicationEndDate": "26-03-2024"
      }
    ],
    "gtin": [
      "03329750021002",
      "13329750021009",
      "07640110701386"
    ],
    "topCategoryName": "Kruidenierswaren/Droge voeding",
    "topCategoryId": "233",
    "businessDomain": "RETAIL_BE",
    "IsPrivateLabel": false,
    "IsBiffe": false,
    "WeightconversionFactor": "0",
    "IsWeightArticle": false,
    "nutriscoreLabel": "E",
    "IsBio": false,
    "CountryOfOrigin": "NEDERLAND",
    "IsExclusivelySoldInLuxembourg": false,
    "OrderUnit": "P",
    "ShortName": "CAND SWEETNER 100 STICK",
    "IsNew": false,
    "RecentQuanityOfStockUnits": "1",
    "LongName": "CANDEREL zoetstof poeder sticks 100st",
    "AlcoholVolume": "0",
    "FicCode": "E"
  },
  {
    "productId": "160527",
    "technicalArticleNumber": "3279647",
    "commercialArticleNumber": "44435",
    "name": "roomrijst vanille blik",
    "description": "Romig rijstdessert met vanillesmaak.\nWordt zowel warm als koud gegeten,\nmet fruit, jam of bruine suiker.",
    "brand": "BOSS",
    "seoBrand": "Boss",
    "thumbNail": "https://static.colruytgroup.com/images/200x200/std.lang.all/83/59/asset-598359.jpg",
    "fullImage": "https://static.colruytgroup.com/images/500x500/std.lang.all/83/59/asset-598359.jpg",
    "squareImage": "https://static.colruytgroup.com/images/500x500sq/std.lang.all/83/59/asset-598359.jpg",
    "content": "400g",
    "walkRouteSequenceNumber": 9598,
    "price": {
      "basicPrice": 3.09,
      "recommendedQuantity": "6.0",
      "measurementUnitPrice": 7.73,
      "measurementUnit": "K",
      "isRedPrice": false,
      "pricePerUOM": 7.73,
      "activationDate": "09-01-2024",
      "recordSource": "Offline",
      "isPromoActive": "N",
      "priceChangeCode": "H"
    },
    "isAvailable": true,
    "isPriceAvailable": true,
    "inPromo": false,
    "gtin": [
      "15410106080967",
      "05410106080953",
      "05410106080960"
    ],
    "topCategoryName": "Kruidenierswaren/Droge voeding",
    "topCategoryId": "233",
    "businessDomain": "RETAIL_BE",
    "IsPrivateLabel": false,
    "IsBiffe": false,
    "WeightconversionFactor": "0",
    "IsWeightArticle": false,
    "nutriscoreLabel": "A",
    "IsBio": false,
    "CountryOfOrigin": "BELGIË",
    "IsExclusivelySoldInLuxembourg": false,
    "OrderUnit": "P",
    "ShortName": "BOSS ROOMRIJST VAN 400G",
    "IsNew": false,
    "EcoscoreLabel": "A",
    "RecentQuanityOfStockUnits": "1,6",
    "LongName": "BOSS roomrijst vanille blik 400g",
    "AlcoholVolume": "0",
    "FicCode": "E",
    "EcoscoreValue": "87"
  },
  {
    "productId": "743490",
    "technicalArticleNumber": "4510323",
    "commercialArticleNumber": "28186",
    "name": "snelkookrijst los 8min",
    "description": "*Kooktijd: 8min",
    "brand": "BOSTO",
    "seoBrand": "Bosto",
    "thumbNail": "https://static.colruytgroup.com/images/200x200/std.lang.all/92/60/asset-2759260.jpg",
    "fullImage": "https://static.colruytgroup.com/images/500x500/std.lang.all/92/60/asset-2759260.jpg",
    "squareImage": "https://static.colruytgroup.com/images/500x500sq/std.lang.all/92/60/asset-2759260.jpg",
    "content": "1kg",
    "walkRouteSequenceNumber": 8375,
    "price": {
      "basicPrice": 3.99,
      "recommendedQuantity": "1.0",
      "measurementUnitPrice": 3.99,
      "measurementUnit": "K",
      "isRedPrice": false,
      "pricePerUOM": 3.99,
      "activationDate": "31-01-2023",
      "isPromoActive": "N",
      "priceChangeCode": "H"
    },
    "isAvailable": true,
    "isPriceAvailable": true,
    "inPromo": false,
    "gtin": [
      "05410106013500",
      "15410106013507"
    ],
    "topCategoryName": "Kruidenierswaren/Droge voeding",
    "topCategoryId": "233",
    "businessDomain": "RETAIL_BE",
    "IsPrivateLabel": false,
    "IsBiffe": false,
    "WeightconversionFactor": "0",
    "IsWeightArticle": false,
    "nutriscoreLabel": "A",
    "IsBio": false,
    "CountryOfOrigin": "BELGIË",
    "IsExclusivelySoldInLuxembourg": false,
    "OrderUnit": "P",
    "ShortName": "BOST SNELKOOKRIJST 1KG",
    "IsNew": false,
    "EcoscoreLabel": "D",
    "RecentQuanityOfStockUnits": "1",
    "LongName": "BOSTO snelkookrijst los 8min 1kg",
    "FicCode": "E",
    "EcoscoreValue": "28"
  },
  {
    "productId": "890842",
    "technicalArticleNumber": "4751707",
    "commercialArticleNumber": "14148",
    "name": "mayo olijfolie squeeze",
    "brand": "BERTOLLI",
    "seoBrand": "Bertolli",
    "thumbNail": "https://static.colruytgroup.com/images/200x200/std.lang.all/62/61/asset-3346261.jpg",
    "fullImage": "https://static.colruytgroup.com/images/500x500/std.lang.all/62/61/asset-3346261.jpg",
    "squareImage": "https://static.colruytgroup.com/images/500x500sq/std.lang.all/62/61/asset-3346261.jpg",
    "content": "350ml",
    "walkRouteSequenceNumber": 8111,
    "price": {
      "basicPrice": 3.99,
      "recommendedQuantity": "1.0",
      "measurementUnitPrice": 11.4,
      "measurementUnit": "L",
      "isRedPrice": false,
      "pricePerUOM": 11.4,
      "activationDate": "14-03-2024",
      "recordSource": "Offline",
      "isPromoActive": "N",
      "priceChangeCode": "E"
    },
    "isAvailable": true,
    "isPriceAvailable": true,
    "inPromo": false,
    "gtin": [
      "08720791222123"
    ],
    "topCategoryName": "Kruidenierswaren/Droge voeding",
    "topCategoryId": "233",
    "businessDomain": "RETAIL_BE",
    "IsPrivateLabel": false,
    "IsBiffe": false,
    "WeightconversionFactor": "0",
    "IsWeightArticle": false,
    "nutriscoreLabel": "D",
    "IsBio": false,
    "CountryOfOrigin": "BELGIË",
    "IsExclusivelySoldInLuxembourg": false,
    "OrderUnit": "P",
    "ShortName": "BERT MAYONA.SQUEEZE 350",
    "IsNew": false,
    "EcoscoreLabel": "D",
    "RecentQuanityOfStockUnits": "1",
    "LongName": "BERTOLLI mayo olijfolie squeeze 350ml",
    "AlcoholVolume": "0",
    "FicCode": "E",
    "EcoscoreValue": "34"
  },
  {
    "productId": "3404",
    "technicalArticleNumber": "1096748",
    "commercialArticleNumber": "13029",
    "name": "zonnebloemolie",
    "description": "*Koude bereidingen\n*100% biologische\nzonnebloemolie",
    "brand": "BONI BIO",
    "seoBrand": "Boni Selection Bio",
    "thumbNail": "https://static.colruytgroup.com/images/200x200/std.lang.all/81/43/asset-2488143.jpg",
    "fullImage": "https://static.colruytgroup.com/images/500x500/std.lang.all/81/43/asset-2488143.jpg",
    "squareImage": "https://static.colruytgroup.com/images/500x500sq/std.lang.all/81/43/asset-2488143.jpg",
    "content": "75cl",
    "walkRouteSequenceNumber": 9124,
    "price": {
      "basicPrice": 4.49,
      "recommendedQuantity": "1.0",
      "measurementUnitPrice": 5.99,
      "measurementUnit": "L",
      "isRedPrice": false,
      "pricePerUOM": 5.99,
      "activationDate": "20-03-2024",
      "recordSource": "Offline",
      "isPromoActive": "N",
      "priceChangeCode": "L"
    },
    "isAvailable": true,
    "isPriceAvailable": true,
    "inPromo": false,
    "gtin": [
      "05400141116168",
      "05400141192346",
      "15400141192343",
      "05400141208689",
      "05400141363234",
      "15400141363231"
    ],
    "topCategoryName": "Kruidenierswaren/Droge voeding",
    "topCategoryId": "233",
    "businessDomain": "RETAIL_BE",
    "IsPrivateLabel": true,
    "IsBiffe": false,
    "WeightconversionFactor": "0",
    "IsWeightArticle": false,
    "nutriscoreLabel": "C",
    "IsBio": true,
    "CountryOfOrigin": "FRANKRIJK",
    "IsExclusivelySoldInLuxembourg": false,
    "OrderUnit": "P",
    "ShortName": "BONI BIO ZB OLIE 75CL",
    "IsNew": false,
    "EcoscoreLabel": "B",
    "RecentQuanityOfStockUnits": "1",
    "LongName": "BONI BIO zonnebloemolie 75cl",
    "AlcoholVolume": "0",
    "FicCode": "I",
    "EcoscoreValue": "69"
  },
  {
    "productId": "18340",
    "technicalArticleNumber": "1748584",
    "commercialArticleNumber": "14895",
    "name": "bloem volkorenbrood",
    "description": "*100% Volkorenmeel\n*Lichtbruin brood\n*Zonder bewaarmiddel\n*Ook voor\nbroodbakmachine",
    "brand": "SOUBRY",
    "seoBrand": "Soubry",
    "thumbNail": "https://static.colruytgroup.com/images/200x200/nl_be/44/36/asset-1174436.jpg",
    "fullImage": "https://static.colruytgroup.com/images/500x500/nl_be/44/36/asset-1174436.jpg",
    "squareImage": "https://static.colruytgroup.com/images/500x500sq/nl_be/44/36/asset-1174436.jpg",
    "content": "5kg",
    "walkRouteSequenceNumber": 9718,
    "price": {
      "basicPrice": 12.47,
      "recommendedQuantity": "1.0",
      "measurementUnitPrice": 2.5,
      "measurementUnit": "K",
      "isRedPrice": false,
      "pricePerUOM": 2.5,
      "activationDate": "15-11-2023",
      "recordSource": "Offline",
      "isPromoActive": "N",
      "priceChangeCode": "E"
    },
    "isAvailable": true,
    "isPriceAvailable": true,
    "inPromo": false,
    "gtin": [
      "05410028821108",
      "15410028821105"
    ],
    "topCategoryName": "Kruidenierswaren/Droge voeding",
    "topCategoryId": "233",
    "businessDomain": "RETAIL_BE",
    "IsPrivateLabel": false,
    "IsBiffe": false,
    "WeightconversionFactor": "0",
    "IsWeightArticle": false,
    "nutriscoreLabel": "A",
    "IsBio": false,
    "CountryOfOrigin": "BELGIË",
    "IsExclusivelySoldInLuxembourg": false,
    "OrderUnit": "P",
    "ShortName": "SOUBRY VOLK MEEL 5KG",
    "InSeason": true,
    "IsNew": false,
    "EcoscoreLabel": "A",
    "RecentQuanityOfStockUnits": "1,2",
    "LongName": "SOUBRY bloem volkorenbrood 5kg",
    "AlcoholVolume": "0",
    "StartSeasonDate": "02/04/2020",
    "FicCode": "E",
    "EcoscoreValue": "100"
  },
  {
    "productId": "10667",
    "technicalArticleNumber": "1396594",
    "commercialArticleNumber": "15159",
    "name": "zout met verlaagd natrium",
    "description": "*66% minder\nnatriumchloride",
    "brand": "LO SALT",
    "seoBrand": "Lo Salt",
    "thumbNail": "https://static.colruytgroup.com/images/200x200/std.lang.all/93/11/asset-339311.jpg",
    "fullImage": "https://static.colruytgroup.com/images/500x500/std.lang.all/93/11/asset-339311.jpg",
    "squareImage": "https://static.colruytgroup.com/images/500x500sq/std.lang.all/93/11/asset-339311.jpg",
    "content": "350g",
    "walkRouteSequenceNumber": 6509,
    "price": {
      "basicPrice": 3.55,
      "recommendedQuantity": "1.0",
      "measurementUnitPrice": 10.15,
      "measurementUnit": "K",
      "isRedPrice": false,
      "pricePerUOM": 10.15,
      "activationDate": "21-03-2024",
      "recordSource": "Offline",
      "isPromoActive": "N",
      "priceChangeCode": "L"
    },
    "isAvailable": true,
    "isPriceAvailable": true,
    "inPromo": false,
    "gtin": [
      "05013791000055",
      "05011544070034"
    ],
    "topCategoryName": "Kruidenierswaren/Droge voeding",
    "topCategoryId": "233",
    "businessDomain": "RETAIL_BE",
    "IsPrivateLabel": false,
    "IsBiffe": false,
    "WeightconversionFactor": "0",
    "IsWeightArticle": false,
    "nutriscoreLabel": "E",
    "IsBio": false,
    "CountryOfOrigin": "VERENIGD KONINKRIJK",
    "IsExclusivelySoldInLuxembourg": false,
    "OrderUnit": "P",
    "ShortName": "LO SALT 350GR .",
    "IsNew": false,
    "EcoscoreLabel": "B",
    "RecentQuanityOfStockUnits": "1",
    "LongName": "LO SALT zout met verlaagd natrium 350g",
    "AlcoholVolume": "0",
    "FicCode": "E",
    "EcoscoreValue": "78"
  },
  {
    "productId": "693",
    "technicalArticleNumber": "12613",
    "commercialArticleNumber": "12613",
    "name": "soep asperge",
    "description": "*Aspergesoep met\ncroutons",
    "brand": "ROYCO CRUNCHY",
    "seoBrand": "Royco Crunchy",
    "thumbNail": "https://static.colruytgroup.com/images/200x200/std.lang.all/35/21/asset-3353521.jpg",
    "fullImage": "https://static.colruytgroup.com/images/500x500/std.lang.all/35/21/asset-3353521.jpg",
    "squareImage": "https://static.colruytgroup.com/images/500x500sq/std.lang.all/35/21/asset-3353521.jpg",
    "content": "20st",
    "walkRouteSequenceNumber": 16910,
    "price": {
      "basicPrice": 13.79,
      "recommendedQuantity": "1.0",
      "measurementUnitPrice": 34.48,
      "measurementUnit": "K",
      "isRedPrice": false,
      "pricePerUOM": 34.48,
      "activationDate": "07-02-2024",
      "isPromoActive": "N",
      "priceChangeCode": "H"
    },
    "isAvailable": true,
    "isPriceAvailable": true,
    "inPromo": false,
    "gtin": [
      "05410056187450",
      "05410056787452"
    ],
    "topCategoryName": "Kruidenierswaren/Droge voeding",
    "topCategoryId": "233",
    "businessDomain": "RETAIL_BE",
    "IsPrivateLabel": false,
    "IsBiffe": false,
    "WeightconversionFactor": "0",
    "IsWeightArticle": false,
    "nutriscoreLabel": "C",
    "IsBio": false,
    "CountryOfOrigin": "NEDERLAND",
    "IsExclusivelySoldInLuxembourg": false,
    "OrderUnit": "P",
    "ShortName": "RMS CRUNCHY ASPERGES20Z",
    "IsNew": false,
    "EcoscoreLabel": "B",
    "RecentQuanityOfStockUnits": "1,8",
    "LongName": "ROYCO CRUNCHY soep asperge 20st",
    "AlcoholVolume": "0",
    "FicCode": "E",
    "EcoscoreValue": "65"
  },
  {
    "productId": "90067",
    "technicalArticleNumber": "2968300",
    "commercialArticleNumber": "4282",
    "name": "kleurstoffen",
    "brand": "DR.OETKER",
    "seoBrand": "Dr.Oetker",
    "thumbNail": "https://static.colruytgroup.com/images/200x200/std.lang.all/28/01/asset-352801.jpg",
    "fullImage": "https://static.colruytgroup.com/images/500x500/std.lang.all/28/01/asset-352801.jpg",
    "squareImage": "https://static.colruytgroup.com/images/500x500sq/std.lang.all/28/01/asset-352801.jpg",
    "content": "4x10g",
    "walkRouteSequenceNumber": 9447,
    "price": {
      "basicPrice": 2.56,
      "recommendedQuantity": "1.0",
      "measurementUnitPrice": 64,
      "measurementUnit": "K",
      "isRedPrice": false,
      "pricePerUOM": 64,
      "activationDate": "06-01-2024",
      "recordSource": "Offline",
      "isPromoActive": "N",
      "priceChangeCode": "L"
    },
    "isAvailable": true,
    "isPriceAvailable": true,
    "inPromo": false,
    "gtin": [
      "05410231053945",
      "05410231053921"
    ],
    "topCategoryName": "Kruidenierswaren/Droge voeding",
    "topCategoryId": "233",
    "businessDomain": "RETAIL_BE",
    "IsPrivateLabel": false,
    "IsBiffe": false,
    "WeightconversionFactor": "0",
    "IsWeightArticle": false,
    "nutriscoreLabel": "D",
    "IsBio": false,
    "CountryOfOrigin": "POLEN",
    "IsExclusivelySoldInLuxembourg": false,
    "OrderUnit": "P",
    "ShortName": "OETK KLEURSTOF 4X10G",
    "IsNew": false,
    "RecentQuanityOfStockUnits": "1",
    "LongName": "DR.OETKER kleurstoffen 4x10g",
    "AlcoholVolume": "0",
    "FicCode": "E"
  },
  {
    "productId": "882",
    "technicalArticleNumber": "13253",
    "commercialArticleNumber": "13253",
    "name": "mayonaise olijfolie",
    "description": "*Met scharreleieren",
    "brand": "DEVOS LEMMENS",
    "seoBrand": "Devos Lemmens",
    "thumbNail": "https://static.colruytgroup.com/images/200x200/std.lang.all/40/71/asset-354071.jpg",
    "fullImage": "https://static.colruytgroup.com/images/500x500/std.lang.all/40/71/asset-354071.jpg",
    "squareImage": "https://static.colruytgroup.com/images/500x500sq/std.lang.all/40/71/asset-354071.jpg",
    "content": "550ml",
    "walkRouteSequenceNumber": 8086,
    "price": {
      "basicPrice": 5.69,
      "recommendedQuantity": "1.0",
      "measurementUnitPrice": 10.35,
      "measurementUnit": "L",
      "isRedPrice": false,
      "pricePerUOM": 10.35,
      "activationDate": "14-11-2023",
      "isPromoActive": "N",
      "priceChangeCode": "E"
    },
    "isAvailable": true,
    "isPriceAvailable": true,
    "inPromo": false,
    "gtin": [
      "05410056182578",
      "05410056782570"
    ],
    "topCategoryName": "Kruidenierswaren/Droge voeding",
    "topCategoryId": "233",
    "businessDomain": "RETAIL_BE",
    "IsPrivateLabel": false,
    "IsBiffe": false,
    "WeightconversionFactor": "0",
    "IsWeightArticle": false,
    "nutriscoreLabel": "D",
    "IsBio": false,
    "CountryOfOrigin": "BELGIË",
    "IsExclusivelySoldInLuxembourg": false,
    "OrderUnit": "P",
    "ShortName": "DVL MAYON+OLIJ OL 550ML",
    "InSeason": true,
    "IsNew": false,
    "EcoscoreLabel": "D",
    "RecentQuanityOfStockUnits": "1",
    "LongName": "DEVOS LEMMENS mayonaise olijfolie 550ml",
    "AlcoholVolume": "0",
    "StartSeasonDate": "04/11/2011",
    "FicCode": "E",
    "EcoscoreValue": "34"
  },
  {
    "productId": "210008",
    "technicalArticleNumber": "3498659",
    "commercialArticleNumber": "50559",
    "name": "kruiden provençaals",
    "brand": "BONI",
    "seoBrand": "Boni Selection",
    "thumbNail": "https://static.colruytgroup.com/images/200x200/std.lang.all/73/07/asset-1217307.jpg",
    "fullImage": "https://static.colruytgroup.com/images/500x500/std.lang.all/73/07/asset-1217307.jpg",
    "squareImage": "https://static.colruytgroup.com/images/500x500sq/std.lang.all/73/07/asset-1217307.jpg",
    "content": "150g",
    "walkRouteSequenceNumber": 6428,
    "price": {
      "basicPrice": 3.15,
      "recommendedQuantity": "1.0",
      "measurementUnitPrice": 21,
      "measurementUnit": "K",
      "isRedPrice": false,
      "pricePerUOM": 21,
      "activationDate": "08-03-2024",
      "recordSource": "Offline",
      "isPromoActive": "N",
      "priceChangeCode": "H"
    },
    "isAvailable": true,
    "isPriceAvailable": true,
    "inPromo": false,
    "gtin": [
      "85400141971473",
      "15400141835783",
      "05400141406931"
    ],
    "topCategoryName": "Kruidenierswaren/Droge voeding",
    "topCategoryId": "233",
    "businessDomain": "RETAIL_BE",
    "IsPrivateLabel": true,
    "IsBiffe": false,
    "WeightconversionFactor": "0",
    "IsWeightArticle": false,
    "IsBio": false,
    "CountryOfOrigin": "TURKIJE",
    "IsExclusivelySoldInLuxembourg": false,
    "OrderUnit": "P",
    "ShortName": "BONI PROVENC.KRUIDEN150",
    "IsNew": false,
    "EcoscoreLabel": "C",
    "RecentQuanityOfStockUnits": "1",
    "LongName": "BONI kruiden provençaals 150g",
    "AlcoholVolume": "0",
    "FicCode": "I",
    "EcoscoreValue": "57"
  },
  {
    "productId": "10055",
    "technicalArticleNumber": "1403801",
    "commercialArticleNumber": "40099",
    "name": "gr.bouillon poed. bio bok",
    "brand": "DE HOBBIT",
    "seoBrand": "De Hobbit",
    "thumbNail": "https://static.colruytgroup.com/images/200x200/std.lang.all/37/24/asset-2213724.jpg",
    "fullImage": "https://static.colruytgroup.com/images/500x500/std.lang.all/37/24/asset-2213724.jpg",
    "squareImage": "https://static.colruytgroup.com/images/500x500sq/std.lang.all/37/24/asset-2213724.jpg",
    "content": "200g",
    "walkRouteSequenceNumber": 6557,
    "price": {
      "basicPrice": 4.59,
      "recommendedQuantity": "1.0",
      "measurementUnitPrice": 22.95,
      "measurementUnit": "K",
      "isRedPrice": false,
      "pricePerUOM": 22.95,
      "activationDate": "13-01-2024",
      "isPromoActive": "N",
      "priceChangeCode": "H"
    },
    "isAvailable": true,
    "isPriceAvailable": true,
    "inPromo": false,
    "gtin": [
      "05412500912151",
      "05412500551374"
    ],
    "topCategoryName": "Kruidenierswaren/Droge voeding",
    "topCategoryId": "233",
    "businessDomain": "RETAIL_BE",
    "IsPrivateLabel": false,
    "IsBiffe": false,
    "WeightconversionFactor": "0",
    "IsWeightArticle": false,
    "IsBio": true,
    "CountryOfOrigin": "BELGIË",
    "IsExclusivelySoldInLuxembourg": false,
    "OrderUnit": "P",
    "ShortName": "UB BIO HOB.GR.BOUIL200G",
    "IsNew": false,
    "EcoscoreLabel": "B",
    "RecentQuanityOfStockUnits": "1",
    "LongName": "DE HOBBIT gr.bouillon poed. bio bok 200g",
    "AlcoholVolume": "0",
    "FicCode": "E",
    "EcoscoreValue": "79"
  },
  {
    "productId": "871978",
    "technicalArticleNumber": "4726056",
    "commercialArticleNumber": "13938",
    "name": "rijst exp. groenten",
    "brand": "BEN'S ORIGINAL",
    "seoBrand": "Ben's original",
    "thumbNail": "https://static.colruytgroup.com/images/200x200/std.lang.all/62/72/asset-3346272.jpg",
    "fullImage": "https://static.colruytgroup.com/images/500x500/std.lang.all/62/72/asset-3346272.jpg",
    "squareImage": "https://static.colruytgroup.com/images/500x500sq/std.lang.all/62/72/asset-3346272.jpg",
    "content": "220g",
    "walkRouteSequenceNumber": 8410,
    "price": {
      "basicPrice": 2.69,
      "recommendedQuantity": "2.0",
      "measurementUnitPrice": 12.23,
      "measurementUnit": "K",
      "isRedPrice": false,
      "pricePerUOM": 12.23,
      "activationDate": "14-03-2024",
      "recordSource": "Offline",
      "isPromoActive": "N",
      "priceChangeCode": "E"
    },
    "isAvailable": true,
    "isPriceAvailable": true,
    "inPromo": false,
    "gtin": [
      "03487400007094",
      "25400141660252",
      "03487400006905"
    ],
    "topCategoryName": "Kruidenierswaren/Droge voeding",
    "topCategoryId": "233",
    "businessDomain": "RETAIL_BE",
    "IsPrivateLabel": false,
    "IsBiffe": false,
    "WeightconversionFactor": "0",
    "IsWeightArticle": false,
    "nutriscoreLabel": "B",
    "IsBio": false,
    "CountryOfOrigin": "FRANKRIJK",
    "IsExclusivelySoldInLuxembourg": false,
    "OrderUnit": "P",
    "ShortName": "BEOR RIJST EX.GROENT220",
    "IsNew": false,
    "RecentQuanityOfStockUnits": "2,1",
    "LongName": "BEN'S ORIGINAL rijst exp. groenten 220g",
    "FicCode": "E"
  },
  {
    "productId": "694",
    "technicalArticleNumber": "12614",
    "commercialArticleNumber": "12614",
    "name": "soep champignon",
    "description": "*Champignonsoep met\ncroutons",
    "brand": "ROYCO CRUNCHY",
    "seoBrand": "Royco Crunchy",
    "thumbNail": "https://static.colruytgroup.com/images/200x200/std.lang.all/36/72/asset-3353672.jpg",
    "fullImage": "https://static.colruytgroup.com/images/500x500/std.lang.all/36/72/asset-3353672.jpg",
    "squareImage": "https://static.colruytgroup.com/images/500x500sq/std.lang.all/36/72/asset-3353672.jpg",
    "content": "20st",
    "walkRouteSequenceNumber": 16911,
    "price": {
      "basicPrice": 13.79,
      "recommendedQuantity": "1.0",
      "measurementUnitPrice": 36.49,
      "measurementUnit": "K",
      "isRedPrice": false,
      "pricePerUOM": 36.49,
      "activationDate": "07-02-2024",
      "isPromoActive": "N",
      "priceChangeCode": "H"
    },
    "isAvailable": true,
    "isPriceAvailable": true,
    "inPromo": false,
    "gtin": [
      "05410056187443",
      "05410056787445"
    ],
    "topCategoryName": "Kruidenierswaren/Droge voeding",
    "topCategoryId": "233",
    "businessDomain": "RETAIL_BE",
    "IsPrivateLabel": false,
    "IsBiffe": false,
    "WeightconversionFactor": "0",
    "IsWeightArticle": false,
    "nutriscoreLabel": "C",
    "IsBio": false,
    "CountryOfOrigin": "NEDERLAND",
    "IsExclusivelySoldInLuxembourg": false,
    "OrderUnit": "P",
    "ShortName": "RMS CRUNCHY CHAMPIG20Z",
    "IsNew": false,
    "EcoscoreLabel": "D",
    "RecentQuanityOfStockUnits": "1",
    "LongName": "ROYCO CRUNCHY soep champignon 20st",
    "AlcoholVolume": "0",
    "FicCode": "E",
    "EcoscoreValue": "34"
  },
  {
    "productId": "850331",
    "technicalArticleNumber": "4697751",
    "commercialArticleNumber": "30856",
    "name": "croutons Natuur",
    "brand": "CROUSTI SALAD",
    "seoBrand": "Crousti Salad",
    "thumbNail": "https://static.colruytgroup.com/images/200x200/std.lang.all/68/72/asset-3036872.jpg",
    "fullImage": "https://static.colruytgroup.com/images/500x500/std.lang.all/68/72/asset-3036872.jpg",
    "squareImage": "https://static.colruytgroup.com/images/500x500sq/std.lang.all/68/72/asset-3036872.jpg",
    "content": "700g",
    "walkRouteSequenceNumber": 16998,
    "price": {
      "basicPrice": 6.99,
      "recommendedQuantity": "1.0",
      "measurementUnitPrice": 9.99,
      "measurementUnit": "K",
      "isRedPrice": false,
      "pricePerUOM": 9.99,
      "activationDate": "10-01-2023",
      "isPromoActive": "N",
      "priceChangeCode": "E"
    },
    "isAvailable": true,
    "isPriceAvailable": true,
    "inPromo": false,
    "gtin": [
      "05413612210326",
      "05413612140395"
    ],
    "topCategoryName": "Kruidenierswaren/Droge voeding",
    "topCategoryId": "233",
    "businessDomain": "RETAIL_BE",
    "IsPrivateLabel": false,
    "IsBiffe": false,
    "WeightconversionFactor": "0",
    "IsWeightArticle": false,
    "nutriscoreLabel": "D",
    "IsBio": false,
    "CountryOfOrigin": "BELGIË",
    "IsExclusivelySoldInLuxembourg": false,
    "OrderUnit": "P",
    "ShortName": "HC CRSA CROUT.NAT.700G",
    "IsNew": false,
    "EcoscoreLabel": "D",
    "RecentQuanityOfStockUnits": "1",
    "LongName": "CROUSTI SALAD croutons Natuur 700g",
    "FicCode": "E",
    "EcoscoreValue": "38"
  },
  {
    "productId": "774732",
    "technicalArticleNumber": "4564410",
    "commercialArticleNumber": "2108",
    "name": "mix voor chocoladecake",
    "brand": "DR OETKER",
    "seoBrand": "Dr.Oetker",
    "thumbNail": "https://static.colruytgroup.com/images/200x200/std.lang.all/47/77/asset-2904777.jpg",
    "fullImage": "https://static.colruytgroup.com/images/500x500/std.lang.all/47/77/asset-2904777.jpg",
    "squareImage": "https://static.colruytgroup.com/images/500x500sq/std.lang.all/47/77/asset-2904777.jpg",
    "content": "400g",
    "walkRouteSequenceNumber": 9416,
    "price": {
      "basicPrice": 5.04,
      "recommendedQuantity": "1.0",
      "measurementUnitPrice": 12.6,
      "measurementUnit": "K",
      "isRedPrice": false,
      "pricePerUOM": 12.6,
      "activationDate": "20-03-2024",
      "recordSource": "Offline",
      "isPromoActive": "N",
      "priceChangeCode": "E"
    },
    "isAvailable": true,
    "isPriceAvailable": true,
    "inPromo": true,
    "promotion": [
      {
        "techPromoId": "100927COLR",
        "promotionId": "100927",
        "promotionType": "3",
        "isPersonalized": "N",
        "publicationStartDate": "13-03-2024",
        "publicationEndDate": "26-03-2024"
      }
    ],
    "gtin": [
      "05410231087247",
      "05410231087223"
    ],
    "topCategoryName": "Kruidenierswaren/Droge voeding",
    "topCategoryId": "233",
    "businessDomain": "RETAIL_BE",
    "IsPrivateLabel": false,
    "IsBiffe": false,
    "WeightconversionFactor": "0",
    "IsWeightArticle": false,
    "nutriscoreLabel": "E",
    "IsBio": false,
    "CountryOfOrigin": "NEDERLAND",
    "IsExclusivelySoldInLuxembourg": false,
    "OrderUnit": "P",
    "ShortName": "OETK CHOCOLADECAKE 400G",
    "IsNew": false,
    "RecentQuanityOfStockUnits": "1",
    "LongName": "DR OETKER mix voor chocoladecake 400g",
    "FicCode": "E"
  },
  {
    "productId": "233725",
    "technicalArticleNumber": "3580419",
    "commercialArticleNumber": "50988",
    "name": "pancakes",
    "brand": "DR.OETKER",
    "seoBrand": "Dr.Oetker",
    "thumbNail": "https://static.colruytgroup.com/images/200x200/std.lang.all/67/65/asset-1246765.jpg",
    "fullImage": "https://static.colruytgroup.com/images/500x500/std.lang.all/67/65/asset-1246765.jpg",
    "squareImage": "https://static.colruytgroup.com/images/500x500sq/std.lang.all/67/65/asset-1246765.jpg",
    "content": "400g",
    "walkRouteSequenceNumber": 9421,
    "price": {
      "basicPrice": 3.9,
      "recommendedQuantity": "1.0",
      "measurementUnitPrice": 9.75,
      "measurementUnit": "K",
      "isRedPrice": false,
      "pricePerUOM": 9.75,
      "activationDate": "20-03-2024",
      "recordSource": "Offline",
      "isPromoActive": "N",
      "priceChangeCode": "E"
    },
    "isAvailable": true,
    "isPriceAvailable": true,
    "inPromo": true,
    "promotion": [
      {
        "techPromoId": "100927COLR",
        "promotionId": "100927",
        "promotionType": "3",
        "isPersonalized": "N",
        "publicationStartDate": "13-03-2024",
        "publicationEndDate": "26-03-2024"
      }
    ],
    "gtin": [
      "05410231065849",
      "05410231065825"
    ],
    "topCategoryName": "Kruidenierswaren/Droge voeding",
    "topCategoryId": "233",
    "businessDomain": "RETAIL_BE",
    "IsPrivateLabel": false,
    "IsBiffe": false,
    "WeightconversionFactor": "0",
    "IsWeightArticle": false,
    "nutriscoreLabel": "C",
    "IsBio": false,
    "CountryOfOrigin": "NEDERLAND",
    "IsExclusivelySoldInLuxembourg": false,
    "OrderUnit": "P",
    "ShortName": "OETK PANCAKES 400G",
    "IsNew": false,
    "RecentQuanityOfStockUnits": "1",
    "LongName": "DR.OETKER pancakes 400g",
    "AlcoholVolume": "0",
    "FicCode": "E"
  },
  {
    "productId": "883405",
    "technicalArticleNumber": "4741543",
    "commercialArticleNumber": "27081",
    "name": "Kippensoep met pasta",
    "brand": "LIEBIG",
    "seoBrand": "Liebig",
    "thumbNail": "https://static.colruytgroup.com/images/200x200/nl_be/55/66/asset-3285566.jpg",
    "fullImage": "https://static.colruytgroup.com/images/500x500/nl_be/55/66/asset-3285566.jpg",
    "squareImage": "https://static.colruytgroup.com/images/500x500sq/nl_be/55/66/asset-3285566.jpg",
    "content": "500ml",
    "walkRouteSequenceNumber": 16939,
    "price": {
      "basicPrice": 3.19,
      "recommendedQuantity": "1.0",
      "measurementUnitPrice": 6.38,
      "measurementUnit": "L",
      "isRedPrice": false,
      "pricePerUOM": 6.38,
      "activationDate": "12-03-2024",
      "recordSource": "Offline",
      "isPromoActive": "N",
      "priceChangeCode": "E"
    },
    "isAvailable": true,
    "isPriceAvailable": true,
    "inPromo": false,
    "gtin": [
      "05414972337678"
    ],
    "topCategoryName": "Kruidenierswaren/Droge voeding",
    "topCategoryId": "233",
    "businessDomain": "RETAIL_BE",
    "IsPrivateLabel": false,
    "IsBiffe": false,
    "WeightconversionFactor": "0",
    "IsWeightArticle": false,
    "nutriscoreLabel": "B",
    "IsBio": false,
    "CountryOfOrigin": "FRANKRIJK",
    "IsExclusivelySoldInLuxembourg": false,
    "OrderUnit": "P",
    "ShortName": "LIEB KIP.SOEP PASTA500",
    "IsNew": false,
    "EcoscoreLabel": "B",
    "RecentQuanityOfStockUnits": "1,12",
    "LongName": "LIEBIG Kippensoep met pasta 500ml",
    "AlcoholVolume": "0",
    "FicCode": "E",
    "EcoscoreValue": "79"
  },
  {
    "productId": "40662",
    "technicalArticleNumber": "2481816",
    "commercialArticleNumber": "39160",
    "name": "Classics 8 gr.velouté brik",
    "description": "*Groentesoep\n*Soep in brik\n*Klaar voor gebruik\n*Warm gerecht\n*Makkelijk bereiden",
    "brand": "KNORR",
    "seoBrand": "Knorr",
    "thumbNail": "https://static.colruytgroup.com/images/200x200/nl_be/62/24/asset-2796224.jpg",
    "fullImage": "https://static.colruytgroup.com/images/500x500/nl_be/62/24/asset-2796224.jpg",
    "squareImage": "https://static.colruytgroup.com/images/500x500sq/nl_be/62/24/asset-2796224.jpg",
    "content": "500ml",
    "walkRouteSequenceNumber": 16957,
    "price": {
      "basicPrice": 2.99,
      "recommendedQuantity": "3.0",
      "measurementUnitPrice": 5.98,
      "measurementUnit": "L",
      "isRedPrice": false,
      "pricePerUOM": 5.98,
      "activationDate": "22-03-2024",
      "recordSource": "Offline",
      "isPromoActive": "Y",
      "priceChangeCode": "L"
    },
    "isAvailable": true,
    "isPriceAvailable": true,
    "inPromo": true,
    "promotion": [
      {
        "techPromoId": "100943COLR",
        "promotionId": "100943",
        "promotionType": "3",
        "isPersonalized": "N",
        "publicationStartDate": "13-03-2024",
        "publicationEndDate": "26-03-2024"
      }
    ],
    "gtin": [
      "65400141257900",
      "08722700887904",
      "08722700821694",
      "05400141655582"
    ],
    "topCategoryName": "Kruidenierswaren/Droge voeding",
    "topCategoryId": "233",
    "businessDomain": "RETAIL_BE",
    "IsPrivateLabel": false,
    "IsBiffe": false,
    "WeightconversionFactor": "0",
    "IsWeightArticle": false,
    "nutriscoreLabel": "C",
    "IsBio": false,
    "CountryOfOrigin": "FRANKRIJK",
    "IsExclusivelySoldInLuxembourg": false,
    "OrderUnit": "P",
    "ShortName": "KNORR 8GROENTEW 500ML",
    "IsNew": false,
    "EcoscoreLabel": "B",
    "RecentQuanityOfStockUnits": "1,3",
    "LongName": "KNORR Classics 8 gr.velouté brik 500ml",
    "AlcoholVolume": "0",
    "FicCode": "E",
    "EcoscoreValue": "78"
  },
  {
    "productId": "254802",
    "technicalArticleNumber": "3611974",
    "commercialArticleNumber": "18273",
    "name": "all in mix pompoenpittenbrood",
    "brand": "BONI",
    "seoBrand": "Boni Selection",
    "thumbNail": "https://static.colruytgroup.com/images/200x200/std.lang.all/57/67/asset-2205767.jpg",
    "fullImage": "https://static.colruytgroup.com/images/500x500/std.lang.all/57/67/asset-2205767.jpg",
    "squareImage": "https://static.colruytgroup.com/images/500x500sq/std.lang.all/57/67/asset-2205767.jpg",
    "content": "500g",
    "walkRouteSequenceNumber": 9593,
    "price": {
      "basicPrice": 1.19,
      "recommendedQuantity": "1.0",
      "measurementUnitPrice": 2.38,
      "measurementUnit": "K",
      "isRedPrice": false,
      "pricePerUOM": 2.38,
      "activationDate": "11-05-2023",
      "isPromoActive": "N",
      "priceChangeCode": "E"
    },
    "isAvailable": true,
    "isPriceAvailable": true,
    "inPromo": false,
    "gtin": [
      "05400141046137",
      "15400141046134",
      "05400141333060",
      "15400141333067",
      "05400141364545"
    ],
    "topCategoryName": "Kruidenierswaren/Droge voeding",
    "topCategoryId": "233",
    "businessDomain": "RETAIL_BE",
    "IsPrivateLabel": true,
    "IsBiffe": false,
    "WeightconversionFactor": "0",
    "IsWeightArticle": false,
    "nutriscoreLabel": "C",
    "IsBio": false,
    "CountryOfOrigin": "BELGIË",
    "IsExclusivelySoldInLuxembourg": false,
    "OrderUnit": "P",
    "ShortName": "BONI MIX POMPO.BROOD500",
    "InSeason": true,
    "IsNew": false,
    "EcoscoreLabel": "A",
    "RecentQuanityOfStockUnits": "1,15",
    "LongName": "BONI all in mix pompoenpittenbrood 500g",
    "AlcoholVolume": "0",
    "StartSeasonDate": "08/07/2020",
    "FicCode": "I",
    "EcoscoreValue": "91"
  },
  {
    "productId": "200642",
    "technicalArticleNumber": "3422730",
    "commercialArticleNumber": "11480",
    "name": "paneermeel texmex kruiden",
    "description": "*Versgebakken brood\n*Tex/mex kruiden\n*Paneren kroketten\n*Paneren vlees/vis\n*Zonder bewaarmiddel",
    "brand": "ANCO",
    "seoBrand": "Anco",
    "thumbNail": "https://static.colruytgroup.com/images/200x200/std.lang.all/26/32/asset-822632.jpg",
    "fullImage": "https://static.colruytgroup.com/images/500x500/std.lang.all/26/32/asset-822632.jpg",
    "squareImage": "https://static.colruytgroup.com/images/500x500sq/std.lang.all/26/32/asset-822632.jpg",
    "content": "200g",
    "walkRouteSequenceNumber": 9708,
    "price": {
      "basicPrice": 3.04,
      "recommendedQuantity": "1.0",
      "measurementUnitPrice": 15.2,
      "measurementUnit": "K",
      "isRedPrice": false,
      "pricePerUOM": 15.2,
      "activationDate": "10-02-2024",
      "isPromoActive": "N",
      "priceChangeCode": "H"
    },
    "isAvailable": true,
    "isPriceAvailable": true,
    "inPromo": false,
    "gtin": [
      "15410028632121",
      "05410028632124",
      "05410018632110",
      "05410018302181"
    ],
    "topCategoryName": "Kruidenierswaren/Droge voeding",
    "topCategoryId": "233",
    "businessDomain": "RETAIL_BE",
    "IsPrivateLabel": false,
    "IsBiffe": false,
    "WeightconversionFactor": "0",
    "IsWeightArticle": false,
    "nutriscoreLabel": "C",
    "IsBio": false,
    "CountryOfOrigin": "NEDERLAND",
    "IsExclusivelySoldInLuxembourg": false,
    "OrderUnit": "P",
    "ShortName": "ANCO PANEERM.TEX MEX200",
    "IsNew": false,
    "RecentQuanityOfStockUnits": "1,1",
    "LongName": "ANCO paneermeel texmex kruiden 200g",
    "AlcoholVolume": "0",
    "FicCode": "E"
  },
  {
    "productId": "741595",
    "technicalArticleNumber": "4506972",
    "commercialArticleNumber": "27983",
    "name": "zonnebloemolie",
    "brand": "LESIEUR",
    "seoBrand": "Lesieur",
    "thumbNail": "https://static.colruytgroup.com/images/200x200/std.lang.all/00/69/asset-2620069.jpg",
    "fullImage": "https://static.colruytgroup.com/images/500x500/std.lang.all/00/69/asset-2620069.jpg",
    "squareImage": "https://static.colruytgroup.com/images/500x500sq/std.lang.all/00/69/asset-2620069.jpg",
    "content": "1L",
    "walkRouteSequenceNumber": 9123,
    "price": {
      "basicPrice": 4.39,
      "recommendedQuantity": "1.0",
      "measurementUnitPrice": 4.39,
      "measurementUnit": "L",
      "isRedPrice": false,
      "pricePerUOM": 4.39,
      "activationDate": "12-01-2024",
      "isPromoActive": "N",
      "priceChangeCode": "H"
    },
    "isAvailable": true,
    "isPriceAvailable": true,
    "inPromo": false,
    "gtin": [
      "13265470074492",
      "03265471024086",
      "03265470074488"
    ],
    "topCategoryName": "Kruidenierswaren/Droge voeding",
    "topCategoryId": "233",
    "businessDomain": "RETAIL_BE",
    "IsPrivateLabel": false,
    "IsBiffe": false,
    "WeightconversionFactor": "0",
    "IsWeightArticle": false,
    "nutriscoreLabel": "D",
    "IsBio": false,
    "CountryOfOrigin": "FRANKRIJK",
    "IsExclusivelySoldInLuxembourg": false,
    "OrderUnit": "P",
    "ShortName": "LESI ZONNEBLOEMOLIE 1L",
    "IsNew": false,
    "EcoscoreLabel": "C",
    "RecentQuanityOfStockUnits": "1",
    "LongName": "LESIEUR zonnebloemolie 1L",
    "FicCode": "E",
    "EcoscoreValue": "42"
  },
  {
    "productId": "11415",
    "technicalArticleNumber": "1354922",
    "commercialArticleNumber": "14066",
    "name": "flan vanille zakje",
    "description": "Basis: geselecteerde meelsoorten. Met\nagar-agar\nKoud\nof warm opdienen.",
    "brand": "DR.OETKER",
    "seoBrand": "Dr.Oetker",
    "thumbNail": "https://static.colruytgroup.com/images/200x200/std.lang.all/92/81/asset-3209281.jpg",
    "fullImage": "https://static.colruytgroup.com/images/500x500/std.lang.all/92/81/asset-3209281.jpg",
    "squareImage": "https://static.colruytgroup.com/images/500x500sq/std.lang.all/92/81/asset-3209281.jpg",
    "content": "4x50g",
    "walkRouteSequenceNumber": 9585,
    "price": {
      "basicPrice": 3.87,
      "recommendedQuantity": "1.0",
      "measurementUnitPrice": 19.35,
      "measurementUnit": "K",
      "isRedPrice": false,
      "pricePerUOM": 19.35,
      "activationDate": "20-03-2024",
      "recordSource": "Folder",
      "isPromoActive": "N",
      "priceChangeCode": "L"
    },
    "isAvailable": true,
    "isPriceAvailable": true,
    "inPromo": false,
    "gtin": [
      "05410231044042",
      "05410231006828"
    ],
    "topCategoryName": "Kruidenierswaren/Droge voeding",
    "topCategoryId": "233",
    "businessDomain": "RETAIL_BE",
    "IsPrivateLabel": false,
    "IsBiffe": false,
    "WeightconversionFactor": "0",
    "IsWeightArticle": false,
    "nutriscoreLabel": "C",
    "IsBio": false,
    "CountryOfOrigin": "DUITSLAND",
    "IsExclusivelySoldInLuxembourg": false,
    "OrderUnit": "P",
    "ShortName": "OETK FLAN VANIL 4X50G",
    "InSeason": true,
    "IsNew": false,
    "RecentQuanityOfStockUnits": "1",
    "LongName": "DR.OETKER flan vanille zakje 4x50g",
    "AlcoholVolume": "0",
    "StartSeasonDate": "27/12/2021",
    "FicCode": "E"
  },
  {
    "productId": "17865",
    "technicalArticleNumber": "1762060",
    "commercialArticleNumber": "35007",
    "name": "vanillesuiker",
    "brand": "IMPERIAL",
    "seoBrand": "Imperial",
    "thumbNail": "https://static.colruytgroup.com/images/200x200/std.lang.all/96/68/asset-959668.jpg",
    "fullImage": "https://static.colruytgroup.com/images/500x500/std.lang.all/96/68/asset-959668.jpg",
    "squareImage": "https://static.colruytgroup.com/images/500x500sq/std.lang.all/96/68/asset-959668.jpg",
    "content": "1kg",
    "walkRouteSequenceNumber": 9454,
    "price": {
      "basicPrice": 6.97,
      "recommendedQuantity": "1.0",
      "measurementUnitPrice": 6.97,
      "measurementUnit": "K",
      "isRedPrice": false,
      "pricePerUOM": 6.97,
      "activationDate": "05-03-2024",
      "isPromoActive": "N",
      "priceChangeCode": "H"
    },
    "isAvailable": true,
    "isPriceAvailable": true,
    "inPromo": false,
    "gtin": [
      "05414972115337",
      "05414972715339",
      "05410056119338",
      "05410056719330"
    ],
    "topCategoryName": "Kruidenierswaren/Droge voeding",
    "topCategoryId": "233",
    "businessDomain": "RETAIL_BE",
    "IsPrivateLabel": false,
    "IsBiffe": false,
    "WeightconversionFactor": "0",
    "IsWeightArticle": false,
    "nutriscoreLabel": "E",
    "IsBio": false,
    "CountryOfOrigin": "BELGIË",
    "IsExclusivelySoldInLuxembourg": false,
    "OrderUnit": "P",
    "ShortName": "HC IMPER VANILLESUIK1KG",
    "IsNew": false,
    "RecentQuanityOfStockUnits": "1,10",
    "LongName": "IMPERIAL vanillesuiker 1kg",
    "AlcoholVolume": "0",
    "FicCode": "E"
  },
  {
    "productId": "869369",
    "technicalArticleNumber": "4722699",
    "commercialArticleNumber": "17837",
    "name": "Oregano",
    "brand": "DUCROS",
    "seoBrand": "Ducros",
    "thumbNail": "https://static.colruytgroup.com/images/200x200/std.lang.all/85/28/asset-3208528.jpg",
    "fullImage": "https://static.colruytgroup.com/images/500x500/std.lang.all/85/28/asset-3208528.jpg",
    "squareImage": "https://static.colruytgroup.com/images/500x500sq/std.lang.all/85/28/asset-3208528.jpg",
    "content": "12g",
    "walkRouteSequenceNumber": 6457,
    "price": {
      "basicPrice": 2.61,
      "recommendedQuantity": "1.0",
      "quantityPrice": 1.3,
      "quantityPriceQuantity": "2.0",
      "measurementUnitPrice": 217.5,
      "measurementUnitQuantityPrice": 108.34,
      "measurementUnit": "K",
      "isRedPrice": false,
      "pricePerUOM": 217.5,
      "activationDate": "20-03-2024",
      "recordSource": "Offline",
      "isPromoActive": "N",
      "priceChangeCode": "E",
      "quantityPricePerUOM": 108.34,
      "quantityActivationDate": "20-03-2024",
      "quantityPriceChangeCode": "L"
    },
    "isAvailable": true,
    "isPriceAvailable": true,
    "inPromo": false,
    "gtin": [
      "03166296652198"
    ],
    "topCategoryName": "Kruidenierswaren/Droge voeding",
    "topCategoryId": "233",
    "businessDomain": "RETAIL_BE",
    "IsPrivateLabel": false,
    "IsBiffe": false,
    "WeightconversionFactor": "0",
    "IsWeightArticle": false,
    "nutriscoreLabel": "A",
    "IsBio": false,
    "CountryOfOrigin": "FRANKRIJK",
    "IsExclusivelySoldInLuxembourg": false,
    "OrderUnit": "P",
    "ShortName": "DUCROS OREGANO 12G",
    "IsNew": false,
    "EcoscoreLabel": "C",
    "RecentQuanityOfStockUnits": "1",
    "LongName": "DUCROS Oregano 12g",
    "AlcoholVolume": "0",
    "FicCode": "E",
    "EcoscoreValue": "43"
  },
  {
    "productId": "162318",
    "technicalArticleNumber": "3297097",
    "commercialArticleNumber": "44659",
    "name": "vinaigr. Thous.Isl.",
    "description": "*BBQ assortiment",
    "brand": "VANDEMOORTELE",
    "seoBrand": "Vandemoortele",
    "thumbNail": "https://static.colruytgroup.com/images/200x200/std.lang.all/09/06/asset-3240906.jpg",
    "fullImage": "https://static.colruytgroup.com/images/500x500/std.lang.all/09/06/asset-3240906.jpg",
    "squareImage": "https://static.colruytgroup.com/images/500x500sq/std.lang.all/09/06/asset-3240906.jpg",
    "content": "450ml",
    "walkRouteSequenceNumber": 8059,
    "price": {
      "basicPrice": 6.69,
      "recommendedQuantity": "1.0",
      "measurementUnitPrice": 14.87,
      "measurementUnit": "L",
      "isRedPrice": false,
      "pricePerUOM": 14.87,
      "activationDate": "06-09-2023",
      "recordSource": "Offline",
      "isPromoActive": "N",
      "priceChangeCode": "E"
    },
    "isAvailable": true,
    "isPriceAvailable": true,
    "inPromo": false,
    "gtin": [
      "05410093156518",
      "05410093156501"
    ],
    "topCategoryName": "Kruidenierswaren/Droge voeding",
    "topCategoryId": "233",
    "businessDomain": "RETAIL_BE",
    "IsPrivateLabel": false,
    "IsBiffe": false,
    "WeightconversionFactor": "0",
    "IsWeightArticle": false,
    "nutriscoreLabel": "D",
    "IsBio": false,
    "CountryOfOrigin": "BELGIË",
    "IsExclusivelySoldInLuxembourg": false,
    "OrderUnit": "P",
    "ShortName": "VDM VIN.TH.ISLANDS450ML",
    "InSeason": true,
    "IsNew": false,
    "EcoscoreLabel": "D",
    "RecentQuanityOfStockUnits": "1",
    "LongName": "VANDEMOORTELE vinaigr. Thous.Isl. 450ml",
    "AlcoholVolume": "0",
    "StartSeasonDate": "09/03/2017",
    "FicCode": "E",
    "EcoscoreValue": "39"
  },
  {
    "productId": "40712",
    "technicalArticleNumber": "2468658",
    "commercialArticleNumber": "19369",
    "name": "instantpolenta Bio",
    "description": "*Los\n*1 minuut\n*Alternatief voor\naardappel, pasta of\nrijst",
    "brand": "OFAL",
    "seoBrand": "Ofal",
    "thumbNail": "https://static.colruytgroup.com/images/200x200/std.lang.all/52/90/asset-685290.jpg",
    "fullImage": "https://static.colruytgroup.com/images/500x500/std.lang.all/52/90/asset-685290.jpg",
    "squareImage": "https://static.colruytgroup.com/images/500x500sq/std.lang.all/52/90/asset-685290.jpg",
    "content": "500g",
    "walkRouteSequenceNumber": 8432,
    "price": {
      "basicPrice": 3.29,
      "recommendedQuantity": "1.0",
      "measurementUnitPrice": 6.58,
      "measurementUnit": "K",
      "isRedPrice": false,
      "pricePerUOM": 6.58,
      "activationDate": "01-03-2024",
      "recordSource": "Folder",
      "isPromoActive": "N",
      "priceChangeCode": "E"
    },
    "isAvailable": true,
    "isPriceAvailable": true,
    "inPromo": false,
    "gtin": [
      "03329480750029",
      "13329480750026"
    ],
    "topCategoryName": "Kruidenierswaren/Droge voeding",
    "topCategoryId": "233",
    "businessDomain": "RETAIL_BE",
    "IsPrivateLabel": false,
    "IsBiffe": false,
    "WeightconversionFactor": "0",
    "IsWeightArticle": false,
    "nutriscoreLabel": "A",
    "IsBio": true,
    "CountryOfOrigin": "BELGIË",
    "IsExclusivelySoldInLuxembourg": false,
    "OrderUnit": "P",
    "ShortName": "UB BIO OFAL.POLENT.500G",
    "IsNew": false,
    "EcoscoreLabel": "B",
    "RecentQuanityOfStockUnits": "1",
    "LongName": "OFAL instantpolenta Bio 500g",
    "AlcoholVolume": "0",
    "FicCode": "E",
    "EcoscoreValue": "66"
  },
  {
    "productId": "606",
    "technicalArticleNumber": "5917",
    "commercialArticleNumber": "5917",
    "name": "geleisuiker Gelfix",
    "brand": "DR OETKER",
    "seoBrand": "Dr.Oetker",
    "thumbNail": "https://static.colruytgroup.com/images/200x200/std.lang.all/67/46/asset-1246746.jpg",
    "fullImage": "https://static.colruytgroup.com/images/500x500/std.lang.all/67/46/asset-1246746.jpg",
    "squareImage": "https://static.colruytgroup.com/images/500x500sq/std.lang.all/67/46/asset-1246746.jpg",
    "content": "500g",
    "walkRouteSequenceNumber": 9310,
    "price": {
      "basicPrice": 4.11,
      "recommendedQuantity": "1.0",
      "quantityPrice": 3.28,
      "quantityPriceQuantity": "3.0",
      "measurementUnitPrice": 8.22,
      "measurementUnitQuantityPrice": 6.56,
      "measurementUnit": "K",
      "isRedPrice": false,
      "pricePerUOM": 8.22,
      "activationDate": "20-03-2024",
      "recordSource": "Offline",
      "isPromoActive": "N",
      "priceChangeCode": "H",
      "quantityPricePerUOM": 6.56,
      "quantityActivationDate": "20-03-2024",
      "quantityPriceChangeCode": "E"
    },
    "isAvailable": true,
    "isPriceAvailable": true,
    "inPromo": false,
    "gtin": [
      "07610089140356",
      "07610089140370"
    ],
    "topCategoryName": "Kruidenierswaren/Droge voeding",
    "topCategoryId": "233",
    "businessDomain": "RETAIL_BE",
    "IsPrivateLabel": false,
    "IsBiffe": false,
    "WeightconversionFactor": "0",
    "IsWeightArticle": false,
    "nutriscoreLabel": "E",
    "IsBio": false,
    "CountryOfOrigin": "DUITSLAND",
    "IsExclusivelySoldInLuxembourg": false,
    "OrderUnit": "P",
    "ShortName": "OETK GELFIX GELEISUI500",
    "IsNew": false,
    "RecentQuanityOfStockUnits": "1",
    "LongName": "DR OETKER geleisuiker Gelfix 500g",
    "AlcoholVolume": "0",
    "FicCode": "E"
  },
  {
    "productId": "671081",
    "technicalArticleNumber": "4384009",
    "commercialArticleNumber": "24423",
    "name": "samourai bokaal",
    "brand": "HALIDEAL",
    "seoBrand": "Halideal",
    "thumbNail": "https://static.colruytgroup.com/images/200x200/std.lang.all/71/91/asset-2377191.jpg",
    "fullImage": "https://static.colruytgroup.com/images/500x500/std.lang.all/71/91/asset-2377191.jpg",
    "squareImage": "https://static.colruytgroup.com/images/500x500sq/std.lang.all/71/91/asset-2377191.jpg",
    "content": "470g",
    "walkRouteSequenceNumber": 8181,
    "price": {
      "basicPrice": 3.99,
      "recommendedQuantity": "1.0",
      "measurementUnitPrice": 7.98,
      "measurementUnit": "L",
      "isRedPrice": false,
      "pricePerUOM": 7.98,
      "activationDate": "03-05-2023",
      "isPromoActive": "N",
      "priceChangeCode": "E"
    },
    "isAvailable": true,
    "isPriceAvailable": true,
    "inPromo": false,
    "gtin": [
      "05425023292044",
      "05425023290101"
    ],
    "topCategoryName": "Kruidenierswaren/Droge voeding",
    "topCategoryId": "233",
    "businessDomain": "RETAIL_BE",
    "IsPrivateLabel": false,
    "IsBiffe": false,
    "WeightconversionFactor": "0",
    "IsWeightArticle": false,
    "IsBio": false,
    "CountryOfOrigin": "BELGIË",
    "IsExclusivelySoldInLuxembourg": false,
    "OrderUnit": "P",
    "ShortName": "HALI SAMOURAI BOK.470G",
    "IsNew": false,
    "RecentQuanityOfStockUnits": "1",
    "LongName": "HALIDEAL samourai bokaal 470g",
    "FicCode": "E"
  },
  {
    "productId": "877229",
    "technicalArticleNumber": "4733121",
    "commercialArticleNumber": "8466",
    "name": "playstation",
    "brand": "GAROFALO",
    "seoBrand": "Garofalo",
    "thumbNail": "https://static.colruytgroup.com/images/200x200/std.lang.all/77/39/asset-3267739.jpg",
    "fullImage": "https://static.colruytgroup.com/images/500x500/std.lang.all/77/39/asset-3267739.jpg",
    "squareImage": "https://static.colruytgroup.com/images/500x500sq/std.lang.all/77/39/asset-3267739.jpg",
    "content": "500g",
    "walkRouteSequenceNumber": 8356,
    "price": {
      "basicPrice": 2.21,
      "recommendedQuantity": "1.0",
      "measurementUnitPrice": 4.42,
      "measurementUnit": "K",
      "isRedPrice": false,
      "pricePerUOM": 4.42,
      "activationDate": "04-10-2023",
      "isPromoActive": "N",
      "priceChangeCode": "E"
    },
    "isAvailable": true,
    "isPriceAvailable": true,
    "inPromo": false,
    "gtin": [
      "08000139936678",
      "08000139936685"
    ],
    "topCategoryName": "Kruidenierswaren/Droge voeding",
    "topCategoryId": "233",
    "businessDomain": "RETAIL_BE",
    "IsPrivateLabel": false,
    "IsBiffe": false,
    "WeightconversionFactor": "0",
    "IsWeightArticle": false,
    "IsBio": false,
    "CountryOfOrigin": "ITALIË",
    "IsExclusivelySoldInLuxembourg": false,
    "OrderUnit": "P",
    "ShortName": "GARO PLAYSTATION 500G",
    "IsNew": false,
    "RecentQuanityOfStockUnits": "1",
    "LongName": "GAROFALO playstation 500g",
    "FicCode": "E"
  },
  {
    "productId": "779233",
    "technicalArticleNumber": "4573174",
    "commercialArticleNumber": "28624",
    "name": "pastasnack Arrabbiata",
    "description": "*Snack\n*Klaar voor gebruik\n*Makkelijk bereiden\n*Instant maaltijd\n*Arrabbiata smaak",
    "brand": "KNORR",
    "seoBrand": "Knorr",
    "thumbNail": "https://static.colruytgroup.com/images/200x200/std.lang.all/52/71/asset-2755271.jpg",
    "fullImage": "https://static.colruytgroup.com/images/500x500/std.lang.all/52/71/asset-2755271.jpg",
    "squareImage": "https://static.colruytgroup.com/images/500x500sq/std.lang.all/52/71/asset-2755271.jpg",
    "content": "66g",
    "walkRouteSequenceNumber": 17037,
    "price": {
      "basicPrice": 1.25,
      "recommendedQuantity": "1.0",
      "measurementUnitPrice": 18.94,
      "measurementUnit": "K",
      "isRedPrice": false,
      "pricePerUOM": 18.94,
      "activationDate": "19-03-2024",
      "recordSource": "Folder",
      "isPromoActive": "N",
      "priceChangeCode": "L"
    },
    "isAvailable": true,
    "isPriceAvailable": true,
    "inPromo": true,
    "promotion": [
      {
        "techPromoId": "100944COLR",
        "promotionId": "100944",
        "promotionType": "4",
        "isPersonalized": "N",
        "publicationStartDate": "13-03-2024",
        "publicationEndDate": "26-03-2024"
      }
    ],
    "gtin": [
      "08711200463817",
      "08711200463862"
    ],
    "topCategoryName": "Kruidenierswaren/Droge voeding",
    "topCategoryId": "233",
    "businessDomain": "RETAIL_BE",
    "IsPrivateLabel": false,
    "IsBiffe": false,
    "WeightconversionFactor": "0",
    "IsWeightArticle": false,
    "IsBio": false,
    "CountryOfOrigin": "DUITSLAND",
    "IsExclusivelySoldInLuxembourg": false,
    "OrderUnit": "P",
    "ShortName": "KNOR SN.PASTA ARRABIA66",
    "IsNew": false,
    "EcoscoreLabel": "C",
    "RecentQuanityOfStockUnits": "8,1",
    "LongName": "KNORR pastasnack Arrabbiata 66g",
    "FicCode": "E",
    "EcoscoreValue": "55"
  },
  {
    "productId": "905010",
    "technicalArticleNumber": "4758409",
    "commercialArticleNumber": "30276",
    "name": "Con.Balsamico Bianco",
    "description": "*ondimento Balsamico Bianco",
    "brand": "FILIPPO BERIO",
    "seoBrand": "Filippo Berio",
    "thumbNail": "https://static.colruytgroup.com/images/200x200/std.lang.all/44/44/asset-3324444.jpg",
    "fullImage": "https://static.colruytgroup.com/images/500x500/std.lang.all/44/44/asset-3324444.jpg",
    "squareImage": "https://static.colruytgroup.com/images/500x500sq/std.lang.all/44/44/asset-3324444.jpg",
    "content": "500ml",
    "walkRouteSequenceNumber": 9137,
    "price": {
      "basicPrice": 5.35,
      "recommendedQuantity": "1.0",
      "measurementUnitPrice": 10.7,
      "measurementUnit": "L",
      "isRedPrice": false,
      "pricePerUOM": 10.7,
      "activationDate": "21-03-2024",
      "isPromoActive": "N",
      "priceChangeCode": "H"
    },
    "isAvailable": true,
    "isPriceAvailable": true,
    "inPromo": false,
    "gtin": [
      "08002210129122"
    ],
    "topCategoryName": "Kruidenierswaren/Droge voeding",
    "topCategoryId": "233",
    "businessDomain": "RETAIL_BE",
    "IsPrivateLabel": false,
    "IsBiffe": false,
    "WeightconversionFactor": "0",
    "IsWeightArticle": false,
    "IsBio": false,
    "CountryOfOrigin": "ITALIË",
    "IsExclusivelySoldInLuxembourg": false,
    "OrderUnit": "P",
    "ShortName": "FILI COND.BALSA.BIA.500",
    "IsNew": false,
    "RecentQuanityOfStockUnits": "1",
    "LongName": "FILIPPO BERIO Con.Balsamico Bianco 500ml",
    "AlcoholVolume": "0",
    "FicCode": "N"
  },
  {
    "productId": "226022",
    "technicalArticleNumber": "3552855",
    "commercialArticleNumber": "50879",
    "name": "balsamico azijn",
    "description": "*Dressings,\nmarinades, vlees,\nvis, rood fruit",
    "brand": "BONI",
    "seoBrand": "Boni Selection",
    "thumbNail": "https://static.colruytgroup.com/images/200x200/std.lang.all/31/20/asset-2503120.jpg",
    "fullImage": "https://static.colruytgroup.com/images/500x500/std.lang.all/31/20/asset-2503120.jpg",
    "squareImage": "https://static.colruytgroup.com/images/500x500sq/std.lang.all/31/20/asset-2503120.jpg",
    "content": "250ml",
    "walkRouteSequenceNumber": 9144,
    "price": {
      "basicPrice": 4.99,
      "recommendedQuantity": "1.0",
      "measurementUnitPrice": 19.96,
      "measurementUnit": "L",
      "isRedPrice": false,
      "pricePerUOM": 19.96,
      "activationDate": "26-09-2023",
      "recordSource": "Offline",
      "isPromoActive": "N",
      "priceChangeCode": "E"
    },
    "isAvailable": true,
    "isPriceAvailable": true,
    "inPromo": false,
    "gtin": [
      "05400141944747",
      "15400141827795",
      "15400141275633",
      "05400141410358",
      "15400141944744",
      "05400141275636"
    ],
    "topCategoryName": "Kruidenierswaren/Droge voeding",
    "topCategoryId": "233",
    "businessDomain": "RETAIL_BE",
    "IsPrivateLabel": true,
    "IsBiffe": false,
    "WeightconversionFactor": "0",
    "IsWeightArticle": false,
    "nutriscoreLabel": "D",
    "IsBio": false,
    "CountryOfOrigin": "ITALIË",
    "IsExclusivelySoldInLuxembourg": false,
    "OrderUnit": "P",
    "ShortName": "BONI BALSAM.MODENA250ML",
    "IsNew": false,
    "EcoscoreLabel": "A",
    "RecentQuanityOfStockUnits": "1",
    "LongName": "BONI balsamico azijn 250ml",
    "AlcoholVolume": "0",
    "FicCode": "I",
    "EcoscoreValue": "82"
  },
  {
    "productId": "788066",
    "technicalArticleNumber": "4590908",
    "commercialArticleNumber": "25409",
    "name": "saus ratatouille",
    "brand": "BOSTO",
    "seoBrand": "Bosto",
    "thumbNail": "https://static.colruytgroup.com/images/200x200/std.lang.all/11/41/asset-2891141.jpg",
    "fullImage": "https://static.colruytgroup.com/images/500x500/std.lang.all/11/41/asset-2891141.jpg",
    "squareImage": "https://static.colruytgroup.com/images/500x500sq/std.lang.all/11/41/asset-2891141.jpg",
    "content": "410g",
    "walkRouteSequenceNumber": 8341,
    "price": {
      "basicPrice": 2.99,
      "recommendedQuantity": "1.0",
      "measurementUnitPrice": 7.3,
      "measurementUnit": "K",
      "isRedPrice": false,
      "pricePerUOM": 7.3,
      "activationDate": "14-02-2024",
      "recordSource": "Offline",
      "isPromoActive": "N",
      "priceChangeCode": "E"
    },
    "isAvailable": true,
    "isPriceAvailable": true,
    "inPromo": false,
    "gtin": [
      "05410106016020",
      "15410106016027"
    ],
    "topCategoryName": "Kruidenierswaren/Droge voeding",
    "topCategoryId": "233",
    "businessDomain": "RETAIL_BE",
    "IsPrivateLabel": false,
    "IsBiffe": false,
    "WeightconversionFactor": "0",
    "IsWeightArticle": false,
    "nutriscoreLabel": "A",
    "IsBio": false,
    "CountryOfOrigin": "BELGIË",
    "IsExclusivelySoldInLuxembourg": false,
    "OrderUnit": "P",
    "ShortName": "BOST SAUS RATATOUILL410",
    "IsNew": false,
    "EcoscoreLabel": "A",
    "RecentQuanityOfStockUnits": "1",
    "LongName": "BOSTO saus ratatouille 410g",
    "FicCode": "E",
    "EcoscoreValue": "88"
  },
  {
    "productId": "682",
    "technicalArticleNumber": "12302",
    "commercialArticleNumber": "12302",
    "name": "bouillon kip pasta",
    "description": "*Kippenbouillonpasta\n*Altijd met factuur",
    "brand": "ECONOM",
    "seoBrand": "Econom",
    "thumbNail": "https://static.colruytgroup.com/images/200x200/std.lang.all/81/54/asset-2298154.jpg",
    "fullImage": "https://static.colruytgroup.com/images/500x500/std.lang.all/81/54/asset-2298154.jpg",
    "squareImage": "https://static.colruytgroup.com/images/500x500sq/std.lang.all/81/54/asset-2298154.jpg",
    "content": "1,5kg",
    "walkRouteSequenceNumber": 6561,
    "price": {
      "basicPrice": 11.29,
      "recommendedQuantity": "1.0",
      "measurementUnitPrice": 7.53,
      "measurementUnit": "K",
      "isRedPrice": false,
      "pricePerUOM": 7.53,
      "activationDate": "14-11-2023",
      "isPromoActive": "N",
      "priceChangeCode": "E"
    },
    "isAvailable": true,
    "isPriceAvailable": true,
    "inPromo": false,
    "gtin": [
      "05400141213843",
      "05400141399783",
      "15400141399780",
      "15400141830276",
      "15400141907923",
      "15400141288862",
      "15400141123026",
      "05400141451818",
      "05400141206753",
      "05400141123029",
      "05400141074710",
      "15400141984856",
      "05400141172157"
    ],
    "topCategoryName": "Kruidenierswaren/Droge voeding",
    "topCategoryId": "233",
    "businessDomain": "RETAIL_BE",
    "IsPrivateLabel": true,
    "IsBiffe": false,
    "WeightconversionFactor": "0",
    "IsWeightArticle": false,
    "IsBio": false,
    "CountryOfOrigin": "SPANJE",
    "IsExclusivelySoldInLuxembourg": false,
    "OrderUnit": "P",
    "ShortName": "HC ECON KIPBOUI.PAS.1K5",
    "IsNew": false,
    "EcoscoreLabel": "A",
    "RecentQuanityOfStockUnits": "1,6",
    "LongName": "ECONOM bouillon kip pasta 1,5kg",
    "AlcoholVolume": "0",
    "FicCode": "I",
    "EcoscoreValue": "90"
  },
  {
    "productId": "37395",
    "technicalArticleNumber": "1828427",
    "commercialArticleNumber": "13813",
    "name": "kruiden bieslook",
    "brand": "BONI",
    "seoBrand": "Boni Selection",
    "thumbNail": "https://static.colruytgroup.com/images/200x200/std.lang.all/11/05/asset-521105.jpg",
    "fullImage": "https://static.colruytgroup.com/images/500x500/std.lang.all/11/05/asset-521105.jpg",
    "squareImage": "https://static.colruytgroup.com/images/500x500sq/std.lang.all/11/05/asset-521105.jpg",
    "content": "60g",
    "walkRouteSequenceNumber": 6377,
    "price": {
      "basicPrice": 5.37,
      "recommendedQuantity": "1.0",
      "measurementUnitPrice": 89.5,
      "measurementUnit": "K",
      "isRedPrice": false,
      "pricePerUOM": 89.5,
      "activationDate": "12-12-2023",
      "recordSource": "Offline",
      "isPromoActive": "N",
      "priceChangeCode": "H"
    },
    "isAvailable": true,
    "isPriceAvailable": true,
    "inPromo": false,
    "gtin": [
      "05400141098457",
      "05400141381399",
      "15400141961147"
    ],
    "topCategoryName": "Kruidenierswaren/Droge voeding",
    "topCategoryId": "233",
    "businessDomain": "RETAIL_BE",
    "IsPrivateLabel": true,
    "IsBiffe": false,
    "WeightconversionFactor": "0",
    "IsWeightArticle": false,
    "IsBio": false,
    "CountryOfOrigin": "BELGIË",
    "IsExclusivelySoldInLuxembourg": false,
    "OrderUnit": "P",
    "ShortName": "BONI BIESLOOK 60G",
    "IsNew": false,
    "RecentQuanityOfStockUnits": "1",
    "LongName": "BONI kruiden bieslook 60g",
    "AlcoholVolume": "0",
    "FicCode": "I"
  },
  {
    "productId": "886989",
    "technicalArticleNumber": "4746347",
    "commercialArticleNumber": "32719",
    "name": "Yakisoba classic bag",
    "description": "*Instant noedels",
    "brand": "AÏKI",
    "seoBrand": "Aïki",
    "thumbNail": "https://static.colruytgroup.com/images/200x200/std.lang.all/47/39/asset-3424739.jpg",
    "fullImage": "https://static.colruytgroup.com/images/500x500/std.lang.all/47/39/asset-3424739.jpg",
    "squareImage": "https://static.colruytgroup.com/images/500x500sq/std.lang.all/47/39/asset-3424739.jpg",
    "content": "93g",
    "walkRouteSequenceNumber": 16981,
    "price": {
      "basicPrice": 1.89,
      "recommendedQuantity": "1.0",
      "measurementUnitPrice": 20.33,
      "measurementUnit": "K",
      "isRedPrice": false,
      "pricePerUOM": 20.33,
      "activationDate": "22-02-2024",
      "recordSource": "Offline",
      "isPromoActive": "N",
      "priceChangeCode": "E"
    },
    "isAvailable": true,
    "isPriceAvailable": true,
    "inPromo": false,
    "gtin": [
      "05414972330211",
      "05414972630212"
    ],
    "topCategoryName": "Kruidenierswaren/Droge voeding",
    "topCategoryId": "233",
    "businessDomain": "RETAIL_BE",
    "IsPrivateLabel": false,
    "IsBiffe": false,
    "WeightconversionFactor": "0",
    "IsWeightArticle": false,
    "IsBio": false,
    "CountryOfOrigin": "LITOUWEN",
    "IsExclusivelySoldInLuxembourg": false,
    "OrderUnit": "P",
    "ShortName": "AIKI YAKISOBA CLA.BAG93",
    "IsNew": false,
    "EcoscoreLabel": "B",
    "RecentQuanityOfStockUnits": "1,10",
    "LongName": "AÏKI Yakisoba classic bag 93g",
    "FicCode": "E",
    "EcoscoreValue": "62"
  },
  {
    "productId": "889600",
    "technicalArticleNumber": "4750159",
    "commercialArticleNumber": "5796",
    "name": "Kristalsuiker",
    "brand": "MI PERLA",
    "seoBrand": "Mi Perla",
    "thumbNail": "https://static.colruytgroup.com/images/200x200/std.lang.all/12/78/asset-3271278.jpg",
    "fullImage": "https://static.colruytgroup.com/images/500x500/std.lang.all/12/78/asset-3271278.jpg",
    "squareImage": "https://static.colruytgroup.com/images/500x500sq/std.lang.all/12/78/asset-3271278.jpg",
    "content": "750g",
    "walkRouteSequenceNumber": 9293,
    "price": {
      "basicPrice": 1.39,
      "recommendedQuantity": "1.0",
      "measurementUnitPrice": 1.86,
      "measurementUnit": "K",
      "isRedPrice": false,
      "pricePerUOM": 1.86,
      "activationDate": "18-11-2023",
      "isPromoActive": "N",
      "priceChangeCode": "L"
    },
    "isAvailable": true,
    "isPriceAvailable": true,
    "inPromo": false,
    "gtin": [
      "08714975998652",
      "08714975001192"
    ],
    "topCategoryName": "Kruidenierswaren/Droge voeding",
    "topCategoryId": "233",
    "businessDomain": "RETAIL_BE",
    "IsPrivateLabel": false,
    "IsBiffe": false,
    "WeightconversionFactor": "0",
    "IsWeightArticle": false,
    "IsBio": false,
    "CountryOfOrigin": "NEDERLAND",
    "IsExclusivelySoldInLuxembourg": false,
    "OrderUnit": "P",
    "ShortName": "MIPE KRISTALSUIKER 750G",
    "IsNew": false,
    "RecentQuanityOfStockUnits": "1",
    "LongName": "MI PERLA Kristalsuiker 750g",
    "AlcoholVolume": "0",
    "FicCode": "E"
  },
  {
    "productId": "43135",
    "technicalArticleNumber": "2532887",
    "commercialArticleNumber": "15314",
    "name": "soep sm.v.toen kip vermi. brik",
    "description": "*Soep in brik\n*Snelle maaltijd\n*Klaar voor gebruik\n*Snelle maaltijd\n*Groentensoep",
    "brand": "KNORR",
    "seoBrand": "Knorr",
    "thumbNail": "https://static.colruytgroup.com/images/200x200/nl_be/60/39/asset-2796039.jpg",
    "fullImage": "https://static.colruytgroup.com/images/500x500/nl_be/60/39/asset-2796039.jpg",
    "squareImage": "https://static.colruytgroup.com/images/500x500sq/nl_be/60/39/asset-2796039.jpg",
    "content": "1L",
    "walkRouteSequenceNumber": 16959,
    "price": {
      "basicPrice": 3.99,
      "recommendedQuantity": "2.0",
      "measurementUnitPrice": 3.99,
      "measurementUnit": "L",
      "isRedPrice": false,
      "pricePerUOM": 3.99,
      "activationDate": "22-03-2024",
      "recordSource": "Offline",
      "isPromoActive": "N",
      "priceChangeCode": "H"
    },
    "isAvailable": true,
    "isPriceAvailable": true,
    "inPromo": true,
    "promotion": [
      {
        "techPromoId": "100943COLR",
        "promotionId": "100943",
        "promotionType": "3",
        "isPersonalized": "N",
        "publicationStartDate": "13-03-2024",
        "publicationEndDate": "26-03-2024"
      }
    ],
    "gtin": [
      "08720182273857",
      "05400141001907",
      "08712566191017",
      "08720182279026",
      "08712566667710"
    ],
    "topCategoryName": "Kruidenierswaren/Droge voeding",
    "topCategoryId": "233",
    "businessDomain": "RETAIL_BE",
    "IsPrivateLabel": false,
    "IsBiffe": false,
    "WeightconversionFactor": "0",
    "IsWeightArticle": false,
    "nutriscoreLabel": "C",
    "IsBio": false,
    "CountryOfOrigin": "POLEN",
    "IsExclusivelySoldInLuxembourg": false,
    "OrderUnit": "P",
    "ShortName": "KNOR SVT KIP VERMIC 1L",
    "IsNew": false,
    "EcoscoreLabel": "D",
    "RecentQuanityOfStockUnits": "2,1,8",
    "LongName": "KNORR soep sm.v.toen kip vermi. brik 1L",
    "AlcoholVolume": "0",
    "FicCode": "E",
    "EcoscoreValue": "32"
  },
  {
    "productId": "641460",
    "technicalArticleNumber": "4334998",
    "commercialArticleNumber": "19364",
    "name": "pad thai pasta",
    "brand": "SO THAI",
    "seoBrand": "So Thai",
    "thumbNail": "https://static.colruytgroup.com/images/200x200/std.lang.all/25/85/asset-2322585.jpg",
    "fullImage": "https://static.colruytgroup.com/images/500x500/std.lang.all/25/85/asset-2322585.jpg",
    "squareImage": "https://static.colruytgroup.com/images/500x500sq/std.lang.all/25/85/asset-2322585.jpg",
    "content": "110g",
    "walkRouteSequenceNumber": 8679,
    "price": {
      "basicPrice": 2.45,
      "recommendedQuantity": "1.0",
      "measurementUnitPrice": 22.28,
      "measurementUnit": "K",
      "isRedPrice": false,
      "pricePerUOM": 22.28,
      "activationDate": "07-03-2024",
      "recordSource": "Offline",
      "isPromoActive": "N",
      "priceChangeCode": "E"
    },
    "isAvailable": true,
    "isPriceAvailable": true,
    "inPromo": false,
    "gtin": [
      "08715017719853",
      "08715017719846"
    ],
    "topCategoryName": "Kruidenierswaren/Droge voeding",
    "topCategoryId": "233",
    "businessDomain": "RETAIL_BE",
    "IsPrivateLabel": false,
    "IsBiffe": false,
    "WeightconversionFactor": "0",
    "IsWeightArticle": false,
    "nutriscoreLabel": "E",
    "IsBio": false,
    "CountryOfOrigin": "THAILAND",
    "IsExclusivelySoldInLuxembourg": false,
    "OrderUnit": "P",
    "ShortName": "SOTH PAD THAI PASTA110G",
    "IsNew": false,
    "EcoscoreLabel": "B",
    "RecentQuanityOfStockUnits": "1",
    "LongName": "SO THAI pad thai pasta 110g",
    "FicCode": "E",
    "EcoscoreValue": "77"
  },
  {
    "productId": "696779",
    "technicalArticleNumber": "4426908",
    "commercialArticleNumber": "26061",
    "name": "dressing fijne kruiden",
    "description": "*Dressing past\nperfect bij een\nsalade",
    "brand": "BONI",
    "seoBrand": "Boni Selection",
    "thumbNail": "https://static.colruytgroup.com/images/200x200/std.lang.all/29/81/asset-2712981.jpg",
    "fullImage": "https://static.colruytgroup.com/images/500x500/std.lang.all/29/81/asset-2712981.jpg",
    "squareImage": "https://static.colruytgroup.com/images/500x500sq/std.lang.all/29/81/asset-2712981.jpg",
    "content": "300ml",
    "walkRouteSequenceNumber": 7538,
    "price": {
      "basicPrice": 2.49,
      "recommendedQuantity": "1.0",
      "measurementUnitPrice": 8.3,
      "measurementUnit": "L",
      "isRedPrice": false,
      "pricePerUOM": 8.3,
      "activationDate": "04-11-2022",
      "isPromoActive": "N",
      "priceChangeCode": "E"
    },
    "isAvailable": true,
    "isPriceAvailable": true,
    "inPromo": false,
    "gtin": [
      "15400141457879",
      "05400141457872"
    ],
    "topCategoryName": "Kruidenierswaren/Droge voeding",
    "topCategoryId": "233",
    "businessDomain": "RETAIL_BE",
    "IsPrivateLabel": true,
    "IsBiffe": false,
    "WeightconversionFactor": "0",
    "IsWeightArticle": false,
    "nutriscoreLabel": "D",
    "IsBio": false,
    "CountryOfOrigin": "BELGIË",
    "IsExclusivelySoldInLuxembourg": false,
    "OrderUnit": "P",
    "ShortName": "BONI DRESS.FIJN KR300ML",
    "IsNew": false,
    "EcoscoreLabel": "B",
    "RecentQuanityOfStockUnits": "1",
    "LongName": "BONI dressing fijne kruiden 300ml",
    "FicCode": "I",
    "EcoscoreValue": "62"
  },
  {
    "productId": "220041",
    "technicalArticleNumber": "3503357",
    "commercialArticleNumber": "13823",
    "name": "kruiden stoofvlees mengeling",
    "brand": "DUCROS",
    "seoBrand": "Ducros",
    "thumbNail": "https://static.colruytgroup.com/images/200x200/std.lang.all/06/10/asset-2860610.jpg",
    "fullImage": "https://static.colruytgroup.com/images/500x500/std.lang.all/06/10/asset-2860610.jpg",
    "squareImage": "https://static.colruytgroup.com/images/500x500sq/std.lang.all/06/10/asset-2860610.jpg",
    "content": "62g",
    "walkRouteSequenceNumber": 6478,
    "price": {
      "basicPrice": 4.81,
      "recommendedQuantity": "1.0",
      "quantityPrice": 2.4,
      "quantityPriceQuantity": "2.0",
      "measurementUnitPrice": 77.59,
      "measurementUnitQuantityPrice": 38.71,
      "measurementUnit": "K",
      "isRedPrice": false,
      "pricePerUOM": 77.59,
      "activationDate": "20-03-2024",
      "recordSource": "Offline",
      "isPromoActive": "N",
      "priceChangeCode": "E",
      "quantityPricePerUOM": 38.71,
      "quantityActivationDate": "20-03-2024",
      "quantityPriceChangeCode": "L"
    },
    "isAvailable": true,
    "isPriceAvailable": true,
    "inPromo": false,
    "gtin": [
      "03166296208227",
      "03166298774508"
    ],
    "topCategoryName": "Kruidenierswaren/Droge voeding",
    "topCategoryId": "233",
    "businessDomain": "RETAIL_BE",
    "IsPrivateLabel": false,
    "IsBiffe": false,
    "WeightconversionFactor": "0",
    "IsWeightArticle": false,
    "nutriscoreLabel": "E",
    "IsBio": false,
    "CountryOfOrigin": "FRANKRIJK",
    "IsExclusivelySoldInLuxembourg": false,
    "OrderUnit": "P",
    "ShortName": "DUCR.MENG.STOOFVLEES62G",
    "IsNew": false,
    "EcoscoreLabel": "E",
    "RecentQuanityOfStockUnits": "1",
    "LongName": "DUCROS kruiden stoofvlees mengeling 62g",
    "AlcoholVolume": "0",
    "FicCode": "E",
    "EcoscoreValue": "2"
  },
  {
    "productId": "584965",
    "technicalArticleNumber": "4240318",
    "commercialArticleNumber": "19370",
    "name": "kebabsaus",
    "brand": "HALWA",
    "seoBrand": "Halwa",
    "thumbNail": "https://static.colruytgroup.com/images/200x200/std.lang.all/13/75/asset-2391375.jpg",
    "fullImage": "https://static.colruytgroup.com/images/500x500/std.lang.all/13/75/asset-2391375.jpg",
    "squareImage": "https://static.colruytgroup.com/images/500x500sq/std.lang.all/13/75/asset-2391375.jpg",
    "content": "250ml",
    "walkRouteSequenceNumber": 8179,
    "price": {
      "basicPrice": 1.99,
      "recommendedQuantity": "1.0",
      "measurementUnitPrice": 7.96,
      "measurementUnit": "L",
      "isRedPrice": false,
      "pricePerUOM": 7.96,
      "activationDate": "13-01-2023",
      "isPromoActive": "N",
      "priceChangeCode": "H"
    },
    "isAvailable": true,
    "isPriceAvailable": true,
    "inPromo": false,
    "gtin": [
      "05420058040004",
      "05420058020860",
      "05420058020877"
    ],
    "topCategoryName": "Kruidenierswaren/Droge voeding",
    "topCategoryId": "233",
    "businessDomain": "RETAIL_BE",
    "IsPrivateLabel": false,
    "IsBiffe": false,
    "WeightconversionFactor": "0",
    "IsWeightArticle": false,
    "nutriscoreLabel": "C",
    "IsBio": false,
    "CountryOfOrigin": "BELGIË",
    "IsExclusivelySoldInLuxembourg": false,
    "OrderUnit": "P",
    "ShortName": "HALW KEBABSAUS 250ML",
    "InSeason": true,
    "IsNew": false,
    "EcoscoreLabel": "B",
    "RecentQuanityOfStockUnits": "1",
    "LongName": "HALWA kebabsaus 250ml",
    "StartSeasonDate": "10/02/2021",
    "FicCode": "E",
    "EcoscoreValue": "63"
  },
  {
    "productId": "431710",
    "technicalArticleNumber": "3967016",
    "commercialArticleNumber": "2808",
    "name": "Quinoa wit builtjes",
    "brand": "BOSTO",
    "seoBrand": "Bosto",
    "thumbNail": "https://static.colruytgroup.com/images/200x200/std.lang.all/06/56/asset-1620656.jpg",
    "fullImage": "https://static.colruytgroup.com/images/500x500/std.lang.all/06/56/asset-1620656.jpg",
    "squareImage": "https://static.colruytgroup.com/images/500x500sq/std.lang.all/06/56/asset-1620656.jpg",
    "content": "4x75g",
    "walkRouteSequenceNumber": 8423,
    "price": {
      "basicPrice": 5.04,
      "recommendedQuantity": "1.0",
      "measurementUnitPrice": 16.8,
      "measurementUnit": "K",
      "isRedPrice": false,
      "pricePerUOM": 16.8,
      "activationDate": "09-03-2024",
      "recordSource": "Offline",
      "isPromoActive": "N",
      "priceChangeCode": "H"
    },
    "isAvailable": true,
    "isPriceAvailable": true,
    "inPromo": false,
    "gtin": [
      "05410106070022",
      "15410106070029"
    ],
    "topCategoryName": "Kruidenierswaren/Droge voeding",
    "topCategoryId": "233",
    "businessDomain": "RETAIL_BE",
    "IsPrivateLabel": false,
    "IsBiffe": false,
    "WeightconversionFactor": "0",
    "IsWeightArticle": false,
    "nutriscoreLabel": "A",
    "IsBio": false,
    "CountryOfOrigin": "NEDERLAND",
    "IsExclusivelySoldInLuxembourg": false,
    "OrderUnit": "P",
    "ShortName": "BOST QUINOA WIT KB 4X75",
    "IsNew": false,
    "EcoscoreLabel": "D",
    "RecentQuanityOfStockUnits": "1",
    "LongName": "BOSTO Quinoa wit builtjes 4x75g",
    "FicCode": "E",
    "EcoscoreValue": "22"
  },
  {
    "productId": "145527",
    "technicalArticleNumber": "3306108",
    "commercialArticleNumber": "24983",
    "name": "kandijsiroop zacht top-down",
    "brand": "CANDICO",
    "seoBrand": "Candico",
    "thumbNail": "https://static.colruytgroup.com/images/200x200/std.lang.all/25/49/asset-952549.jpg",
    "fullImage": "https://static.colruytgroup.com/images/500x500/std.lang.all/25/49/asset-952549.jpg",
    "squareImage": "https://static.colruytgroup.com/images/500x500sq/std.lang.all/25/49/asset-952549.jpg",
    "content": "400g",
    "walkRouteSequenceNumber": 9304,
    "price": {
      "basicPrice": 5.15,
      "recommendedQuantity": "1.0",
      "measurementUnitPrice": 12.88,
      "measurementUnit": "K",
      "isRedPrice": false,
      "pricePerUOM": 12.88,
      "activationDate": "27-02-2024",
      "recordSource": "Offline",
      "isPromoActive": "N",
      "priceChangeCode": "H"
    },
    "isAvailable": true,
    "isPriceAvailable": true,
    "inPromo": false,
    "gtin": [
      "05410256053111",
      "05410301153117"
    ],
    "topCategoryName": "Kruidenierswaren/Droge voeding",
    "topCategoryId": "233",
    "businessDomain": "RETAIL_BE",
    "IsPrivateLabel": false,
    "IsBiffe": false,
    "WeightconversionFactor": "0",
    "IsWeightArticle": false,
    "nutriscoreLabel": "D",
    "IsBio": false,
    "CountryOfOrigin": "BELGIË",
    "IsExclusivelySoldInLuxembourg": false,
    "OrderUnit": "P",
    "ShortName": "CAN ZACHTE KAN SIR 400G",
    "IsNew": false,
    "EcoscoreLabel": "B",
    "RecentQuanityOfStockUnits": "1",
    "LongName": "CANDICO kandijsiroop zacht top-down 400g",
    "AlcoholVolume": "0",
    "FicCode": "E",
    "EcoscoreValue": "77"
  },
  {
    "productId": "6",
    "technicalArticleNumber": "13732",
    "commercialArticleNumber": "13732",
    "name": "frituurvet plantaardig",
    "description": "*Frituren\n*100% palmolie",
    "brand": "SOLO",
    "seoBrand": "Solo",
    "thumbNail": "https://static.colruytgroup.com/images/200x200/std.lang.all/21/52/asset-382152.jpg",
    "fullImage": "https://static.colruytgroup.com/images/500x500/std.lang.all/21/52/asset-382152.jpg",
    "squareImage": "https://static.colruytgroup.com/images/500x500sq/std.lang.all/21/52/asset-382152.jpg",
    "content": "4x250g",
    "walkRouteSequenceNumber": 8940,
    "price": {
      "basicPrice": 8.49,
      "recommendedQuantity": "1.0",
      "measurementUnitPrice": 8.49,
      "measurementUnit": "K",
      "isRedPrice": false,
      "pricePerUOM": 8.49,
      "activationDate": "14-02-2024",
      "recordSource": "Offline",
      "isPromoActive": "N",
      "priceChangeCode": "E"
    },
    "isAvailable": true,
    "isPriceAvailable": true,
    "inPromo": false,
    "gtin": [
      "05400141024869",
      "08719200037953",
      "08719200037946",
      "05410003030280"
    ],
    "topCategoryName": "Kruidenierswaren/Droge voeding",
    "topCategoryId": "233",
    "businessDomain": "RETAIL_BE",
    "IsPrivateLabel": false,
    "IsBiffe": false,
    "WeightconversionFactor": "0",
    "IsWeightArticle": false,
    "nutriscoreLabel": "E",
    "IsBio": false,
    "CountryOfOrigin": "BELGIË",
    "IsExclusivelySoldInLuxembourg": false,
    "OrderUnit": "P",
    "ShortName": "SOLO FRITUURVET 1KG",
    "IsNew": false,
    "EcoscoreLabel": "C",
    "RecentQuanityOfStockUnits": "1",
    "LongName": "SOLO frituurvet plantaardig 4x250g",
    "AlcoholVolume": "0",
    "FicCode": "E",
    "EcoscoreValue": "40"
  },
  {
    "productId": "221601",
    "technicalArticleNumber": "3494186",
    "commercialArticleNumber": "50535",
    "name": "witte peper gemalen",
    "brand": "BONI",
    "seoBrand": "Boni Selection",
    "thumbNail": "https://static.colruytgroup.com/images/200x200/std.lang.all/23/02/asset-972302.jpg",
    "fullImage": "https://static.colruytgroup.com/images/500x500/std.lang.all/23/02/asset-972302.jpg",
    "squareImage": "https://static.colruytgroup.com/images/500x500sq/std.lang.all/23/02/asset-972302.jpg",
    "content": "200g",
    "walkRouteSequenceNumber": 6419,
    "price": {
      "basicPrice": 6.39,
      "recommendedQuantity": "1.0",
      "measurementUnitPrice": 31.95,
      "measurementUnit": "K",
      "isRedPrice": false,
      "pricePerUOM": 31.95,
      "activationDate": "23-01-2024",
      "isPromoActive": "N",
      "priceChangeCode": "L"
    },
    "isAvailable": true,
    "isPriceAvailable": true,
    "inPromo": false,
    "gtin": [
      "05400141405811",
      "05400141406726"
    ],
    "topCategoryName": "Kruidenierswaren/Droge voeding",
    "topCategoryId": "233",
    "businessDomain": "RETAIL_BE",
    "IsPrivateLabel": true,
    "IsBiffe": false,
    "WeightconversionFactor": "0",
    "IsWeightArticle": false,
    "nutriscoreLabel": "A",
    "IsBio": false,
    "CountryOfOrigin": "INDONESIË",
    "IsExclusivelySoldInLuxembourg": false,
    "OrderUnit": "P",
    "ShortName": "BONI GEM.WITTE PEPER200",
    "IsNew": false,
    "EcoscoreLabel": "E",
    "RecentQuanityOfStockUnits": "1",
    "LongName": "BONI witte peper gemalen 200g",
    "AlcoholVolume": "0",
    "FicCode": "I",
    "EcoscoreValue": "6"
  },
  {
    "productId": "586744",
    "technicalArticleNumber": "4243349",
    "commercialArticleNumber": "19811",
    "name": "rundsbouillon vetarm",
    "brand": "KNORR",
    "seoBrand": "Knorr",
    "thumbNail": "https://static.colruytgroup.com/images/200x200/std.lang.all/79/11/asset-2027911.jpg",
    "fullImage": "https://static.colruytgroup.com/images/500x500/std.lang.all/79/11/asset-2027911.jpg",
    "squareImage": "https://static.colruytgroup.com/images/500x500sq/std.lang.all/79/11/asset-2027911.jpg",
    "content": "72st",
    "walkRouteSequenceNumber": 6532,
    "price": {
      "basicPrice": 11.29,
      "recommendedQuantity": "1.0",
      "measurementUnitPrice": 15.69,
      "measurementUnit": "K",
      "isRedPrice": false,
      "pricePerUOM": 15.69,
      "activationDate": "23-11-2023",
      "isPromoActive": "N",
      "priceChangeCode": "H"
    },
    "isAvailable": true,
    "isPriceAvailable": true,
    "inPromo": false,
    "gtin": [
      "05411100205960",
      "08710522701942",
      "08710522701935",
      "05411100132013"
    ],
    "topCategoryName": "Kruidenierswaren/Droge voeding",
    "topCategoryId": "233",
    "businessDomain": "RETAIL_BE",
    "IsPrivateLabel": false,
    "IsBiffe": false,
    "WeightconversionFactor": "0",
    "IsWeightArticle": false,
    "nutriscoreLabel": "C",
    "IsBio": false,
    "CountryOfOrigin": "HONGARIJE",
    "IsExclusivelySoldInLuxembourg": false,
    "OrderUnit": "P",
    "ShortName": "KNOR RUNDBO.VETARM72",
    "IsNew": false,
    "EcoscoreLabel": "B",
    "RecentQuanityOfStockUnits": "1",
    "LongName": "KNORR rundsbouillon vetarm 72st",
    "FicCode": "E",
    "EcoscoreValue": "79"
  },
  {
    "productId": "817673",
    "technicalArticleNumber": "4647308",
    "commercialArticleNumber": "29634",
    "name": "champignon warme saus",
    "brand": "DEVOS LEMMENS",
    "seoBrand": "Devos Lemmens",
    "thumbNail": "https://static.colruytgroup.com/images/200x200/std.lang.all/47/38/asset-2954738.jpg",
    "fullImage": "https://static.colruytgroup.com/images/500x500/std.lang.all/47/38/asset-2954738.jpg",
    "squareImage": "https://static.colruytgroup.com/images/500x500sq/std.lang.all/47/38/asset-2954738.jpg",
    "content": "200g",
    "walkRouteSequenceNumber": 8260,
    "price": {
      "basicPrice": 2.65,
      "recommendedQuantity": "1.0",
      "measurementUnitPrice": 13.25,
      "measurementUnit": "K",
      "isRedPrice": false,
      "pricePerUOM": 13.25,
      "activationDate": "14-02-2024",
      "recordSource": "Offline",
      "isPromoActive": "N",
      "priceChangeCode": "H"
    },
    "isAvailable": true,
    "isPriceAvailable": true,
    "inPromo": false,
    "gtin": [
      "05414972111582",
      "05414972711584"
    ],
    "topCategoryName": "Kruidenierswaren/Droge voeding",
    "topCategoryId": "233",
    "businessDomain": "RETAIL_BE",
    "IsPrivateLabel": false,
    "IsBiffe": false,
    "WeightconversionFactor": "0",
    "IsWeightArticle": false,
    "nutriscoreLabel": "D",
    "IsBio": false,
    "CountryOfOrigin": "BELGIË",
    "IsExclusivelySoldInLuxembourg": false,
    "OrderUnit": "P",
    "ShortName": "DVL CHAMP.WARM.SAUS 200",
    "IsNew": false,
    "EcoscoreLabel": "D",
    "RecentQuanityOfStockUnits": "1",
    "LongName": "DEVOS LEMMENS champignon warme saus 200g",
    "FicCode": "E",
    "EcoscoreValue": "30"
  },
  {
    "productId": "203942",
    "technicalArticleNumber": "3499909",
    "commercialArticleNumber": "11179",
    "name": "kruiden tijm",
    "brand": "DUCROS",
    "seoBrand": "Ducros",
    "thumbNail": "https://static.colruytgroup.com/images/200x200/std.lang.all/06/95/asset-2860695.jpg",
    "fullImage": "https://static.colruytgroup.com/images/500x500/std.lang.all/06/95/asset-2860695.jpg",
    "squareImage": "https://static.colruytgroup.com/images/500x500sq/std.lang.all/06/95/asset-2860695.jpg",
    "content": "14g",
    "walkRouteSequenceNumber": 6455,
    "price": {
      "basicPrice": 2.55,
      "recommendedQuantity": "1.0",
      "quantityPrice": 1.28,
      "quantityPriceQuantity": "2.0",
      "measurementUnitPrice": 182.15,
      "measurementUnitQuantityPrice": 91.43,
      "measurementUnit": "K",
      "isRedPrice": false,
      "pricePerUOM": 182.15,
      "activationDate": "21-03-2024",
      "recordSource": "Offline",
      "isPromoActive": "N",
      "priceChangeCode": "L",
      "quantityPricePerUOM": 91.43,
      "quantityActivationDate": "21-03-2024",
      "quantityPriceChangeCode": "E"
    },
    "isAvailable": true,
    "isPriceAvailable": true,
    "inPromo": false,
    "gtin": [
      "03166296208265",
      "03166296205493"
    ],
    "topCategoryName": "Kruidenierswaren/Droge voeding",
    "topCategoryId": "233",
    "businessDomain": "RETAIL_BE",
    "IsPrivateLabel": false,
    "IsBiffe": false,
    "WeightconversionFactor": "0",
    "IsWeightArticle": false,
    "nutriscoreLabel": "A",
    "IsBio": false,
    "CountryOfOrigin": "POLEN",
    "IsExclusivelySoldInLuxembourg": false,
    "OrderUnit": "P",
    "ShortName": "DUCROS TIJM 14G.",
    "IsNew": false,
    "EcoscoreLabel": "C",
    "RecentQuanityOfStockUnits": "1",
    "LongName": "DUCROS kruiden tijm 14g",
    "AlcoholVolume": "0",
    "FicCode": "E",
    "EcoscoreValue": "43"
  },
  {
    "productId": "198003",
    "technicalArticleNumber": "3420582",
    "commercialArticleNumber": "10222",
    "name": "kruiden piment d'espelette",
    "description": "*Toepassing: zoals\nzwarte peper",
    "brand": "BONI",
    "seoBrand": "Boni Selection",
    "thumbNail": "https://static.colruytgroup.com/images/200x200/std.lang.all/49/00/asset-1674900.jpg",
    "fullImage": "https://static.colruytgroup.com/images/500x500/std.lang.all/49/00/asset-1674900.jpg",
    "squareImage": "https://static.colruytgroup.com/images/500x500sq/std.lang.all/49/00/asset-1674900.jpg",
    "content": "50g",
    "walkRouteSequenceNumber": 6494,
    "price": {
      "basicPrice": 9.98,
      "recommendedQuantity": "1.0",
      "measurementUnitPrice": 199.6,
      "measurementUnit": "K",
      "isRedPrice": false,
      "pricePerUOM": 199.6,
      "activationDate": "02-02-2024",
      "recordSource": "Offline",
      "isPromoActive": "N",
      "priceChangeCode": "E"
    },
    "isAvailable": true,
    "isPriceAvailable": true,
    "inPromo": false,
    "gtin": [
      "15400141186694",
      "05400141362954",
      "05400141353921",
      "05400141186697",
      "15400141362951"
    ],
    "topCategoryName": "Kruidenierswaren/Droge voeding",
    "topCategoryId": "233",
    "businessDomain": "RETAIL_BE",
    "IsPrivateLabel": true,
    "IsBiffe": false,
    "WeightconversionFactor": "0",
    "IsWeightArticle": false,
    "nutriscoreLabel": "E",
    "IsBio": false,
    "CountryOfOrigin": "FRANKRIJK",
    "IsExclusivelySoldInLuxembourg": false,
    "OrderUnit": "P",
    "ShortName": "BONI PIMENT ESPELETT50G",
    "IsNew": false,
    "EcoscoreLabel": "E",
    "RecentQuanityOfStockUnits": "1",
    "LongName": "BONI kruiden piment d'espelette 50g",
    "AlcoholVolume": "0",
    "FicCode": "I",
    "EcoscoreValue": "15"
  },
  {
    "productId": "57353",
    "technicalArticleNumber": "2339852",
    "commercialArticleNumber": "18292",
    "name": "ruwe rietsuikerklontjes bio",
    "brand": "CANDICO",
    "seoBrand": "Candico",
    "thumbNail": "https://static.colruytgroup.com/images/200x200/std.lang.all/95/87/asset-639587.jpg",
    "fullImage": "https://static.colruytgroup.com/images/500x500/std.lang.all/95/87/asset-639587.jpg",
    "squareImage": "https://static.colruytgroup.com/images/500x500sq/std.lang.all/95/87/asset-639587.jpg",
    "content": "1kg",
    "walkRouteSequenceNumber": 9198,
    "price": {
      "basicPrice": 7.95,
      "recommendedQuantity": "1.0",
      "measurementUnitPrice": 7.95,
      "measurementUnit": "K",
      "isRedPrice": false,
      "pricePerUOM": 7.95,
      "activationDate": "14-11-2023",
      "isPromoActive": "N",
      "priceChangeCode": "E"
    },
    "isAvailable": true,
    "isPriceAvailable": true,
    "inPromo": false,
    "gtin": [
      "05410301839127",
      "05410301839110"
    ],
    "topCategoryName": "Kruidenierswaren/Droge voeding",
    "topCategoryId": "233",
    "businessDomain": "RETAIL_BE",
    "IsPrivateLabel": false,
    "IsBiffe": false,
    "WeightconversionFactor": "0",
    "IsWeightArticle": false,
    "nutriscoreLabel": "E",
    "IsBio": true,
    "CountryOfOrigin": "BELGIË",
    "IsExclusivelySoldInLuxembourg": false,
    "OrderUnit": "P",
    "ShortName": "CAND BIO RIET KLON 1K",
    "IsNew": false,
    "EcoscoreLabel": "B",
    "RecentQuanityOfStockUnits": "1,5",
    "LongName": "CANDICO ruwe rietsuikerklontjes bio 1kg",
    "AlcoholVolume": "0",
    "FicCode": "E",
    "EcoscoreValue": "74"
  },
  {
    "productId": "379105",
    "technicalArticleNumber": "3836206",
    "commercialArticleNumber": "17753",
    "name": "kurkuma",
    "brand": "FLAVORI",
    "seoBrand": "Flavori",
    "thumbNail": "https://static.colruytgroup.com/images/200x200/std.lang.all/43/18/asset-1464318.jpg",
    "fullImage": "https://static.colruytgroup.com/images/500x500/std.lang.all/43/18/asset-1464318.jpg",
    "squareImage": "https://static.colruytgroup.com/images/500x500sq/std.lang.all/43/18/asset-1464318.jpg",
    "content": "100g",
    "walkRouteSequenceNumber": 6401,
    "price": {
      "basicPrice": 1.99,
      "recommendedQuantity": "1.0",
      "measurementUnitPrice": 19.9,
      "measurementUnit": "K",
      "isRedPrice": false,
      "pricePerUOM": 19.9,
      "activationDate": "24-11-2022",
      "isPromoActive": "N",
      "priceChangeCode": "H"
    },
    "isAvailable": true,
    "isPriceAvailable": true,
    "inPromo": false,
    "gtin": [
      "05414189002628",
      "05414189805953",
      "15414189002625"
    ],
    "topCategoryName": "Kruidenierswaren/Droge voeding",
    "topCategoryId": "233",
    "businessDomain": "RETAIL_BE",
    "IsPrivateLabel": false,
    "IsBiffe": false,
    "WeightconversionFactor": "0",
    "IsWeightArticle": false,
    "nutriscoreLabel": "A",
    "IsBio": false,
    "CountryOfOrigin": "BELGIË",
    "IsExclusivelySoldInLuxembourg": false,
    "OrderUnit": "P",
    "ShortName": "FLAV KURKUMA 100G",
    "IsNew": false,
    "EcoscoreLabel": "E",
    "RecentQuanityOfStockUnits": "1",
    "LongName": "FLAVORI kurkuma 100g",
    "AlcoholVolume": "0",
    "FicCode": "E",
    "EcoscoreValue": "2"
  },
  {
    "productId": "57353",
    "technicalArticleNumber": "2339852",
    "commercialArticleNumber": "18292",
    "name": "ruwe rietsuikerklontjes bio",
    "brand": "CANDICO",
    "seoBrand": "Candico",
    "thumbNail": "https://static.colruytgroup.com/images/200x200/std.lang.all/95/87/asset-639587.jpg",
    "fullImage": "https://static.colruytgroup.com/images/500x500/std.lang.all/95/87/asset-639587.jpg",
    "squareImage": "https://static.colruytgroup.com/images/500x500sq/std.lang.all/95/87/asset-639587.jpg",
    "content": "1kg",
    "walkRouteSequenceNumber": 9198,
    "price": {
      "basicPrice": 7.95,
      "recommendedQuantity": "1.0",
      "measurementUnitPrice": 7.95,
      "measurementUnit": "K",
      "isRedPrice": false,
      "pricePerUOM": 7.95,
      "activationDate": "14-11-2023",
      "isPromoActive": "N",
      "priceChangeCode": "E"
    },
    "isAvailable": true,
    "isPriceAvailable": true,
    "inPromo": false,
    "gtin": [
      "05410301839127",
      "05410301839110"
    ],
    "topCategoryName": "Kruidenierswaren/Droge voeding",
    "topCategoryId": "233",
    "businessDomain": "RETAIL_BE",
    "IsPrivateLabel": false,
    "IsBiffe": false,
    "WeightconversionFactor": "0",
    "IsWeightArticle": false,
    "nutriscoreLabel": "E",
    "IsBio": true,
    "CountryOfOrigin": "BELGIË",
    "IsExclusivelySoldInLuxembourg": false,
    "OrderUnit": "P",
    "ShortName": "CAND BIO RIET KLON 1K",
    "IsNew": false,
    "EcoscoreLabel": "B",
    "RecentQuanityOfStockUnits": "1,5",
    "LongName": "CANDICO ruwe rietsuikerklontjes bio 1kg",
    "AlcoholVolume": "0",
    "FicCode": "E",
    "EcoscoreValue": "74"
  },
  {
    "productId": "124847",
    "technicalArticleNumber": "3222645",
    "commercialArticleNumber": "31560",
    "name": "mix voor wafels",
    "description": "*Melk en olie\ntoevoegen",
    "brand": "DR.OETKER",
    "seoBrand": "Dr.Oetker",
    "thumbNail": "https://static.colruytgroup.com/images/200x200/std.lang.all/67/60/asset-1246760.jpg",
    "fullImage": "https://static.colruytgroup.com/images/500x500/std.lang.all/67/60/asset-1246760.jpg",
    "squareImage": "https://static.colruytgroup.com/images/500x500sq/std.lang.all/67/60/asset-1246760.jpg",
    "content": "400g",
    "walkRouteSequenceNumber": 9425,
    "price": {
      "basicPrice": 2.99,
      "recommendedQuantity": "1.0",
      "measurementUnitPrice": 7.48,
      "measurementUnit": "K",
      "isRedPrice": false,
      "pricePerUOM": 7.48,
      "activationDate": "20-03-2024",
      "recordSource": "Offline",
      "isPromoActive": "N",
      "priceChangeCode": "E"
    },
    "isAvailable": true,
    "isPriceAvailable": true,
    "inPromo": true,
    "promotion": [
      {
        "techPromoId": "100927COLR",
        "promotionId": "100927",
        "promotionType": "3",
        "isPersonalized": "N",
        "publicationStartDate": "13-03-2024",
        "publicationEndDate": "26-03-2024"
      }
    ],
    "gtin": [
      "05410231092326",
      "05410231092340",
      "05410231027045",
      "05410231026925"
    ],
    "topCategoryName": "Kruidenierswaren/Droge voeding",
    "topCategoryId": "233",
    "businessDomain": "RETAIL_BE",
    "IsPrivateLabel": false,
    "IsBiffe": false,
    "WeightconversionFactor": "0",
    "IsWeightArticle": false,
    "nutriscoreLabel": "D",
    "IsBio": false,
    "CountryOfOrigin": "NEDERLAND",
    "IsExclusivelySoldInLuxembourg": false,
    "OrderUnit": "P",
    "ShortName": "OETK MIX WAFELS 400G",
    "IsNew": false,
    "RecentQuanityOfStockUnits": "1",
    "LongName": "DR.OETKER mix voor wafels 400g",
    "AlcoholVolume": "0",
    "FicCode": "E"
  },
  {
    "productId": "677915",
    "technicalArticleNumber": "4395613",
    "commercialArticleNumber": "22788",
    "name": "easter deco cookies",
    "brand": "DR.OETKER",
    "seoBrand": "Dr.Oetker",
    "thumbNail": "https://static.colruytgroup.com/images/200x200/std.lang.all/82/25/asset-3178225.jpg",
    "fullImage": "https://static.colruytgroup.com/images/500x500/std.lang.all/82/25/asset-3178225.jpg",
    "squareImage": "https://static.colruytgroup.com/images/500x500sq/std.lang.all/82/25/asset-3178225.jpg",
    "content": "588g",
    "walkRouteSequenceNumber": 9728,
    "price": {
      "basicPrice": 5.49,
      "recommendedQuantity": "1.0",
      "measurementUnitPrice": 9.34,
      "measurementUnit": "K",
      "isRedPrice": false,
      "pricePerUOM": 9.34,
      "activationDate": "22-03-2024",
      "recordSource": "Folder",
      "isPromoActive": "N",
      "priceChangeCode": "L"
    },
    "isAvailable": true,
    "isPriceAvailable": true,
    "inPromo": false,
    "gtin": [
      "08710466310347",
      "08710466310323"
    ],
    "topCategoryName": "Kruidenierswaren/Droge voeding",
    "topCategoryId": "233",
    "businessDomain": "RETAIL_BE",
    "IsPrivateLabel": false,
    "IsBiffe": false,
    "WeightconversionFactor": "0",
    "IsWeightArticle": false,
    "nutriscoreLabel": "E",
    "IsBio": false,
    "CountryOfOrigin": "DUITSLAND",
    "IsExclusivelySoldInLuxembourg": false,
    "OrderUnit": "P",
    "ShortName": "OETK EAS.DECO COOKIE588",
    "InSeason": true,
    "IsNew": false,
    "RecentQuanityOfStockUnits": "1",
    "LongName": "DR.OETKER easter deco cookies 588g",
    "StartSeasonDate": "26/01/2024",
    "FicCode": "E"
  },
  {
    "productId": "19090",
    "technicalArticleNumber": "1740565",
    "commercialArticleNumber": "1569",
    "name": "pesto gv bio bok",
    "description": "*Pesto genovése",
    "brand": "LA MACINA LIGURE",
    "seoBrand": "La Macina Ligure",
    "thumbNail": "https://static.colruytgroup.com/images/200x200/std.lang.all/32/84/asset-1693284.jpg",
    "fullImage": "https://static.colruytgroup.com/images/500x500/std.lang.all/32/84/asset-1693284.jpg",
    "squareImage": "https://static.colruytgroup.com/images/500x500sq/std.lang.all/32/84/asset-1693284.jpg",
    "content": "180g",
    "walkRouteSequenceNumber": 8394,
    "price": {
      "basicPrice": 7.15,
      "recommendedQuantity": "1.0",
      "measurementUnitPrice": 39.73,
      "measurementUnit": "K",
      "isRedPrice": false,
      "pricePerUOM": 39.73,
      "activationDate": "14-11-2023",
      "isPromoActive": "N",
      "priceChangeCode": "E"
    },
    "isAvailable": true,
    "isPriceAvailable": true,
    "inPromo": false,
    "gtin": [
      "08030776000074",
      "08030776020072"
    ],
    "topCategoryName": "Kruidenierswaren/Droge voeding",
    "topCategoryId": "233",
    "businessDomain": "RETAIL_BE",
    "IsPrivateLabel": false,
    "IsBiffe": false,
    "WeightconversionFactor": "0",
    "IsWeightArticle": false,
    "IsBio": true,
    "CountryOfOrigin": "ITALIË",
    "IsExclusivelySoldInLuxembourg": false,
    "OrderUnit": "P",
    "ShortName": "UB BIO PEST.GENOV. 180G",
    "IsNew": false,
    "EcoscoreLabel": "B",
    "RecentQuanityOfStockUnits": "1",
    "LongName": "LA MACINA LIGURE pesto gv bio bok 180g",
    "AlcoholVolume": "0",
    "FicCode": "E",
    "EcoscoreValue": "70"
  },
  {
    "productId": "293264",
    "technicalArticleNumber": "3686398",
    "commercialArticleNumber": "13977",
    "name": "langkorrelrijst parboiled",
    "brand": "ECONOM",
    "seoBrand": "Econom",
    "thumbNail": "https://static.colruytgroup.com/images/200x200/std.lang.all/93/60/asset-1359360.jpg",
    "fullImage": "https://static.colruytgroup.com/images/500x500/std.lang.all/93/60/asset-1359360.jpg",
    "squareImage": "https://static.colruytgroup.com/images/500x500sq/std.lang.all/93/60/asset-1359360.jpg",
    "content": "5kg",
    "walkRouteSequenceNumber": 8325,
    "price": {
      "basicPrice": 7.99,
      "recommendedQuantity": "1.0",
      "measurementUnitPrice": 1.6,
      "measurementUnit": "K",
      "isRedPrice": false,
      "pricePerUOM": 1.6,
      "activationDate": "29-11-2022",
      "isPromoActive": "N",
      "priceChangeCode": "H"
    },
    "isAvailable": true,
    "isPriceAvailable": true,
    "inPromo": false,
    "gtin": [
      "15400141057178",
      "05404009102669"
    ],
    "topCategoryName": "Kruidenierswaren/Droge voeding",
    "topCategoryId": "233",
    "businessDomain": "RETAIL_BE",
    "IsPrivateLabel": true,
    "IsBiffe": false,
    "WeightconversionFactor": "0",
    "IsWeightArticle": false,
    "nutriscoreLabel": "B",
    "IsBio": false,
    "CountryOfOrigin": "BELGIË",
    "IsExclusivelySoldInLuxembourg": false,
    "OrderUnit": "P",
    "ShortName": "HC ECON LANGKO.PARB.5KG",
    "IsNew": false,
    "EcoscoreLabel": "E",
    "RecentQuanityOfStockUnits": "1,2",
    "LongName": "ECONOM langkorrelrijst parboiled 5kg",
    "AlcoholVolume": "0",
    "FicCode": "I",
    "EcoscoreValue": "12"
  },
  {
    "productId": "15627",
    "technicalArticleNumber": "1601552",
    "commercialArticleNumber": "41720",
    "name": "zeezout Original Bio",
    "description": "*Glutenvrij",
    "brand": "HERBAMARE",
    "seoBrand": "A.Vogel Herbamare",
    "thumbNail": "https://static.colruytgroup.com/images/200x200/std.lang.all/02/79/asset-3360279.jpg",
    "fullImage": "https://static.colruytgroup.com/images/500x500/std.lang.all/02/79/asset-3360279.jpg",
    "squareImage": "https://static.colruytgroup.com/images/500x500sq/std.lang.all/02/79/asset-3360279.jpg",
    "content": "500g",
    "walkRouteSequenceNumber": 6486,
    "price": {
      "basicPrice": 6.55,
      "recommendedQuantity": "1.0",
      "measurementUnitPrice": 13.1,
      "measurementUnit": "K",
      "isRedPrice": false,
      "pricePerUOM": 13.1,
      "activationDate": "20-11-2023",
      "recordSource": "Online",
      "isPromoActive": "N",
      "priceChangeCode": "H"
    },
    "isAvailable": true,
    "isPriceAvailable": true,
    "inPromo": false,
    "gtin": [
      "08711596005080",
      "08711596580167"
    ],
    "topCategoryName": "Kruidenierswaren/Droge voeding",
    "topCategoryId": "233",
    "businessDomain": "RETAIL_BE",
    "IsPrivateLabel": false,
    "IsBiffe": false,
    "WeightconversionFactor": "0",
    "IsWeightArticle": false,
    "nutriscoreLabel": "E",
    "IsBio": true,
    "CountryOfOrigin": "FRANKRIJK",
    "IsExclusivelySoldInLuxembourg": false,
    "OrderUnit": "P",
    "ShortName": "UB BIO VOG.HERBAM.500G",
    "IsNew": false,
    "EcoscoreLabel": "B",
    "RecentQuanityOfStockUnits": "1",
    "LongName": "HERBAMARE zeezout Original Bio 500g",
    "AlcoholVolume": "0",
    "FicCode": "E",
    "EcoscoreValue": "78"
  },
  {
    "productId": "124615",
    "technicalArticleNumber": "3237492",
    "commercialArticleNumber": "33466",
    "name": "broodmix gluten-en lactosevrij",
    "description": "*Lactosevrij\n*Glutenvrij",
    "brand": "SCHÄR",
    "seoBrand": "Schär",
    "thumbNail": "https://static.colruytgroup.com/images/200x200/std.lang.all/97/62/asset-2919762.jpg",
    "fullImage": "https://static.colruytgroup.com/images/500x500/std.lang.all/97/62/asset-2919762.jpg",
    "squareImage": "https://static.colruytgroup.com/images/500x500sq/std.lang.all/97/62/asset-2919762.jpg",
    "content": "1kg",
    "walkRouteSequenceNumber": 9578,
    "price": {
      "basicPrice": 4.79,
      "recommendedQuantity": "1.0",
      "measurementUnitPrice": 4.79,
      "measurementUnit": "K",
      "isRedPrice": false,
      "pricePerUOM": 4.79,
      "activationDate": "17-02-2024",
      "recordSource": "Online",
      "isPromoActive": "N",
      "priceChangeCode": "E"
    },
    "isAvailable": true,
    "isPriceAvailable": true,
    "inPromo": false,
    "gtin": [
      "08008698008607",
      "08008698004838",
      "08008698003022"
    ],
    "topCategoryName": "Kruidenierswaren/Droge voeding",
    "topCategoryId": "233",
    "businessDomain": "RETAIL_BE",
    "IsPrivateLabel": false,
    "IsBiffe": false,
    "WeightconversionFactor": "0",
    "IsWeightArticle": false,
    "IsBio": false,
    "CountryOfOrigin": "BELGIË",
    "IsExclusivelySoldInLuxembourg": false,
    "OrderUnit": "P",
    "ShortName": "SCHAR BROODMIX GV 1KG",
    "IsNew": false,
    "EcoscoreLabel": "B",
    "RecentQuanityOfStockUnits": "1",
    "LongName": "SCHÄR broodmix gluten-en lactosevrij 1kg",
    "AlcoholVolume": "0",
    "FicCode": "E",
    "EcoscoreValue": "68"
  },
  {
    "productId": "18699",
    "technicalArticleNumber": "1717200",
    "commercialArticleNumber": "12222",
    "name": "soep kreeft",
    "description": "*Soep in blik\n*Snelle maaltijd\n*Snelle maaltijd\n*Groentensoep\n*Warm gerecht",
    "brand": "KNORR",
    "seoBrand": "Knorr",
    "thumbNail": "https://static.colruytgroup.com/images/200x200/nl_be/48/27/asset-2794827.jpg",
    "fullImage": "https://static.colruytgroup.com/images/500x500/nl_be/48/27/asset-2794827.jpg",
    "squareImage": "https://static.colruytgroup.com/images/500x500sq/nl_be/48/27/asset-2794827.jpg",
    "content": "515ml",
    "walkRouteSequenceNumber": 16896,
    "price": {
      "basicPrice": 4.49,
      "recommendedQuantity": "2.0",
      "measurementUnitPrice": 8.72,
      "measurementUnit": "L",
      "isRedPrice": false,
      "pricePerUOM": 8.72,
      "activationDate": "17-02-2024",
      "recordSource": "Offline",
      "isPromoActive": "N",
      "priceChangeCode": "E"
    },
    "isAvailable": true,
    "isPriceAvailable": true,
    "inPromo": false,
    "gtin": [
      "05400141122220",
      "08722700083375",
      "08722700700418"
    ],
    "topCategoryName": "Kruidenierswaren/Droge voeding",
    "topCategoryId": "233",
    "businessDomain": "RETAIL_BE",
    "IsPrivateLabel": false,
    "IsBiffe": false,
    "WeightconversionFactor": "0",
    "IsWeightArticle": false,
    "nutriscoreLabel": "C",
    "IsBio": false,
    "CountryOfOrigin": "BELGIË",
    "IsExclusivelySoldInLuxembourg": false,
    "OrderUnit": "P",
    "ShortName": "KNORR KREEFTSOEP 515ML",
    "InSeason": true,
    "IsNew": false,
    "EcoscoreLabel": "E",
    "RecentQuanityOfStockUnits": "1",
    "LongName": "KNORR soep kreeft 515ml",
    "AlcoholVolume": "0",
    "StartSeasonDate": "17/08/2021",
    "FicCode": "E",
    "EcoscoreValue": "1"
  },
  {
    "productId": "225009",
    "technicalArticleNumber": "3558145",
    "commercialArticleNumber": "50920",
    "name": "tomatensupreme",
    "description": "*Soep in brik\n*Snelle maaltijd\n*Klaar voor gebruik\n*Vegetarisch eten\n*Groentensoep",
    "brand": "KNORR",
    "seoBrand": "Knorr",
    "thumbNail": "https://static.colruytgroup.com/images/200x200/nl_be/60/42/asset-2796042.jpg",
    "fullImage": "https://static.colruytgroup.com/images/500x500/nl_be/60/42/asset-2796042.jpg",
    "squareImage": "https://static.colruytgroup.com/images/500x500sq/nl_be/60/42/asset-2796042.jpg",
    "content": "500ml",
    "walkRouteSequenceNumber": 16955,
    "price": {
      "basicPrice": 2.87,
      "recommendedQuantity": "3.0",
      "measurementUnitPrice": 5.74,
      "measurementUnit": "L",
      "isRedPrice": false,
      "pricePerUOM": 5.74,
      "activationDate": "21-03-2024",
      "recordSource": "Folder",
      "isPromoActive": "Y",
      "priceChangeCode": "H"
    },
    "isAvailable": true,
    "isPriceAvailable": true,
    "inPromo": true,
    "promotion": [
      {
        "techPromoId": "100943COLR",
        "promotionId": "100943",
        "promotionType": "3",
        "isPersonalized": "N",
        "publicationStartDate": "13-03-2024",
        "publicationEndDate": "26-03-2024"
      }
    ],
    "gtin": [
      "75400141257907",
      "08712566389674",
      "08712566970186"
    ],
    "topCategoryName": "Kruidenierswaren/Droge voeding",
    "topCategoryId": "233",
    "businessDomain": "RETAIL_BE",
    "IsPrivateLabel": false,
    "IsBiffe": false,
    "WeightconversionFactor": "0",
    "IsWeightArticle": false,
    "nutriscoreLabel": "C",
    "IsBio": false,
    "CountryOfOrigin": "POLEN",
    "IsExclusivelySoldInLuxembourg": false,
    "OrderUnit": "P",
    "ShortName": "KNORR TOMATENSUP. 500ML",
    "IsNew": false,
    "EcoscoreLabel": "B",
    "RecentQuanityOfStockUnits": "1,3",
    "LongName": "KNORR tomatensupreme 500ml",
    "AlcoholVolume": "0",
    "FicCode": "E",
    "EcoscoreValue": "74"
  },
  {
    "productId": "83537",
    "technicalArticleNumber": "2995465",
    "commercialArticleNumber": "12856",
    "name": "soep Classics pomp.bal. brik",
    "description": "*Soep in brik\n*Snelle maaltijd\n*Klaar voor gebruik\n*Snelle maaltijd\n*Groentensoep",
    "brand": "KNORR",
    "seoBrand": "Knorr",
    "thumbNail": "https://static.colruytgroup.com/images/200x200/nl_be/11/73/asset-2831173.jpg",
    "fullImage": "https://static.colruytgroup.com/images/500x500/nl_be/11/73/asset-2831173.jpg",
    "squareImage": "https://static.colruytgroup.com/images/500x500sq/nl_be/11/73/asset-2831173.jpg",
    "content": "1L",
    "walkRouteSequenceNumber": 16951,
    "price": {
      "basicPrice": 4.29,
      "recommendedQuantity": "2.0",
      "measurementUnitPrice": 4.29,
      "measurementUnit": "L",
      "isRedPrice": false,
      "pricePerUOM": 4.29,
      "activationDate": "19-03-2024",
      "recordSource": "Offline",
      "isPromoActive": "N",
      "priceChangeCode": "H"
    },
    "isAvailable": true,
    "isPriceAvailable": true,
    "inPromo": true,
    "promotion": [
      {
        "techPromoId": "100943COLR",
        "promotionId": "100943",
        "promotionType": "3",
        "isPersonalized": "N",
        "publicationStartDate": "13-03-2024",
        "publicationEndDate": "26-03-2024"
      }
    ],
    "gtin": [
      "08712100109904",
      "08712100368646",
      "05400141046199"
    ],
    "topCategoryName": "Kruidenierswaren/Droge voeding",
    "topCategoryId": "233",
    "businessDomain": "RETAIL_BE",
    "IsPrivateLabel": false,
    "IsBiffe": false,
    "WeightconversionFactor": "0",
    "IsWeightArticle": false,
    "nutriscoreLabel": "C",
    "IsBio": false,
    "CountryOfOrigin": "POLEN",
    "IsExclusivelySoldInLuxembourg": false,
    "OrderUnit": "P",
    "ShortName": "KN POMP WEELDE BAL 1L",
    "IsNew": false,
    "EcoscoreLabel": "D",
    "RecentQuanityOfStockUnits": "1",
    "LongName": "KNORR soep Classics pomp.bal. brik 1L",
    "AlcoholVolume": "0",
    "FicCode": "E",
    "EcoscoreValue": "32"
  },
  {
    "productId": "871970",
    "technicalArticleNumber": "4726047",
    "commercialArticleNumber": "13687",
    "name": "express paella",
    "brand": "BEN'S ORIGINAL",
    "seoBrand": "Ben's original",
    "thumbNail": "https://static.colruytgroup.com/images/200x200/std.lang.all/42/02/asset-3284202.jpg",
    "fullImage": "https://static.colruytgroup.com/images/500x500/std.lang.all/42/02/asset-3284202.jpg",
    "squareImage": "https://static.colruytgroup.com/images/500x500sq/std.lang.all/42/02/asset-3284202.jpg",
    "content": "220g",
    "walkRouteSequenceNumber": 8415,
    "price": {
      "basicPrice": 2.19,
      "recommendedQuantity": "3.0",
      "measurementUnitPrice": 9.96,
      "measurementUnit": "K",
      "isRedPrice": false,
      "pricePerUOM": 9.96,
      "activationDate": "21-03-2024",
      "recordSource": "Offline",
      "isPromoActive": "N",
      "priceChangeCode": "H"
    },
    "isAvailable": true,
    "isPriceAvailable": true,
    "inPromo": false,
    "gtin": [
      "03487400006806",
      "03487400006707",
      "55400141712655"
    ],
    "topCategoryName": "Kruidenierswaren/Droge voeding",
    "topCategoryId": "233",
    "businessDomain": "RETAIL_BE",
    "IsPrivateLabel": false,
    "IsBiffe": false,
    "WeightconversionFactor": "0",
    "IsWeightArticle": false,
    "nutriscoreLabel": "B",
    "IsBio": false,
    "CountryOfOrigin": "FRANKRIJK",
    "IsExclusivelySoldInLuxembourg": false,
    "OrderUnit": "P",
    "ShortName": "BEOR EX.RIJST PAELLA220",
    "IsNew": false,
    "RecentQuanityOfStockUnits": "1,3",
    "LongName": "BEN'S ORIGINAL express paella 220g",
    "AlcoholVolume": "0",
    "FicCode": "E"
  },
  {
    "productId": "203906",
    "technicalArticleNumber": "3498724",
    "commercialArticleNumber": "50562",
    "name": "kruiden witte peper gemalen",
    "brand": "DUCROS",
    "seoBrand": "Ducros",
    "thumbNail": "https://static.colruytgroup.com/images/200x200/std.lang.all/27/76/asset-892776.jpg",
    "fullImage": "https://static.colruytgroup.com/images/500x500/std.lang.all/27/76/asset-892776.jpg",
    "squareImage": "https://static.colruytgroup.com/images/500x500sq/std.lang.all/27/76/asset-892776.jpg",
    "content": "40g",
    "walkRouteSequenceNumber": 6474,
    "price": {
      "basicPrice": 5.39,
      "recommendedQuantity": "1.0",
      "quantityPrice": 2.69,
      "quantityPriceQuantity": "2.0",
      "measurementUnitPrice": 134.75,
      "measurementUnitQuantityPrice": 67.25,
      "measurementUnit": "K",
      "isRedPrice": false,
      "pricePerUOM": 134.75,
      "activationDate": "22-03-2024",
      "recordSource": "Offline",
      "isPromoActive": "N",
      "priceChangeCode": "L",
      "quantityPricePerUOM": 67.25,
      "quantityActivationDate": "22-03-2024",
      "quantityPriceChangeCode": "E"
    },
    "isAvailable": true,
    "isPriceAvailable": true,
    "inPromo": false,
    "gtin": [
      "03166296208180",
      "03166298749704"
    ],
    "topCategoryName": "Kruidenierswaren/Droge voeding",
    "topCategoryId": "233",
    "businessDomain": "RETAIL_BE",
    "IsPrivateLabel": false,
    "IsBiffe": false,
    "WeightconversionFactor": "0",
    "IsWeightArticle": false,
    "nutriscoreLabel": "A",
    "IsBio": false,
    "CountryOfOrigin": "INDIA",
    "IsExclusivelySoldInLuxembourg": false,
    "OrderUnit": "P",
    "ShortName": "DUCROS GEM.WIT PEPER40G",
    "IsNew": false,
    "EcoscoreLabel": "E",
    "RecentQuanityOfStockUnits": "1",
    "LongName": "DUCROS kruiden witte peper gemalen 40g",
    "AlcoholVolume": "0",
    "FicCode": "E",
    "EcoscoreValue": "2"
  },
  {
    "productId": "148089",
    "technicalArticleNumber": "3313683",
    "commercialArticleNumber": "25396",
    "name": "mosselsaus",
    "description": "*Met scharreleieren",
    "brand": "BONI",
    "seoBrand": "Boni Selection",
    "thumbNail": "https://static.colruytgroup.com/images/200x200/std.lang.all/27/81/asset-1852781.jpg",
    "fullImage": "https://static.colruytgroup.com/images/500x500/std.lang.all/27/81/asset-1852781.jpg",
    "squareImage": "https://static.colruytgroup.com/images/500x500sq/std.lang.all/27/81/asset-1852781.jpg",
    "content": "300ml",
    "walkRouteSequenceNumber": 7473,
    "price": {
      "basicPrice": 2.49,
      "recommendedQuantity": "1.0",
      "measurementUnitPrice": 8.3,
      "measurementUnit": "L",
      "isRedPrice": false,
      "pricePerUOM": 8.3,
      "activationDate": "13-03-2024",
      "isPromoActive": "N",
      "priceChangeCode": "H"
    },
    "isAvailable": true,
    "isPriceAvailable": true,
    "inPromo": false,
    "gtin": [
      "05400141156737",
      "05400141158816",
      "15400141158813",
      "15400141954477"
    ],
    "topCategoryName": "Kruidenierswaren/Droge voeding",
    "topCategoryId": "233",
    "businessDomain": "RETAIL_BE",
    "IsPrivateLabel": true,
    "IsBiffe": false,
    "WeightconversionFactor": "0",
    "IsWeightArticle": false,
    "nutriscoreLabel": "D",
    "IsBio": false,
    "CountryOfOrigin": "BELGIË",
    "IsExclusivelySoldInLuxembourg": false,
    "OrderUnit": "P",
    "ShortName": "BONI MOSSELSAUS 300ML",
    "InSeason": true,
    "IsNew": false,
    "EcoscoreLabel": "B",
    "RecentQuanityOfStockUnits": "1",
    "LongName": "BONI mosselsaus 300ml",
    "AlcoholVolume": "0",
    "StartSeasonDate": "07/05/2020",
    "FicCode": "I",
    "EcoscoreValue": "60"
  },
  {
    "productId": "50750",
    "technicalArticleNumber": "2400632",
    "commercialArticleNumber": "36655",
    "name": "soep tomaten groenten vermi.",
    "description": "*Tomaten-groentesoep\nmet vermicelli",
    "brand": "ROYCO",
    "seoBrand": "Royco",
    "thumbNail": "https://static.colruytgroup.com/images/200x200/std.lang.all/36/85/asset-3353685.jpg",
    "fullImage": "https://static.colruytgroup.com/images/500x500/std.lang.all/36/85/asset-3353685.jpg",
    "squareImage": "https://static.colruytgroup.com/images/500x500sq/std.lang.all/36/85/asset-3353685.jpg",
    "content": "20st",
    "walkRouteSequenceNumber": 16843,
    "price": {
      "basicPrice": 13.69,
      "recommendedQuantity": "1.0",
      "measurementUnitPrice": 33.89,
      "measurementUnit": "K",
      "isRedPrice": false,
      "pricePerUOM": 33.89,
      "activationDate": "22-11-2023",
      "isPromoActive": "N",
      "priceChangeCode": "H"
    },
    "isAvailable": true,
    "isPriceAvailable": true,
    "inPromo": false,
    "gtin": [
      "05414972100265",
      "05414972700267"
    ],
    "topCategoryName": "Kruidenierswaren/Droge voeding",
    "topCategoryId": "233",
    "businessDomain": "RETAIL_BE",
    "IsPrivateLabel": false,
    "IsBiffe": false,
    "WeightconversionFactor": "0",
    "IsWeightArticle": false,
    "nutriscoreLabel": "C",
    "IsBio": false,
    "CountryOfOrigin": "NEDERLAND",
    "IsExclusivelySoldInLuxembourg": false,
    "OrderUnit": "P",
    "ShortName": "RMS CLAS TOM.GR.VER.20Z",
    "InSeason": true,
    "IsNew": false,
    "EcoscoreLabel": "B",
    "RecentQuanityOfStockUnits": "1,8",
    "LongName": "ROYCO soep tomaten groenten vermi. 20st",
    "AlcoholVolume": "0",
    "StartSeasonDate": "07/03/2024",
    "FicCode": "E",
    "EcoscoreValue": "76"
  },
  {
    "productId": "692572",
    "technicalArticleNumber": "4420229",
    "commercialArticleNumber": "25699",
    "name": "cupcakes",
    "brand": "BONI",
    "seoBrand": "Boni Selection",
    "thumbNail": "https://static.colruytgroup.com/images/200x200/std.lang.all/26/86/asset-2932686.jpg",
    "fullImage": "https://static.colruytgroup.com/images/500x500/std.lang.all/26/86/asset-2932686.jpg",
    "squareImage": "https://static.colruytgroup.com/images/500x500sq/std.lang.all/26/86/asset-2932686.jpg",
    "content": "250g",
    "walkRouteSequenceNumber": 9420,
    "price": {
      "basicPrice": 2.99,
      "recommendedQuantity": "1.0",
      "measurementUnitPrice": 11.96,
      "measurementUnit": "K",
      "isRedPrice": false,
      "pricePerUOM": 11.96,
      "activationDate": "18-07-2023",
      "isPromoActive": "N",
      "priceChangeCode": "H"
    },
    "isAvailable": true,
    "isPriceAvailable": true,
    "inPromo": false,
    "gtin": [
      "05400141541441",
      "15400141541448",
      "05400141991697"
    ],
    "topCategoryName": "Kruidenierswaren/Droge voeding",
    "topCategoryId": "233",
    "businessDomain": "RETAIL_BE",
    "IsPrivateLabel": true,
    "IsBiffe": false,
    "WeightconversionFactor": "0",
    "IsWeightArticle": false,
    "nutriscoreLabel": "E",
    "IsBio": false,
    "CountryOfOrigin": "NEDERLAND",
    "IsExclusivelySoldInLuxembourg": false,
    "OrderUnit": "P",
    "ShortName": "BONI CUPCAKES 250G",
    "IsNew": false,
    "EcoscoreLabel": "C",
    "RecentQuanityOfStockUnits": "1",
    "LongName": "BONI cupcakes 250g",
    "FicCode": "I",
    "EcoscoreValue": "50"
  },
  {
    "productId": "10352",
    "technicalArticleNumber": "1138314",
    "commercialArticleNumber": "13101",
    "name": "walnotenolie",
    "description": "*Koude bereidingen\n*100% walnotenolie",
    "brand": "BONI",
    "seoBrand": "Boni Selection",
    "thumbNail": "https://static.colruytgroup.com/images/200x200/std.lang.all/31/17/asset-1683117.jpg",
    "fullImage": "https://static.colruytgroup.com/images/500x500/std.lang.all/31/17/asset-1683117.jpg",
    "squareImage": "https://static.colruytgroup.com/images/500x500sq/std.lang.all/31/17/asset-1683117.jpg",
    "content": "50cl",
    "walkRouteSequenceNumber": 8950,
    "price": {
      "basicPrice": 7.24,
      "recommendedQuantity": "1.0",
      "measurementUnitPrice": 14.48,
      "measurementUnit": "L",
      "isRedPrice": false,
      "pricePerUOM": 14.48,
      "activationDate": "06-01-2024",
      "recordSource": "Offline",
      "isPromoActive": "N",
      "priceChangeCode": "H"
    },
    "isAvailable": true,
    "isPriceAvailable": true,
    "inPromo": false,
    "gtin": [
      "05400141116199",
      "15400141192381",
      "05400141192384",
      "05400141385946",
      "15400141385943"
    ],
    "topCategoryName": "Kruidenierswaren/Droge voeding",
    "topCategoryId": "233",
    "businessDomain": "RETAIL_BE",
    "IsPrivateLabel": true,
    "IsBiffe": false,
    "WeightconversionFactor": "0",
    "IsWeightArticle": false,
    "nutriscoreLabel": "C",
    "IsBio": false,
    "CountryOfOrigin": "BELGIË",
    "IsExclusivelySoldInLuxembourg": false,
    "OrderUnit": "P",
    "ShortName": "BONI WALNOTENOLIE50CL",
    "IsNew": false,
    "RecentQuanityOfStockUnits": "1",
    "LongName": "BONI walnotenolie 50cl",
    "AlcoholVolume": "0",
    "FicCode": "I"
  },
  {
    "productId": "42547",
    "technicalArticleNumber": "2532874",
    "commercialArticleNumber": "15313",
    "name": "soep Class.courg.prei brik",
    "description": "*Groentesoep\n*Soep in brik\n*Klaar voor gebruik\n*Warm gerecht\n*Makkelijk bereiden",
    "brand": "KNORR",
    "seoBrand": "Knorr",
    "thumbNail": "https://static.colruytgroup.com/images/200x200/nl_be/60/38/asset-2796038.jpg",
    "fullImage": "https://static.colruytgroup.com/images/500x500/nl_be/60/38/asset-2796038.jpg",
    "squareImage": "https://static.colruytgroup.com/images/500x500sq/nl_be/60/38/asset-2796038.jpg",
    "content": "500ml",
    "walkRouteSequenceNumber": 16940,
    "price": {
      "basicPrice": 2.99,
      "recommendedQuantity": "3.0",
      "measurementUnitPrice": 5.98,
      "measurementUnit": "L",
      "isRedPrice": false,
      "pricePerUOM": 5.98,
      "activationDate": "22-03-2024",
      "recordSource": "Offline",
      "isPromoActive": "N",
      "priceChangeCode": "E"
    },
    "isAvailable": true,
    "isPriceAvailable": true,
    "inPromo": true,
    "promotion": [
      {
        "techPromoId": "100943COLR",
        "promotionId": "100943",
        "promotionType": "3",
        "isPersonalized": "N",
        "publicationStartDate": "13-03-2024",
        "publicationEndDate": "26-03-2024"
      }
    ],
    "gtin": [
      "05400141002133",
      "08712566222629",
      "45400141257906",
      "08712566725885"
    ],
    "topCategoryName": "Kruidenierswaren/Droge voeding",
    "topCategoryId": "233",
    "businessDomain": "RETAIL_BE",
    "IsPrivateLabel": false,
    "IsBiffe": false,
    "WeightconversionFactor": "0",
    "IsWeightArticle": false,
    "nutriscoreLabel": "C",
    "IsBio": false,
    "CountryOfOrigin": "FRANKRIJK",
    "IsExclusivelySoldInLuxembourg": false,
    "OrderUnit": "P",
    "ShortName": "KN KLASS.COUR-PREI500ML",
    "IsNew": false,
    "EcoscoreLabel": "B",
    "RecentQuanityOfStockUnits": "3,1",
    "LongName": "KNORR soep Class.courg.prei brik 500ml",
    "AlcoholVolume": "0",
    "FicCode": "E",
    "EcoscoreValue": "75"
  },
  {
    "productId": "220010",
    "technicalArticleNumber": "3503320",
    "commercialArticleNumber": "13308",
    "name": "kruiden couscous meng. zakje",
    "brand": "DUCROS",
    "seoBrand": "Ducros",
    "thumbNail": "https://static.colruytgroup.com/images/200x200/std.lang.all/34/94/asset-2243494.jpg",
    "fullImage": "https://static.colruytgroup.com/images/500x500/std.lang.all/34/94/asset-2243494.jpg",
    "squareImage": "https://static.colruytgroup.com/images/500x500sq/std.lang.all/34/94/asset-2243494.jpg",
    "content": "20g",
    "walkRouteSequenceNumber": 6484,
    "price": {
      "basicPrice": 2.84,
      "recommendedQuantity": "1.0",
      "quantityPrice": 1.42,
      "quantityPriceQuantity": "2.0",
      "measurementUnitPrice": 142,
      "measurementUnitQuantityPrice": 71,
      "measurementUnit": "K",
      "isRedPrice": false,
      "pricePerUOM": 142,
      "activationDate": "20-03-2024",
      "recordSource": "Offline",
      "isPromoActive": "N",
      "priceChangeCode": "E",
      "quantityPricePerUOM": 71,
      "quantityActivationDate": "20-03-2024",
      "quantityPriceChangeCode": "L"
    },
    "isAvailable": true,
    "isPriceAvailable": true,
    "inPromo": false,
    "gtin": [
      "13166291440001",
      "03166298907203",
      "13166298907200",
      "03166291440004"
    ],
    "topCategoryName": "Kruidenierswaren/Droge voeding",
    "topCategoryId": "233",
    "businessDomain": "RETAIL_BE",
    "IsPrivateLabel": false,
    "IsBiffe": false,
    "WeightconversionFactor": "0",
    "IsWeightArticle": false,
    "nutriscoreLabel": "A",
    "IsBio": false,
    "CountryOfOrigin": "POLEN",
    "IsExclusivelySoldInLuxembourg": false,
    "OrderUnit": "P",
    "ShortName": "DUCROS MENG.COUSCOUS20G",
    "IsNew": false,
    "EcoscoreLabel": "E",
    "RecentQuanityOfStockUnits": "1",
    "LongName": "DUCROS kruiden couscous meng. zakje 20g",
    "AlcoholVolume": "0",
    "FicCode": "E",
    "EcoscoreValue": "2"
  },
  {
    "productId": "213507",
    "technicalArticleNumber": "3495727",
    "commercialArticleNumber": "50541",
    "name": "kruiden zwarte peper molen",
    "brand": "DUCROS",
    "seoBrand": "Ducros",
    "thumbNail": "https://static.colruytgroup.com/images/200x200/std.lang.all/06/01/asset-2860601.jpg",
    "fullImage": "https://static.colruytgroup.com/images/500x500/std.lang.all/06/01/asset-2860601.jpg",
    "squareImage": "https://static.colruytgroup.com/images/500x500sq/std.lang.all/06/01/asset-2860601.jpg",
    "content": "35g",
    "walkRouteSequenceNumber": 6472,
    "price": {
      "basicPrice": 4.87,
      "recommendedQuantity": "1.0",
      "quantityPrice": 2.43,
      "quantityPriceQuantity": "2.0",
      "measurementUnitPrice": 139.15,
      "measurementUnitQuantityPrice": 69.43,
      "measurementUnit": "K",
      "isRedPrice": false,
      "pricePerUOM": 139.15,
      "activationDate": "20-03-2024",
      "recordSource": "Offline",
      "isPromoActive": "N",
      "priceChangeCode": "E",
      "quantityPricePerUOM": 69.43,
      "quantityActivationDate": "20-03-2024",
      "quantityPriceChangeCode": "L"
    },
    "isAvailable": true,
    "isPriceAvailable": true,
    "inPromo": false,
    "gtin": [
      "03166296208135",
      "03166298098208"
    ],
    "topCategoryName": "Kruidenierswaren/Droge voeding",
    "topCategoryId": "233",
    "businessDomain": "RETAIL_BE",
    "IsPrivateLabel": false,
    "IsBiffe": false,
    "WeightconversionFactor": "0",
    "IsWeightArticle": false,
    "nutriscoreLabel": "A",
    "IsBio": false,
    "CountryOfOrigin": "INDIA",
    "IsExclusivelySoldInLuxembourg": false,
    "OrderUnit": "P",
    "ShortName": "DUC.ZWARTE PEPERMOL.35G",
    "IsNew": false,
    "EcoscoreLabel": "E",
    "RecentQuanityOfStockUnits": "1",
    "LongName": "DUCROS kruiden zwarte peper molen 35g",
    "AlcoholVolume": "0",
    "FicCode": "E",
    "EcoscoreValue": "2"
  },
  {
    "productId": "875355",
    "technicalArticleNumber": "4730352",
    "commercialArticleNumber": "32204",
    "name": "Mayonaise ei traditioneel",
    "description": "*traditioneel",
    "brand": "PAUWELS",
    "seoBrand": "Pauwels",
    "thumbNail": "https://static.colruytgroup.com/images/200x200/std.lang.all/98/87/asset-3219887.jpg",
    "fullImage": "https://static.colruytgroup.com/images/500x500/std.lang.all/98/87/asset-3219887.jpg",
    "squareImage": "https://static.colruytgroup.com/images/500x500sq/std.lang.all/98/87/asset-3219887.jpg",
    "content": "445g",
    "walkRouteSequenceNumber": 8109,
    "price": {
      "basicPrice": 4.39,
      "recommendedQuantity": "1.0",
      "measurementUnitPrice": 9.87,
      "measurementUnit": "L",
      "isRedPrice": false,
      "pricePerUOM": 9.87,
      "activationDate": "22-03-2024",
      "recordSource": "Offline",
      "isPromoActive": "N",
      "priceChangeCode": "H"
    },
    "isAvailable": true,
    "isPriceAvailable": true,
    "inPromo": false,
    "gtin": [
      "05410832606007",
      "05410832139505"
    ],
    "topCategoryName": "Kruidenierswaren/Droge voeding",
    "topCategoryId": "233",
    "businessDomain": "RETAIL_BE",
    "IsPrivateLabel": false,
    "IsBiffe": false,
    "WeightconversionFactor": "0",
    "IsWeightArticle": false,
    "IsBio": false,
    "CountryOfOrigin": "BELGIË",
    "IsExclusivelySoldInLuxembourg": false,
    "OrderUnit": "P",
    "ShortName": "PAUW MAYO EI TRAD.445G",
    "IsNew": false,
    "EcoscoreLabel": "D",
    "RecentQuanityOfStockUnits": "1",
    "LongName": "PAUWELS Mayonaise ei traditioneel 445g",
    "FicCode": "E",
    "EcoscoreValue": "34"
  },
  {
    "productId": "696808",
    "technicalArticleNumber": "4426937",
    "commercialArticleNumber": "26064",
    "name": "dressing honingmosterd",
    "description": "*Dressing perfect\nvoor bij salades",
    "brand": "BONI",
    "seoBrand": "Boni Selection",
    "thumbNail": "https://static.colruytgroup.com/images/200x200/std.lang.all/28/23/asset-2712823.jpg",
    "fullImage": "https://static.colruytgroup.com/images/500x500/std.lang.all/28/23/asset-2712823.jpg",
    "squareImage": "https://static.colruytgroup.com/images/500x500sq/std.lang.all/28/23/asset-2712823.jpg",
    "content": "300ml",
    "walkRouteSequenceNumber": 7537,
    "price": {
      "basicPrice": 2.49,
      "recommendedQuantity": "1.0",
      "measurementUnitPrice": 8.3,
      "measurementUnit": "L",
      "isRedPrice": false,
      "pricePerUOM": 8.3,
      "activationDate": "23-03-2023",
      "isPromoActive": "N",
      "priceChangeCode": "H"
    },
    "isAvailable": true,
    "isPriceAvailable": true,
    "inPromo": false,
    "gtin": [
      "05400141458435",
      "15400141458432"
    ],
    "topCategoryName": "Kruidenierswaren/Droge voeding",
    "topCategoryId": "233",
    "businessDomain": "RETAIL_BE",
    "IsPrivateLabel": true,
    "IsBiffe": false,
    "WeightconversionFactor": "0",
    "IsWeightArticle": false,
    "nutriscoreLabel": "D",
    "IsBio": false,
    "CountryOfOrigin": "BELGIË",
    "IsExclusivelySoldInLuxembourg": false,
    "OrderUnit": "P",
    "ShortName": "BONI DRESS HON.MOS300ML",
    "IsNew": false,
    "EcoscoreLabel": "B",
    "RecentQuanityOfStockUnits": "1",
    "LongName": "BONI dressing honingmosterd 300ml",
    "FicCode": "I",
    "EcoscoreValue": "61"
  },
  {
    "productId": "67",
    "technicalArticleNumber": "14140",
    "commercialArticleNumber": "14140",
    "name": "slagschuim zakje",
    "description": "slagschuim. Voor pudding,\ngebak, flan, ijs, vruchtensap.",
    "brand": "DR.OETKER",
    "seoBrand": "Dr.Oetker",
    "thumbNail": "https://static.colruytgroup.com/images/200x200/std.lang.all/92/79/asset-3209279.jpg",
    "fullImage": "https://static.colruytgroup.com/images/500x500/std.lang.all/92/79/asset-3209279.jpg",
    "squareImage": "https://static.colruytgroup.com/images/500x500sq/std.lang.all/92/79/asset-3209279.jpg",
    "content": "2x35g",
    "walkRouteSequenceNumber": 9588,
    "price": {
      "basicPrice": 2.42,
      "recommendedQuantity": "1.0",
      "quantityPrice": 1.93,
      "quantityPriceQuantity": "3.0",
      "measurementUnitPrice": 34.58,
      "measurementUnitQuantityPrice": 27.58,
      "measurementUnit": "K",
      "isRedPrice": false,
      "pricePerUOM": 34.58,
      "activationDate": "20-03-2024",
      "recordSource": "Offline",
      "isPromoActive": "N",
      "priceChangeCode": "E",
      "quantityPricePerUOM": 27.58,
      "quantityActivationDate": "20-03-2024",
      "quantityPriceChangeCode": "H"
    },
    "isAvailable": true,
    "isPriceAvailable": true,
    "inPromo": false,
    "gtin": [
      "05410231114127",
      "05410231048040"
    ],
    "topCategoryName": "Kruidenierswaren/Droge voeding",
    "topCategoryId": "233",
    "businessDomain": "RETAIL_BE",
    "IsPrivateLabel": false,
    "IsBiffe": false,
    "WeightconversionFactor": "0",
    "IsWeightArticle": false,
    "nutriscoreLabel": "D",
    "IsBio": false,
    "CountryOfOrigin": "NEDERLAND",
    "IsExclusivelySoldInLuxembourg": false,
    "OrderUnit": "P",
    "ShortName": "OETK SLAGSCHUIM 2X35G",
    "IsNew": false,
    "RecentQuanityOfStockUnits": "1,11",
    "LongName": "DR.OETKER slagschuim zakje 2x35g",
    "AlcoholVolume": "0",
    "FicCode": "E"
  },
  {
    "productId": "663728",
    "technicalArticleNumber": "4371434",
    "commercialArticleNumber": "16638",
    "name": "patisserie",
    "description": "*Patisserie",
    "brand": "PURE VIA",
    "seoBrand": "Pure Via",
    "thumbNail": "https://static.colruytgroup.com/images/200x200/std.lang.all/72/93/asset-3207293.jpg",
    "fullImage": "https://static.colruytgroup.com/images/500x500/std.lang.all/72/93/asset-3207293.jpg",
    "squareImage": "https://static.colruytgroup.com/images/500x500sq/std.lang.all/72/93/asset-3207293.jpg",
    "content": "380g",
    "walkRouteSequenceNumber": 9192,
    "price": {
      "basicPrice": 7.55,
      "recommendedQuantity": "1.0",
      "measurementUnitPrice": 19.87,
      "measurementUnit": "K",
      "isRedPrice": false,
      "pricePerUOM": 19.87,
      "activationDate": "02-03-2024",
      "recordSource": "Offline",
      "isPromoActive": "N",
      "priceChangeCode": "H"
    },
    "isAvailable": true,
    "isPriceAvailable": true,
    "inPromo": false,
    "gtin": [
      "17630486400676",
      "07630486400679"
    ],
    "topCategoryName": "Kruidenierswaren/Droge voeding",
    "topCategoryId": "233",
    "businessDomain": "RETAIL_BE",
    "IsPrivateLabel": false,
    "IsBiffe": false,
    "WeightconversionFactor": "0",
    "IsWeightArticle": false,
    "nutriscoreLabel": "A",
    "IsBio": false,
    "CountryOfOrigin": "TSJECHIË (REPUBLIEK)",
    "IsExclusivelySoldInLuxembourg": false,
    "OrderUnit": "P",
    "ShortName": "PURE PATISSERIE 380GR",
    "IsNew": false,
    "RecentQuanityOfStockUnits": "1",
    "LongName": "PURE VIA patisserie 380g",
    "FicCode": "E"
  },
  {
    "productId": "890",
    "technicalArticleNumber": "13349",
    "commercialArticleNumber": "13349",
    "name": "mosterd L'Impériale",
    "brand": "BISTER",
    "seoBrand": "Bister",
    "thumbNail": "https://static.colruytgroup.com/images/200x200/std.lang.all/50/27/asset-395027.jpg",
    "fullImage": "https://static.colruytgroup.com/images/500x500/std.lang.all/50/27/asset-395027.jpg",
    "squareImage": "https://static.colruytgroup.com/images/500x500sq/std.lang.all/50/27/asset-395027.jpg",
    "content": "1,05kg",
    "walkRouteSequenceNumber": 8237,
    "price": {
      "basicPrice": 8.69,
      "recommendedQuantity": "1.0",
      "measurementUnitPrice": 8.28,
      "measurementUnit": "K",
      "isRedPrice": false,
      "pricePerUOM": 8.28,
      "activationDate": "16-03-2024",
      "recordSource": "Offline",
      "isPromoActive": "N",
      "priceChangeCode": "H"
    },
    "isAvailable": true,
    "isPriceAvailable": true,
    "inPromo": false,
    "gtin": [
      "05410641100031",
      "05410641900105"
    ],
    "topCategoryName": "Kruidenierswaren/Droge voeding",
    "topCategoryId": "233",
    "businessDomain": "RETAIL_BE",
    "IsPrivateLabel": false,
    "IsBiffe": false,
    "WeightconversionFactor": "0",
    "IsWeightArticle": false,
    "nutriscoreLabel": "E",
    "IsBio": false,
    "CountryOfOrigin": "BELGIË",
    "IsExclusivelySoldInLuxembourg": false,
    "OrderUnit": "P",
    "ShortName": "BIST.IMPER MOSTERD1050G",
    "IsNew": false,
    "EcoscoreLabel": "B",
    "RecentQuanityOfStockUnits": "1",
    "LongName": "BISTER mosterd L'Impériale 1,05kg",
    "AlcoholVolume": "0",
    "FicCode": "E",
    "EcoscoreValue": "70"
  },
  {
    "productId": "675648",
    "technicalArticleNumber": "4391721",
    "commercialArticleNumber": "16251",
    "name": "bulgur grof",
    "brand": "SUNTAT",
    "seoBrand": "SUNTAT",
    "thumbNail": "https://static.colruytgroup.com/images/200x200/std.lang.all/15/17/asset-2321517.jpg",
    "fullImage": "https://static.colruytgroup.com/images/500x500/std.lang.all/15/17/asset-2321517.jpg",
    "squareImage": "https://static.colruytgroup.com/images/500x500sq/std.lang.all/15/17/asset-2321517.jpg",
    "content": "1kg",
    "walkRouteSequenceNumber": 8427,
    "price": {
      "basicPrice": 2.45,
      "recommendedQuantity": "1.0",
      "measurementUnitPrice": 2.45,
      "measurementUnit": "K",
      "isRedPrice": false,
      "pricePerUOM": 2.45,
      "activationDate": "01-06-2023",
      "isPromoActive": "N",
      "priceChangeCode": "L"
    },
    "isAvailable": true,
    "isPriceAvailable": true,
    "inPromo": false,
    "gtin": [
      "08690804013171",
      "08690804310003"
    ],
    "topCategoryName": "Kruidenierswaren/Droge voeding",
    "topCategoryId": "233",
    "businessDomain": "RETAIL_BE",
    "IsPrivateLabel": false,
    "IsBiffe": false,
    "WeightconversionFactor": "0",
    "IsWeightArticle": false,
    "IsBio": false,
    "CountryOfOrigin": "TURKIJE",
    "IsExclusivelySoldInLuxembourg": false,
    "OrderUnit": "P",
    "ShortName": "SUNT BULGUR GROF 1KG",
    "IsNew": false,
    "RecentQuanityOfStockUnits": "1",
    "LongName": "SUNTAT bulgur grof 1kg",
    "FicCode": "E"
  },
  {
    "productId": "213549",
    "technicalArticleNumber": "3498697",
    "commercialArticleNumber": "50561",
    "name": "kruiden zwarte peper gemalen",
    "brand": "DUCROS",
    "seoBrand": "Ducros",
    "thumbNail": "https://static.colruytgroup.com/images/200x200/std.lang.all/06/02/asset-2860602.jpg",
    "fullImage": "https://static.colruytgroup.com/images/500x500/std.lang.all/06/02/asset-2860602.jpg",
    "squareImage": "https://static.colruytgroup.com/images/500x500sq/std.lang.all/06/02/asset-2860602.jpg",
    "content": "40g",
    "walkRouteSequenceNumber": 6473,
    "price": {
      "basicPrice": 5.34,
      "recommendedQuantity": "1.0",
      "quantityPrice": 2.67,
      "quantityPriceQuantity": "2.0",
      "measurementUnitPrice": 133.5,
      "measurementUnitQuantityPrice": 66.75,
      "measurementUnit": "K",
      "isRedPrice": false,
      "pricePerUOM": 133.5,
      "activationDate": "20-03-2024",
      "recordSource": "Offline",
      "isPromoActive": "N",
      "priceChangeCode": "E",
      "quantityPricePerUOM": 66.75,
      "quantityActivationDate": "20-03-2024",
      "quantityPriceChangeCode": "L"
    },
    "isAvailable": true,
    "isPriceAvailable": true,
    "inPromo": false,
    "gtin": [
      "03166296208166",
      "03166298749605"
    ],
    "topCategoryName": "Kruidenierswaren/Droge voeding",
    "topCategoryId": "233",
    "businessDomain": "RETAIL_BE",
    "IsPrivateLabel": false,
    "IsBiffe": false,
    "WeightconversionFactor": "0",
    "IsWeightArticle": false,
    "nutriscoreLabel": "A",
    "IsBio": false,
    "CountryOfOrigin": "INDIA",
    "IsExclusivelySoldInLuxembourg": false,
    "OrderUnit": "P",
    "ShortName": "DUCROS GEM.ZW.PEPER 40G",
    "IsNew": false,
    "EcoscoreLabel": "E",
    "RecentQuanityOfStockUnits": "1,12",
    "LongName": "DUCROS kruiden zwarte peper gemalen 40g",
    "AlcoholVolume": "0",
    "FicCode": "E",
    "EcoscoreValue": "2"
  },
  {
    "productId": "677294",
    "technicalArticleNumber": "4394140",
    "commercialArticleNumber": "12859",
    "name": "soep tomaat-vermicelli",
    "description": "*Soep in brik\n*Snelle maaltijd\n*Klaar voor gebruik\n*Vegetarisch eten\n*Groentensoep",
    "brand": "KNORR",
    "seoBrand": "Knorr",
    "thumbNail": "https://static.colruytgroup.com/images/200x200/nl_be/62/30/asset-2796230.jpg",
    "fullImage": "https://static.colruytgroup.com/images/500x500/nl_be/62/30/asset-2796230.jpg",
    "squareImage": "https://static.colruytgroup.com/images/500x500sq/nl_be/62/30/asset-2796230.jpg",
    "content": "1L",
    "walkRouteSequenceNumber": 16941,
    "price": {
      "basicPrice": 4.33,
      "recommendedQuantity": "1.0",
      "measurementUnitPrice": 4.33,
      "measurementUnit": "L",
      "isRedPrice": false,
      "pricePerUOM": 4.33,
      "activationDate": "21-03-2024",
      "recordSource": "Folder",
      "isPromoActive": "N",
      "priceChangeCode": "H"
    },
    "isAvailable": true,
    "isPriceAvailable": true,
    "inPromo": true,
    "promotion": [
      {
        "techPromoId": "100943COLR",
        "promotionId": "100943",
        "promotionType": "3",
        "isPersonalized": "N",
        "publicationStartDate": "13-03-2024",
        "publicationEndDate": "26-03-2024"
      }
    ],
    "gtin": [
      "25400141660245",
      "08710522833827",
      "08710522833834"
    ],
    "topCategoryName": "Kruidenierswaren/Droge voeding",
    "topCategoryId": "233",
    "businessDomain": "RETAIL_BE",
    "IsPrivateLabel": false,
    "IsBiffe": false,
    "WeightconversionFactor": "0",
    "IsWeightArticle": false,
    "nutriscoreLabel": "C",
    "IsBio": false,
    "CountryOfOrigin": "POLEN",
    "IsExclusivelySoldInLuxembourg": false,
    "OrderUnit": "P",
    "ShortName": "KNOR SOEP TOMAAT-VERM1L",
    "IsNew": false,
    "EcoscoreLabel": "B",
    "RecentQuanityOfStockUnits": "1,2,8",
    "LongName": "KNORR soep tomaat-vermicelli 1L",
    "FicCode": "E",
    "EcoscoreValue": "77"
  },
  {
    "productId": "688",
    "technicalArticleNumber": "12601",
    "commercialArticleNumber": "12601",
    "name": "soep tomaten",
    "description": "*Klassieke\ntomatensoep",
    "brand": "ROYCO",
    "seoBrand": "Royco",
    "thumbNail": "https://static.colruytgroup.com/images/200x200/std.lang.all/36/70/asset-3353670.jpg",
    "fullImage": "https://static.colruytgroup.com/images/500x500/std.lang.all/36/70/asset-3353670.jpg",
    "squareImage": "https://static.colruytgroup.com/images/500x500sq/std.lang.all/36/70/asset-3353670.jpg",
    "content": "25st",
    "walkRouteSequenceNumber": 16909,
    "price": {
      "basicPrice": 14.09,
      "recommendedQuantity": "1.0",
      "measurementUnitPrice": 33.16,
      "measurementUnit": "K",
      "isRedPrice": false,
      "pricePerUOM": 33.16,
      "activationDate": "14-11-2023",
      "isPromoActive": "N",
      "priceChangeCode": "E"
    },
    "isAvailable": true,
    "isPriceAvailable": true,
    "inPromo": false,
    "gtin": [
      "05410056186507",
      "05410056786509"
    ],
    "topCategoryName": "Kruidenierswaren/Droge voeding",
    "topCategoryId": "233",
    "businessDomain": "RETAIL_BE",
    "IsPrivateLabel": false,
    "IsBiffe": false,
    "WeightconversionFactor": "0",
    "IsWeightArticle": false,
    "nutriscoreLabel": "C",
    "IsBio": false,
    "CountryOfOrigin": "NEDERLAND",
    "IsExclusivelySoldInLuxembourg": false,
    "OrderUnit": "P",
    "ShortName": "RMS CLASSIC TOMAAT 25Z",
    "IsNew": false,
    "EcoscoreLabel": "B",
    "RecentQuanityOfStockUnits": "1",
    "LongName": "ROYCO soep tomaten 25st",
    "AlcoholVolume": "0",
    "FicCode": "E",
    "EcoscoreValue": "77"
  },
  {
    "productId": "886986",
    "technicalArticleNumber": "4746344",
    "commercialArticleNumber": "32715",
    "name": "Yakisoba chicken bag",
    "description": "*Instant noedels met kippensmaak",
    "brand": "AÏKI",
    "seoBrand": "Aïki",
    "thumbNail": "https://static.colruytgroup.com/images/200x200/std.lang.all/28/02/asset-3352802.jpg",
    "fullImage": "https://static.colruytgroup.com/images/500x500/std.lang.all/28/02/asset-3352802.jpg",
    "squareImage": "https://static.colruytgroup.com/images/500x500sq/std.lang.all/28/02/asset-3352802.jpg",
    "content": "93g",
    "walkRouteSequenceNumber": 16982,
    "price": {
      "basicPrice": 1.95,
      "recommendedQuantity": "1.0",
      "measurementUnitPrice": 20.97,
      "measurementUnit": "K",
      "isRedPrice": false,
      "pricePerUOM": 20.97,
      "activationDate": "08-03-2024",
      "recordSource": "Offline",
      "isPromoActive": "N",
      "priceChangeCode": "H"
    },
    "isAvailable": true,
    "isPriceAvailable": true,
    "inPromo": false,
    "gtin": [
      "05414972330204",
      "05414972630205"
    ],
    "topCategoryName": "Kruidenierswaren/Droge voeding",
    "topCategoryId": "233",
    "businessDomain": "RETAIL_BE",
    "IsPrivateLabel": false,
    "IsBiffe": false,
    "WeightconversionFactor": "0",
    "IsWeightArticle": false,
    "IsBio": false,
    "CountryOfOrigin": "LITOUWEN",
    "IsExclusivelySoldInLuxembourg": false,
    "OrderUnit": "P",
    "ShortName": "AIKI YAKISOBA CHI.BAG93",
    "IsNew": false,
    "EcoscoreLabel": "B",
    "RecentQuanityOfStockUnits": "1,10",
    "LongName": "AÏKI Yakisoba chicken bag 93g",
    "FicCode": "E",
    "EcoscoreValue": "62"
  },
  {
    "productId": "619160",
    "technicalArticleNumber": "4296941",
    "commercialArticleNumber": "20206",
    "name": "gourmet",
    "brand": "ZÙSTO",
    "seoBrand": "Zùsto",
    "thumbNail": "https://static.colruytgroup.com/images/200x200/std.lang.all/06/98/asset-2290698.jpg",
    "fullImage": "https://static.colruytgroup.com/images/500x500/std.lang.all/06/98/asset-2290698.jpg",
    "squareImage": "https://static.colruytgroup.com/images/500x500sq/std.lang.all/06/98/asset-2290698.jpg",
    "content": "1kg",
    "walkRouteSequenceNumber": 9195,
    "price": {
      "basicPrice": 10.5,
      "recommendedQuantity": "1.0",
      "measurementUnitPrice": 10.5,
      "measurementUnit": "K",
      "isRedPrice": false,
      "pricePerUOM": 10.5,
      "activationDate": "03-01-2024",
      "isPromoActive": "N",
      "priceChangeCode": "L"
    },
    "isAvailable": true,
    "isPriceAvailable": true,
    "inPromo": false,
    "gtin": [
      "05430000576000",
      "15430000576007"
    ],
    "topCategoryName": "Kruidenierswaren/Droge voeding",
    "topCategoryId": "233",
    "businessDomain": "RETAIL_BE",
    "IsPrivateLabel": false,
    "IsBiffe": false,
    "WeightconversionFactor": "0",
    "IsWeightArticle": false,
    "nutriscoreLabel": "A",
    "IsBio": false,
    "CountryOfOrigin": "NEDERLAND",
    "IsExclusivelySoldInLuxembourg": false,
    "OrderUnit": "P",
    "ShortName": "ZUST GOURMET 1KG",
    "IsNew": false,
    "RecentQuanityOfStockUnits": "1",
    "LongName": "ZÙSTO gourmet 1kg",
    "FicCode": "E"
  },
  {
    "productId": "735373",
    "technicalArticleNumber": "4496682",
    "commercialArticleNumber": "21545",
    "name": "pili-pili saus",
    "brand": "HALIDEAL",
    "seoBrand": "Halideal",
    "thumbNail": "https://static.colruytgroup.com/images/200x200/std.lang.all/98/92/asset-3269892.jpg",
    "fullImage": "https://static.colruytgroup.com/images/500x500/std.lang.all/98/92/asset-3269892.jpg",
    "squareImage": "https://static.colruytgroup.com/images/500x500sq/std.lang.all/98/92/asset-3269892.jpg",
    "content": "500ml",
    "walkRouteSequenceNumber": 8180,
    "price": {
      "basicPrice": 3.98,
      "recommendedQuantity": "1.0",
      "measurementUnitPrice": 7.96,
      "measurementUnit": "L",
      "isRedPrice": false,
      "pricePerUOM": 7.96,
      "activationDate": "03-05-2023",
      "isPromoActive": "N",
      "priceChangeCode": "L"
    },
    "isAvailable": true,
    "isPriceAvailable": true,
    "inPromo": false,
    "gtin": [
      "05425023292006",
      "05425023291276"
    ],
    "topCategoryName": "Kruidenierswaren/Droge voeding",
    "topCategoryId": "233",
    "businessDomain": "RETAIL_BE",
    "IsPrivateLabel": false,
    "IsBiffe": false,
    "WeightconversionFactor": "0",
    "IsWeightArticle": false,
    "IsBio": false,
    "CountryOfOrigin": "BELGIË",
    "IsExclusivelySoldInLuxembourg": false,
    "OrderUnit": "P",
    "ShortName": "HALI PILI-PILI SAUS 500",
    "IsNew": false,
    "RecentQuanityOfStockUnits": "1",
    "LongName": "HALIDEAL pili-pili saus 500ml",
    "FicCode": "E"
  },
  {
    "productId": "26093",
    "technicalArticleNumber": "1978178",
    "commercialArticleNumber": "45281",
    "name": "kokosolie",
    "description": "*Braden, wokken en frituren\n*Filipijnen\n*Geurloos.",
    "brand": "BONI BIO",
    "seoBrand": "Boni Selection Bio",
    "thumbNail": "https://static.colruytgroup.com/images/200x200/std.lang.all/07/91/asset-2400791.jpg",
    "fullImage": "https://static.colruytgroup.com/images/500x500/std.lang.all/07/91/asset-2400791.jpg",
    "squareImage": "https://static.colruytgroup.com/images/500x500sq/std.lang.all/07/91/asset-2400791.jpg",
    "content": "2,5L",
    "walkRouteSequenceNumber": 9121,
    "price": {
      "basicPrice": 17.39,
      "recommendedQuantity": "1.0",
      "measurementUnitPrice": 6.96,
      "measurementUnit": "L",
      "isRedPrice": false,
      "pricePerUOM": 6.96,
      "activationDate": "23-01-2024",
      "isPromoActive": "N",
      "priceChangeCode": "L"
    },
    "isAvailable": true,
    "isPriceAvailable": true,
    "inPromo": false,
    "gtin": [
      "15400141358640",
      "15400141025320",
      "05400141025323",
      "05400141367485",
      "15400141367482"
    ],
    "topCategoryName": "Kruidenierswaren/Droge voeding",
    "topCategoryId": "233",
    "businessDomain": "RETAIL_BE",
    "IsPrivateLabel": true,
    "IsBiffe": false,
    "WeightconversionFactor": "0",
    "IsWeightArticle": false,
    "nutriscoreLabel": "E",
    "IsBio": true,
    "CountryOfOrigin": "INDONESIË",
    "IsExclusivelySoldInLuxembourg": false,
    "OrderUnit": "P",
    "ShortName": "UB BIO BONI KOKOSOL.2L5",
    "IsNew": false,
    "RecentQuanityOfStockUnits": "1",
    "LongName": "BONI BIO kokosolie 2,5L",
    "AlcoholVolume": "0",
    "FicCode": "I"
  },
  {
    "productId": "60826",
    "technicalArticleNumber": "2744035",
    "commercialArticleNumber": "41860",
    "name": "stevia in poeder",
    "description": "*Op basis van stevia",
    "brand": "PURE VIA",
    "seoBrand": "Pure Via",
    "thumbNail": "https://static.colruytgroup.com/images/200x200/std.lang.all/01/45/asset-3220145.jpg",
    "fullImage": "https://static.colruytgroup.com/images/500x500/std.lang.all/01/45/asset-3220145.jpg",
    "squareImage": "https://static.colruytgroup.com/images/500x500sq/std.lang.all/01/45/asset-3220145.jpg",
    "content": "80g",
    "walkRouteSequenceNumber": 9191,
    "price": {
      "basicPrice": 5.85,
      "recommendedQuantity": "1.0",
      "measurementUnitPrice": 73.13,
      "measurementUnit": "K",
      "isRedPrice": false,
      "pricePerUOM": 73.13,
      "activationDate": "15-03-2024",
      "recordSource": "Offline",
      "isPromoActive": "N",
      "priceChangeCode": "H"
    },
    "isAvailable": true,
    "isPriceAvailable": true,
    "inPromo": false,
    "gtin": [
      "07640110704707",
      "17640110704704"
    ],
    "topCategoryName": "Kruidenierswaren/Droge voeding",
    "topCategoryId": "233",
    "businessDomain": "RETAIL_BE",
    "IsPrivateLabel": false,
    "IsBiffe": false,
    "WeightconversionFactor": "0",
    "IsWeightArticle": false,
    "nutriscoreLabel": "C",
    "IsBio": false,
    "CountryOfOrigin": "BELGIË",
    "IsExclusivelySoldInLuxembourg": false,
    "OrderUnit": "P",
    "ShortName": "PURE VIA POEDER 80GR",
    "IsNew": false,
    "RecentQuanityOfStockUnits": "1",
    "LongName": "PURE VIA stevia in poeder 80g",
    "AlcoholVolume": "0",
    "FicCode": "E"
  },
  {
    "productId": "15772",
    "technicalArticleNumber": "1625243",
    "commercialArticleNumber": "13107",
    "name": "frituurolie",
    "description": "*Frituren\n*Zonnebloem-,\nraapzaadolie,\npalmoleïne\n*Altijd met factuur",
    "brand": "ECONOM",
    "seoBrand": "Econom",
    "thumbNail": "https://static.colruytgroup.com/images/200x200/std.lang.all/25/07/asset-802507.jpg",
    "fullImage": "https://static.colruytgroup.com/images/500x500/std.lang.all/25/07/asset-802507.jpg",
    "squareImage": "https://static.colruytgroup.com/images/500x500sq/std.lang.all/25/07/asset-802507.jpg",
    "content": "10L",
    "walkRouteSequenceNumber": 9151,
    "price": {
      "basicPrice": 22.99,
      "recommendedQuantity": "1.0",
      "measurementUnitPrice": 2.3,
      "measurementUnit": "L",
      "isRedPrice": false,
      "pricePerUOM": 2.3,
      "activationDate": "17-01-2024",
      "isPromoActive": "N",
      "priceChangeCode": "E"
    },
    "isAvailable": true,
    "isPriceAvailable": true,
    "inPromo": false,
    "gtin": [
      "05400141116144",
      "05404009107701",
      "05404009109545"
    ],
    "topCategoryName": "Kruidenierswaren/Droge voeding",
    "topCategoryId": "233",
    "businessDomain": "RETAIL_BE",
    "IsPrivateLabel": true,
    "IsBiffe": false,
    "WeightconversionFactor": "0",
    "IsWeightArticle": false,
    "nutriscoreLabel": "B",
    "IsBio": false,
    "CountryOfOrigin": "BELGIË",
    "IsExclusivelySoldInLuxembourg": false,
    "OrderUnit": "P",
    "ShortName": "HC RE ECO FRIT.OLIE 10L",
    "InSeason": true,
    "IsNew": false,
    "EcoscoreLabel": "C",
    "RecentQuanityOfStockUnits": "1",
    "LongName": "ECONOM frituurolie 10L",
    "AlcoholVolume": "0",
    "StartSeasonDate": "13/06/2023",
    "FicCode": "I",
    "EcoscoreValue": "41"
  },
  {
    "productId": "380422",
    "technicalArticleNumber": "3836208",
    "commercialArticleNumber": "17858",
    "name": "Raz El Hanout",
    "brand": "FLAVORI",
    "seoBrand": "Flavori",
    "thumbNail": "https://static.colruytgroup.com/images/200x200/std.lang.all/43/94/asset-1464394.jpg",
    "fullImage": "https://static.colruytgroup.com/images/500x500/std.lang.all/43/94/asset-1464394.jpg",
    "squareImage": "https://static.colruytgroup.com/images/500x500sq/std.lang.all/43/94/asset-1464394.jpg",
    "content": "100g",
    "walkRouteSequenceNumber": 6399,
    "price": {
      "basicPrice": 1.99,
      "recommendedQuantity": "1.0",
      "measurementUnitPrice": 19.9,
      "measurementUnit": "K",
      "isRedPrice": false,
      "pricePerUOM": 19.9,
      "activationDate": "27-02-2024",
      "isPromoActive": "N",
      "priceChangeCode": "H"
    },
    "isAvailable": true,
    "isPriceAvailable": true,
    "inPromo": false,
    "gtin": [
      "05414189717188",
      "05414189807124",
      "15414189717185"
    ],
    "topCategoryName": "Kruidenierswaren/Droge voeding",
    "topCategoryId": "233",
    "businessDomain": "RETAIL_BE",
    "IsPrivateLabel": false,
    "IsBiffe": false,
    "WeightconversionFactor": "0",
    "IsWeightArticle": false,
    "nutriscoreLabel": "E",
    "IsBio": false,
    "CountryOfOrigin": "BELGIË",
    "IsExclusivelySoldInLuxembourg": false,
    "OrderUnit": "P",
    "ShortName": "FLAV RAZ EL HANOUT 100G",
    "IsNew": false,
    "RecentQuanityOfStockUnits": "1",
    "LongName": "FLAVORI Raz El Hanout 100g",
    "AlcoholVolume": "0",
    "FicCode": "E"
  },
  {
    "productId": "607",
    "technicalArticleNumber": "5919",
    "commercialArticleNumber": "5919",
    "name": "kristalsuiker",
    "brand": "GRAND PONT",
    "seoBrand": "Grand Pont",
    "thumbNail": "https://static.colruytgroup.com/images/200x200/std.lang.all/78/64/asset-347864.jpg",
    "fullImage": "https://static.colruytgroup.com/images/500x500/std.lang.all/78/64/asset-347864.jpg",
    "squareImage": "https://static.colruytgroup.com/images/500x500sq/std.lang.all/78/64/asset-347864.jpg",
    "content": "5kg",
    "walkRouteSequenceNumber": 9205,
    "price": {
      "basicPrice": 13.99,
      "recommendedQuantity": "1.0",
      "measurementUnitPrice": 2.8,
      "measurementUnit": "K",
      "isRedPrice": false,
      "pricePerUOM": 2.8,
      "activationDate": "14-11-2023",
      "isPromoActive": "N",
      "priceChangeCode": "E"
    },
    "isAvailable": true,
    "isPriceAvailable": true,
    "inPromo": false,
    "gtin": [
      "05410256009064",
      "05410256209112"
    ],
    "topCategoryName": "Kruidenierswaren/Droge voeding",
    "topCategoryId": "233",
    "businessDomain": "RETAIL_BE",
    "IsPrivateLabel": false,
    "IsBiffe": false,
    "WeightconversionFactor": "0",
    "IsWeightArticle": false,
    "nutriscoreLabel": "E",
    "IsBio": false,
    "CountryOfOrigin": "FRANKRIJK",
    "IsExclusivelySoldInLuxembourg": false,
    "OrderUnit": "P",
    "ShortName": "GRANDPONT 5KG KRIST SUI",
    "IsNew": false,
    "EcoscoreLabel": "A",
    "RecentQuanityOfStockUnits": "1",
    "LongName": "GRAND PONT kristalsuiker 5kg",
    "AlcoholVolume": "0",
    "FicCode": "E",
    "EcoscoreValue": "100"
  },
  {
    "productId": "880129",
    "technicalArticleNumber": "4736916",
    "commercialArticleNumber": "32303",
    "name": "Quickbake Al1 mix maya brood",
    "description": "*mix",
    "thumbNail": "https://static.colruytgroup.com/images/200x200/std.lang.all/38/59/asset-3303859.jpg",
    "fullImage": "https://static.colruytgroup.com/images/500x500/std.lang.all/38/59/asset-3303859.jpg",
    "squareImage": "https://static.colruytgroup.com/images/500x500sq/std.lang.all/38/59/asset-3303859.jpg",
    "content": "1kg",
    "walkRouteSequenceNumber": 9730,
    "price": {
      "basicPrice": 4.99,
      "recommendedQuantity": "1.0",
      "measurementUnitPrice": 4.99,
      "measurementUnit": "K",
      "isRedPrice": false,
      "pricePerUOM": 4.99,
      "activationDate": "13-03-2024",
      "isPromoActive": "N",
      "priceChangeCode": "E"
    },
    "isAvailable": true,
    "isPriceAvailable": true,
    "inPromo": false,
    "gtin": [
      "05411067011345",
      "15411067011342"
    ],
    "topCategoryName": "Kruidenierswaren/Droge voeding",
    "topCategoryId": "233",
    "businessDomain": "RETAIL_BE",
    "IsPrivateLabel": false,
    "IsBiffe": false,
    "WeightconversionFactor": "0",
    "IsWeightArticle": false,
    "nutriscoreLabel": "D",
    "IsBio": false,
    "CountryOfOrigin": "BELGIË",
    "IsExclusivelySoldInLuxembourg": false,
    "OrderUnit": "P",
    "ShortName": "QUIC AL1 MAYA BROOD 1KG",
    "IsNew": false,
    "EcoscoreLabel": "B",
    "RecentQuanityOfStockUnits": "1",
    "LongName": "Quickbake Al1 mix maya brood 1kg",
    "FicCode": "E",
    "EcoscoreValue": "77"
  },
  {
    "productId": "700",
    "technicalArticleNumber": "12627",
    "commercialArticleNumber": "12627",
    "name": "soep prei",
    "description": "*Klassieke preisoep",
    "brand": "ROYCO",
    "seoBrand": "Royco",
    "thumbNail": "https://static.colruytgroup.com/images/200x200/std.lang.all/36/75/asset-3353675.jpg",
    "fullImage": "https://static.colruytgroup.com/images/500x500/std.lang.all/36/75/asset-3353675.jpg",
    "squareImage": "https://static.colruytgroup.com/images/500x500sq/std.lang.all/36/75/asset-3353675.jpg",
    "content": "25st",
    "walkRouteSequenceNumber": 16842,
    "price": {
      "basicPrice": 13.69,
      "recommendedQuantity": "1.0",
      "measurementUnitPrice": 38.57,
      "measurementUnit": "K",
      "isRedPrice": false,
      "pricePerUOM": 38.57,
      "activationDate": "22-11-2023",
      "isPromoActive": "N",
      "priceChangeCode": "H"
    },
    "isAvailable": true,
    "isPriceAvailable": true,
    "inPromo": false,
    "gtin": [
      "05410056186545",
      "05410056786547"
    ],
    "topCategoryName": "Kruidenierswaren/Droge voeding",
    "topCategoryId": "233",
    "businessDomain": "RETAIL_BE",
    "IsPrivateLabel": false,
    "IsBiffe": false,
    "WeightconversionFactor": "0",
    "IsWeightArticle": false,
    "nutriscoreLabel": "C",
    "IsBio": false,
    "CountryOfOrigin": "NEDERLAND",
    "IsExclusivelySoldInLuxembourg": false,
    "OrderUnit": "P",
    "ShortName": "RMS CLASSIC PREI 25 Z",
    "InSeason": true,
    "IsNew": false,
    "EcoscoreLabel": "B",
    "RecentQuanityOfStockUnits": "1",
    "LongName": "ROYCO soep prei 25st",
    "AlcoholVolume": "0",
    "StartSeasonDate": "19/09/2023",
    "FicCode": "E",
    "EcoscoreValue": "72"
  },
  {
    "productId": "875890",
    "technicalArticleNumber": "4730816",
    "commercialArticleNumber": "32234",
    "name": "Ass.cakedeco",
    "description": "*Suger eye\n*Sprinkles fantasy\ncircus\n*Modern xmas\nwhite gold",
    "brand": "LEMAN",
    "seoBrand": "Leman Cake Decorations",
    "thumbNail": "https://static.colruytgroup.com/images/200x200/std.lang.all/71/56/asset-3447156.jpg",
    "fullImage": "https://static.colruytgroup.com/images/500x500/std.lang.all/71/56/asset-3447156.jpg",
    "squareImage": "https://static.colruytgroup.com/images/500x500sq/std.lang.all/71/56/asset-3447156.jpg",
    "content": "1st",
    "walkRouteSequenceNumber": 9430,
    "price": {
      "basicPrice": 3.99,
      "recommendedQuantity": "1.0",
      "measurementUnitPrice": 3.99,
      "measurementUnit": "S",
      "isRedPrice": false,
      "pricePerUOM": 3.99,
      "activationDate": "03-01-2024",
      "isPromoActive": "N",
      "priceChangeCode": "H"
    },
    "isAvailable": true,
    "isPriceAvailable": true,
    "inPromo": false,
    "gtin": [
      "05401029392230",
      "05401029392100",
      "05404023982001",
      "05404023981974",
      "05401029392063"
    ],
    "topCategoryName": "Kruidenierswaren/Droge voeding",
    "topCategoryId": "233",
    "businessDomain": "RETAIL_BE",
    "IsPrivateLabel": false,
    "IsBiffe": false,
    "WeightconversionFactor": "0",
    "IsWeightArticle": false,
    "IsBio": false,
    "CountryOfOrigin": "BELGIË",
    "IsExclusivelySoldInLuxembourg": false,
    "OrderUnit": "P",
    "ShortName": "LEMA ASSORT CAKEDECO1ST",
    "IsNew": false,
    "RecentQuanityOfStockUnits": "1,1,1,1,1",
    "LongName": "LEMAN Ass.cakedeco 1st",
    "FicCode": "E"
  },
  {
    "productId": "257276",
    "technicalArticleNumber": "3569952",
    "commercialArticleNumber": "50948",
    "name": "gebaksglazuur",
    "brand": "DR.OETKER",
    "seoBrand": "Dr.Oetker",
    "thumbNail": "https://static.colruytgroup.com/images/200x200/std.lang.all/47/84/asset-1244784.jpg",
    "fullImage": "https://static.colruytgroup.com/images/500x500/std.lang.all/47/84/asset-1244784.jpg",
    "squareImage": "https://static.colruytgroup.com/images/500x500sq/std.lang.all/47/84/asset-1244784.jpg",
    "content": "100g",
    "walkRouteSequenceNumber": 9444,
    "price": {
      "basicPrice": 1.43,
      "recommendedQuantity": "1.0",
      "measurementUnitPrice": 14.3,
      "measurementUnit": "K",
      "isRedPrice": false,
      "pricePerUOM": 14.3,
      "activationDate": "02-02-2024",
      "recordSource": "Offline",
      "isPromoActive": "N",
      "priceChangeCode": "E"
    },
    "isAvailable": true,
    "isPriceAvailable": true,
    "inPromo": false,
    "gtin": [
      "05410231062923",
      "05410231062947"
    ],
    "topCategoryName": "Kruidenierswaren/Droge voeding",
    "topCategoryId": "233",
    "businessDomain": "RETAIL_BE",
    "IsPrivateLabel": false,
    "IsBiffe": false,
    "WeightconversionFactor": "0",
    "IsWeightArticle": false,
    "nutriscoreLabel": "E",
    "IsBio": false,
    "CountryOfOrigin": "BELGIË",
    "IsExclusivelySoldInLuxembourg": false,
    "OrderUnit": "P",
    "ShortName": "OETK GEBAKSGLAZUUR 100G",
    "IsNew": false,
    "RecentQuanityOfStockUnits": "1",
    "LongName": "DR.OETKER gebaksglazuur 100g",
    "AlcoholVolume": "0",
    "FicCode": "E"
  },
  {
    "productId": "978793",
    "technicalArticleNumber": "4777913",
    "commercialArticleNumber": "9081",
    "name": "soep 9 Groenteweelde",
    "brand": "LIEBIG",
    "seoBrand": "Liebig Délisoup",
    "thumbNail": "https://static.colruytgroup.com/images/200x200/std.lang.all/79/29/asset-3377929.jpg",
    "fullImage": "https://static.colruytgroup.com/images/500x500/std.lang.all/79/29/asset-3377929.jpg",
    "squareImage": "https://static.colruytgroup.com/images/500x500sq/std.lang.all/79/29/asset-3377929.jpg",
    "content": "2x350ml",
    "walkRouteSequenceNumber": 16948,
    "price": {
      "basicPrice": 2.99,
      "recommendedQuantity": "1.0",
      "measurementUnitPrice": 4.28,
      "measurementUnit": "L",
      "isRedPrice": false,
      "pricePerUOM": 4.28,
      "activationDate": "12-03-2024",
      "recordSource": "Offline",
      "isPromoActive": "N",
      "priceChangeCode": "E"
    },
    "isAvailable": true,
    "isPriceAvailable": true,
    "inPromo": false,
    "gtin": [
      "05414972116174"
    ],
    "topCategoryName": "Kruidenierswaren/Droge voeding",
    "topCategoryId": "233",
    "businessDomain": "RETAIL_BE",
    "IsPrivateLabel": false,
    "IsBiffe": false,
    "WeightconversionFactor": "0",
    "IsWeightArticle": false,
    "nutriscoreLabel": "B",
    "IsBio": false,
    "CountryOfOrigin": "FRANKRIJK",
    "IsExclusivelySoldInLuxembourg": false,
    "OrderUnit": "P",
    "ShortName": "LIEB 9GROENT.WE.2X350ML",
    "IsNew": false,
    "EcoscoreLabel": "B",
    "RecentQuanityOfStockUnits": "1",
    "LongName": "LIEBIG soep 9 Groenteweelde 2x350ml",
    "AlcoholVolume": "0",
    "FicCode": "E",
    "EcoscoreValue": "78"
  },
  {
    "productId": "818469",
    "technicalArticleNumber": "4648938",
    "commercialArticleNumber": "1056",
    "name": "mayonaise traiteur",
    "brand": "LA WILLIAM",
    "seoBrand": "La William",
    "thumbNail": "https://static.colruytgroup.com/images/200x200/std.lang.all/37/84/asset-2883784.jpg",
    "fullImage": "https://static.colruytgroup.com/images/500x500/std.lang.all/37/84/asset-2883784.jpg",
    "squareImage": "https://static.colruytgroup.com/images/500x500sq/std.lang.all/37/84/asset-2883784.jpg",
    "content": "650ml",
    "walkRouteSequenceNumber": 8089,
    "price": {
      "basicPrice": 7.69,
      "recommendedQuantity": "1.0",
      "measurementUnitPrice": 11.84,
      "measurementUnit": "L",
      "isRedPrice": false,
      "pricePerUOM": 11.84,
      "activationDate": "02-02-2024",
      "recordSource": "Offline",
      "isPromoActive": "N",
      "priceChangeCode": "E"
    },
    "isAvailable": true,
    "isPriceAvailable": true,
    "inPromo": false,
    "gtin": [
      "05410426009009",
      "05410426009016"
    ],
    "topCategoryName": "Kruidenierswaren/Droge voeding",
    "topCategoryId": "233",
    "businessDomain": "RETAIL_BE",
    "IsPrivateLabel": false,
    "IsBiffe": false,
    "WeightconversionFactor": "0",
    "IsWeightArticle": false,
    "nutriscoreLabel": "D",
    "IsBio": false,
    "CountryOfOrigin": "BELGIË",
    "IsExclusivelySoldInLuxembourg": false,
    "OrderUnit": "P",
    "ShortName": "WILL MAYO TRAITEUR650ML",
    "IsNew": false,
    "EcoscoreLabel": "B",
    "RecentQuanityOfStockUnits": "1",
    "LongName": "LA WILLIAM mayonaise traiteur 650ml",
    "FicCode": "E",
    "EcoscoreValue": "67"
  },
  {
    "productId": "380428",
    "technicalArticleNumber": "3836214",
    "commercialArticleNumber": "17875",
    "name": "paprika zacht asta",
    "brand": "FLAVORI",
    "seoBrand": "Flavori",
    "thumbNail": "https://static.colruytgroup.com/images/200x200/std.lang.all/43/96/asset-1464396.jpg",
    "fullImage": "https://static.colruytgroup.com/images/500x500/std.lang.all/43/96/asset-1464396.jpg",
    "squareImage": "https://static.colruytgroup.com/images/500x500sq/std.lang.all/43/96/asset-1464396.jpg",
    "content": "100g",
    "walkRouteSequenceNumber": 6400,
    "price": {
      "basicPrice": 1.99,
      "recommendedQuantity": "1.0",
      "measurementUnitPrice": 19.9,
      "measurementUnit": "K",
      "isRedPrice": false,
      "pricePerUOM": 19.9,
      "activationDate": "27-02-2024",
      "isPromoActive": "N",
      "priceChangeCode": "H"
    },
    "isAvailable": true,
    "isPriceAvailable": true,
    "inPromo": false,
    "gtin": [
      "15414189725371",
      "05414189725374",
      "05414189806738"
    ],
    "topCategoryName": "Kruidenierswaren/Droge voeding",
    "topCategoryId": "233",
    "businessDomain": "RETAIL_BE",
    "IsPrivateLabel": false,
    "IsBiffe": false,
    "WeightconversionFactor": "0",
    "IsWeightArticle": false,
    "nutriscoreLabel": "A",
    "IsBio": false,
    "CountryOfOrigin": "BELGIË",
    "IsExclusivelySoldInLuxembourg": false,
    "OrderUnit": "P",
    "ShortName": "FLAV PAPRIKA ZACHT 100G",
    "IsNew": false,
    "EcoscoreLabel": "E",
    "RecentQuanityOfStockUnits": "1",
    "LongName": "FLAVORI paprika zacht asta 100g",
    "AlcoholVolume": "0",
    "FicCode": "E",
    "EcoscoreValue": "2"
  },
  {
    "productId": "197534",
    "technicalArticleNumber": "3440823",
    "commercialArticleNumber": "50169",
    "name": "wasabi pasta tube",
    "brand": "BLUE DRAGON",
    "seoBrand": "Blue Dragon",
    "thumbNail": "https://static.colruytgroup.com/images/200x200/std.lang.all/95/58/asset-2619558.jpg",
    "fullImage": "https://static.colruytgroup.com/images/500x500/std.lang.all/95/58/asset-2619558.jpg",
    "squareImage": "https://static.colruytgroup.com/images/500x500sq/std.lang.all/95/58/asset-2619558.jpg",
    "content": "45g",
    "walkRouteSequenceNumber": 8667,
    "price": {
      "basicPrice": 4.09,
      "recommendedQuantity": "1.0",
      "measurementUnitPrice": 90.89,
      "measurementUnit": "K",
      "isRedPrice": false,
      "pricePerUOM": 90.89,
      "activationDate": "17-02-2024",
      "recordSource": "Offline",
      "isPromoActive": "N",
      "priceChangeCode": "H"
    },
    "isAvailable": true,
    "isPriceAvailable": true,
    "inPromo": false,
    "gtin": [
      "05010338302887",
      "05010338016265",
      "05015612200729"
    ],
    "topCategoryName": "Kruidenierswaren/Droge voeding",
    "topCategoryId": "233",
    "businessDomain": "RETAIL_BE",
    "IsPrivateLabel": false,
    "IsBiffe": false,
    "WeightconversionFactor": "0",
    "IsWeightArticle": false,
    "nutriscoreLabel": "E",
    "IsBio": false,
    "CountryOfOrigin": "CHINA (VOLKSREBUPLIEK)",
    "IsExclusivelySoldInLuxembourg": false,
    "OrderUnit": "P",
    "ShortName": "BLUE DRAGON WASABI 45G",
    "IsNew": false,
    "RecentQuanityOfStockUnits": "1",
    "LongName": "BLUE DRAGON wasabi pasta tube 45g",
    "AlcoholVolume": "0",
    "FicCode": "E"
  },
  {
    "productId": "110",
    "technicalArticleNumber": "13623",
    "commercialArticleNumber": "13623",
    "name": "Aromat smaakverf. doos",
    "brand": "KNORR",
    "seoBrand": "Knorr",
    "thumbNail": "https://static.colruytgroup.com/images/200x200/std.lang.all/01/19/asset-360119.jpg",
    "fullImage": "https://static.colruytgroup.com/images/500x500/std.lang.all/01/19/asset-360119.jpg",
    "squareImage": "https://static.colruytgroup.com/images/500x500sq/std.lang.all/01/19/asset-360119.jpg",
    "content": "1,1kg",
    "walkRouteSequenceNumber": 6527,
    "price": {
      "basicPrice": 16.99,
      "recommendedQuantity": "1.0",
      "measurementUnitPrice": 15.45,
      "measurementUnit": "K",
      "isRedPrice": false,
      "pricePerUOM": 15.45,
      "activationDate": "14-11-2023",
      "isPromoActive": "N",
      "priceChangeCode": "E"
    },
    "isAvailable": true,
    "isPriceAvailable": true,
    "inPromo": false,
    "gtin": [
      "08711100458005",
      "08711100658009"
    ],
    "topCategoryName": "Kruidenierswaren/Droge voeding",
    "topCategoryId": "233",
    "businessDomain": "RETAIL_BE",
    "IsPrivateLabel": false,
    "IsBiffe": false,
    "WeightconversionFactor": "0",
    "IsWeightArticle": false,
    "nutriscoreLabel": "E",
    "IsBio": false,
    "CountryOfOrigin": "DUITSLAND",
    "IsExclusivelySoldInLuxembourg": false,
    "OrderUnit": "P",
    "ShortName": "HC KNOR AROMAT 1.1KG",
    "IsNew": false,
    "EcoscoreLabel": "E",
    "RecentQuanityOfStockUnits": "1",
    "LongName": "KNORR Aromat smaakverf. doos 1,1kg",
    "AlcoholVolume": "0",
    "FicCode": "E",
    "EcoscoreValue": "2"
  },
  {
    "productId": "11718",
    "technicalArticleNumber": "1414727",
    "commercialArticleNumber": "9242",
    "name": "Thai Rice Noodles bio",
    "description": "*Groot-Brittannië",
    "brand": "KING SOBA",
    "seoBrand": "King Soba",
    "thumbNail": "https://static.colruytgroup.com/images/200x200/std.lang.all/49/41/asset-394941.jpg",
    "fullImage": "https://static.colruytgroup.com/images/500x500/std.lang.all/49/41/asset-394941.jpg",
    "squareImage": "https://static.colruytgroup.com/images/500x500sq/std.lang.all/49/41/asset-394941.jpg",
    "content": "250g",
    "walkRouteSequenceNumber": 8496,
    "price": {
      "basicPrice": 3.49,
      "recommendedQuantity": "1.0",
      "measurementUnitPrice": 13.96,
      "measurementUnit": "K",
      "isRedPrice": false,
      "pricePerUOM": 13.96,
      "activationDate": "06-06-2023",
      "isPromoActive": "N",
      "priceChangeCode": "H"
    },
    "isAvailable": true,
    "isPriceAvailable": true,
    "inPromo": false,
    "gtin": [
      "00619286606006",
      "00619286616005"
    ],
    "topCategoryName": "Kruidenierswaren/Droge voeding",
    "topCategoryId": "233",
    "businessDomain": "RETAIL_BE",
    "IsPrivateLabel": false,
    "IsBiffe": false,
    "WeightconversionFactor": "0",
    "IsWeightArticle": false,
    "nutriscoreLabel": "B",
    "IsBio": true,
    "CountryOfOrigin": "BELGIË",
    "IsExclusivelySoldInLuxembourg": false,
    "OrderUnit": "P",
    "ShortName": "UB BIO THAI.NOODL.250GR",
    "IsNew": false,
    "EcoscoreLabel": "C",
    "RecentQuanityOfStockUnits": "1",
    "LongName": "KING SOBA Thai Rice Noodles bio 250g",
    "AlcoholVolume": "0",
    "FicCode": "E",
    "EcoscoreValue": "42"
  },
  {
    "productId": "43136",
    "technicalArticleNumber": "2532888",
    "commercialArticleNumber": "15698",
    "name": "soep sm.v.toen jul.tom.bal brik",
    "description": "*Soep in brik\n*Snelle maaltijd\n*Klaar voor gebruik\n*Snelle maaltijd\n*Groentensoep",
    "brand": "KNORR",
    "seoBrand": "Knorr",
    "thumbNail": "https://static.colruytgroup.com/images/200x200/nl_be/60/40/asset-2796040.jpg",
    "fullImage": "https://static.colruytgroup.com/images/500x500/nl_be/60/40/asset-2796040.jpg",
    "squareImage": "https://static.colruytgroup.com/images/500x500sq/nl_be/60/40/asset-2796040.jpg",
    "content": "1L",
    "walkRouteSequenceNumber": 16953,
    "price": {
      "basicPrice": 4.23,
      "recommendedQuantity": "2.0",
      "measurementUnitPrice": 4.23,
      "measurementUnit": "L",
      "isRedPrice": false,
      "pricePerUOM": 4.23,
      "activationDate": "21-03-2024",
      "recordSource": "Folder",
      "isPromoActive": "N",
      "priceChangeCode": "H"
    },
    "isAvailable": true,
    "isPriceAvailable": true,
    "inPromo": true,
    "promotion": [
      {
        "techPromoId": "100943COLR",
        "promotionId": "100943",
        "promotionType": "3",
        "isPersonalized": "N",
        "publicationStartDate": "13-03-2024",
        "publicationEndDate": "26-03-2024"
      }
    ],
    "gtin": [
      "08712566669455",
      "08712566191673",
      "05400141001969"
    ],
    "topCategoryName": "Kruidenierswaren/Droge voeding",
    "topCategoryId": "233",
    "businessDomain": "RETAIL_BE",
    "IsPrivateLabel": false,
    "IsBiffe": false,
    "WeightconversionFactor": "0",
    "IsWeightArticle": false,
    "nutriscoreLabel": "C",
    "IsBio": false,
    "CountryOfOrigin": "POLEN",
    "IsExclusivelySoldInLuxembourg": false,
    "OrderUnit": "P",
    "ShortName": "KN SVT JUL.TOM.BAL 1L",
    "IsNew": false,
    "EcoscoreLabel": "D",
    "RecentQuanityOfStockUnits": "2,1,8",
    "LongName": "KNORR soep sm.v.toen jul.tom.bal brik 1L",
    "AlcoholVolume": "0",
    "FicCode": "E",
    "EcoscoreValue": "32"
  },
  {
    "productId": "161645",
    "technicalArticleNumber": "3290698",
    "commercialArticleNumber": "44766",
    "name": "banketbakkersroom",
    "description": "*Melk toevoegen",
    "brand": "DR.OETKER",
    "seoBrand": "Dr.Oetker",
    "thumbNail": "https://static.colruytgroup.com/images/200x200/std.lang.all/13/69/asset-1211369.jpg",
    "fullImage": "https://static.colruytgroup.com/images/500x500/std.lang.all/13/69/asset-1211369.jpg",
    "squareImage": "https://static.colruytgroup.com/images/500x500sq/std.lang.all/13/69/asset-1211369.jpg",
    "content": "125g",
    "walkRouteSequenceNumber": 9587,
    "price": {
      "basicPrice": 2.07,
      "recommendedQuantity": "1.0",
      "quantityPrice": 1.96,
      "quantityPriceQuantity": "3.0",
      "measurementUnitPrice": 16.56,
      "measurementUnitQuantityPrice": 15.68,
      "measurementUnit": "K",
      "isRedPrice": false,
      "pricePerUOM": 16.56,
      "activationDate": "20-03-2024",
      "recordSource": "Offline",
      "isPromoActive": "N",
      "priceChangeCode": "E",
      "quantityPricePerUOM": 15.68,
      "quantityActivationDate": "20-03-2024",
      "quantityPriceChangeCode": "H"
    },
    "isAvailable": true,
    "isPriceAvailable": true,
    "inPromo": false,
    "gtin": [
      "05410231058728",
      "05410231065740",
      "05410231065726"
    ],
    "topCategoryName": "Kruidenierswaren/Droge voeding",
    "topCategoryId": "233",
    "businessDomain": "RETAIL_BE",
    "IsPrivateLabel": false,
    "IsBiffe": false,
    "WeightconversionFactor": "0",
    "IsWeightArticle": false,
    "nutriscoreLabel": "C",
    "IsBio": false,
    "CountryOfOrigin": "FRANKRIJK",
    "IsExclusivelySoldInLuxembourg": false,
    "OrderUnit": "P",
    "ShortName": "OETK BANKETROOM 125G",
    "IsNew": false,
    "RecentQuanityOfStockUnits": "1",
    "LongName": "DR.OETKER banketbakkersroom 125g",
    "AlcoholVolume": "0",
    "FicCode": "E"
  },
  {
    "productId": "889826",
    "technicalArticleNumber": "4750271",
    "commercialArticleNumber": "5892",
    "name": "Samourai",
    "brand": "PAUWELS",
    "seoBrand": "Pauwels",
    "thumbNail": "https://static.colruytgroup.com/images/200x200/std.lang.all/02/98/asset-3280298.jpg",
    "fullImage": "https://static.colruytgroup.com/images/500x500/std.lang.all/02/98/asset-3280298.jpg",
    "squareImage": "https://static.colruytgroup.com/images/500x500sq/std.lang.all/02/98/asset-3280298.jpg",
    "content": "465g",
    "walkRouteSequenceNumber": 8147,
    "price": {
      "basicPrice": 4.99,
      "recommendedQuantity": "1.0",
      "measurementUnitPrice": 10.74,
      "measurementUnit": "K",
      "isRedPrice": false,
      "pricePerUOM": 10.74,
      "activationDate": "14-02-2024",
      "isPromoActive": "N",
      "priceChangeCode": "H"
    },
    "isAvailable": true,
    "isPriceAvailable": true,
    "inPromo": false,
    "gtin": [
      "05410832606045",
      "05410832139543"
    ],
    "topCategoryName": "Kruidenierswaren/Droge voeding",
    "topCategoryId": "233",
    "businessDomain": "RETAIL_BE",
    "IsPrivateLabel": false,
    "IsBiffe": false,
    "WeightconversionFactor": "0",
    "IsWeightArticle": false,
    "IsBio": false,
    "CountryOfOrigin": "BELGIË",
    "IsExclusivelySoldInLuxembourg": false,
    "OrderUnit": "P",
    "ShortName": "PAUW SAMOURAI 465G",
    "IsNew": false,
    "EcoscoreLabel": "D",
    "RecentQuanityOfStockUnits": "1",
    "LongName": "PAUWELS Samourai 465g",
    "FicCode": "E",
    "EcoscoreValue": "34"
  },
  {
    "productId": "838",
    "technicalArticleNumber": "13123",
    "commercialArticleNumber": "13123",
    "name": "olijfolie extra vierge",
    "description": "*Koude en warme\nbereidingen\n*Mengeling uit\nEuropa",
    "brand": "CORICELLI",
    "seoBrand": "Pietro Coricelli",
    "thumbNail": "https://static.colruytgroup.com/images/200x200/std.lang.all/15/98/asset-391598.jpg",
    "fullImage": "https://static.colruytgroup.com/images/500x500/std.lang.all/15/98/asset-391598.jpg",
    "squareImage": "https://static.colruytgroup.com/images/500x500sq/std.lang.all/15/98/asset-391598.jpg",
    "content": "3L",
    "walkRouteSequenceNumber": 8963,
    "price": {
      "basicPrice": 41.61,
      "recommendedQuantity": "1.0",
      "measurementUnitPrice": 13.87,
      "measurementUnit": "L",
      "isRedPrice": false,
      "pricePerUOM": 13.87,
      "activationDate": "20-02-2024",
      "isPromoActive": "N",
      "priceChangeCode": "H"
    },
    "isAvailable": true,
    "isPriceAvailable": true,
    "inPromo": false,
    "gtin": [
      "08004275001160",
      "08004275091161"
    ],
    "topCategoryName": "Kruidenierswaren/Droge voeding",
    "topCategoryId": "233",
    "businessDomain": "RETAIL_BE",
    "IsPrivateLabel": false,
    "IsBiffe": false,
    "WeightconversionFactor": "0",
    "IsWeightArticle": false,
    "nutriscoreLabel": "B",
    "IsBio": false,
    "CountryOfOrigin": "BELGIË",
    "IsExclusivelySoldInLuxembourg": false,
    "OrderUnit": "P",
    "ShortName": "COR OLYFOLI EXT VIERG3L",
    "IsNew": false,
    "EcoscoreLabel": "D",
    "RecentQuanityOfStockUnits": "1",
    "LongName": "CORICELLI olijfolie extra vierge 3L",
    "AlcoholVolume": "0",
    "FicCode": "E",
    "EcoscoreValue": "27"
  },
  {
    "productId": "9635",
    "technicalArticleNumber": "1124180",
    "commercialArticleNumber": "13700",
    "name": "peper wit gemalen",
    "brand": "BONI BIO",
    "seoBrand": "Boni Selection Bio",
    "thumbNail": "https://static.colruytgroup.com/images/200x200/std.lang.all/80/59/asset-3348059.jpg",
    "fullImage": "https://static.colruytgroup.com/images/500x500/std.lang.all/80/59/asset-3348059.jpg",
    "squareImage": "https://static.colruytgroup.com/images/500x500sq/std.lang.all/80/59/asset-3348059.jpg",
    "content": "50g",
    "walkRouteSequenceNumber": 6460,
    "price": {
      "basicPrice": 2.99,
      "recommendedQuantity": "1.0",
      "measurementUnitPrice": 59.8,
      "measurementUnit": "K",
      "isRedPrice": false,
      "pricePerUOM": 59.8,
      "activationDate": "13-02-2024",
      "recordSource": "Offline",
      "isPromoActive": "N",
      "priceChangeCode": "E"
    },
    "isAvailable": true,
    "isPriceAvailable": true,
    "inPromo": false,
    "gtin": [
      "05400141098471",
      "05400141137002",
      "05400141155990",
      "05400141264531",
      "05400141368185",
      "15400141368182",
      "35400141368186"
    ],
    "topCategoryName": "Kruidenierswaren/Droge voeding",
    "topCategoryId": "233",
    "businessDomain": "RETAIL_BE",
    "IsPrivateLabel": true,
    "IsBiffe": false,
    "WeightconversionFactor": "0",
    "IsWeightArticle": false,
    "nutriscoreLabel": "A",
    "IsBio": true,
    "CountryOfOrigin": "INDIA",
    "IsExclusivelySoldInLuxembourg": false,
    "OrderUnit": "P",
    "ShortName": "UB BIO WIT.PEPER GEM50G",
    "IsNew": false,
    "EcoscoreLabel": "D",
    "RecentQuanityOfStockUnits": "1",
    "LongName": "BONI BIO peper wit gemalen 50g",
    "AlcoholVolume": "0",
    "FicCode": "I",
    "EcoscoreValue": "33"
  },
  {
    "productId": "584960",
    "technicalArticleNumber": "4240313",
    "commercialArticleNumber": "19379",
    "name": "pili-pili saus",
    "brand": "HALWA",
    "seoBrand": "Halwa",
    "thumbNail": "https://static.colruytgroup.com/images/200x200/std.lang.all/84/45/asset-2388445.jpg",
    "fullImage": "https://static.colruytgroup.com/images/500x500/std.lang.all/84/45/asset-2388445.jpg",
    "squareImage": "https://static.colruytgroup.com/images/500x500sq/std.lang.all/84/45/asset-2388445.jpg",
    "content": "250ml",
    "walkRouteSequenceNumber": 8178,
    "price": {
      "basicPrice": 1.99,
      "recommendedQuantity": "1.0",
      "measurementUnitPrice": 7.96,
      "measurementUnit": "L",
      "isRedPrice": false,
      "pricePerUOM": 7.96,
      "activationDate": "22-11-2022",
      "isPromoActive": "N",
      "priceChangeCode": "H"
    },
    "isAvailable": true,
    "isPriceAvailable": true,
    "inPromo": false,
    "gtin": [
      "05420058020853",
      "05420058020846",
      "05420058039992"
    ],
    "topCategoryName": "Kruidenierswaren/Droge voeding",
    "topCategoryId": "233",
    "businessDomain": "RETAIL_BE",
    "IsPrivateLabel": false,
    "IsBiffe": false,
    "WeightconversionFactor": "0",
    "IsWeightArticle": false,
    "nutriscoreLabel": "D",
    "IsBio": false,
    "CountryOfOrigin": "BELGIË",
    "IsExclusivelySoldInLuxembourg": false,
    "OrderUnit": "P",
    "ShortName": "HALW PILI-PILI SAUS250",
    "InSeason": true,
    "IsNew": false,
    "EcoscoreLabel": "C",
    "RecentQuanityOfStockUnits": "1",
    "LongName": "HALWA pili-pili saus 250ml",
    "StartSeasonDate": "10/02/2021",
    "FicCode": "E",
    "EcoscoreValue": "58"
  },
  {
    "productId": "378157",
    "technicalArticleNumber": "3851164",
    "commercialArticleNumber": "21069",
    "name": "mosterd",
    "brand": "ECONOM",
    "seoBrand": "Econom",
    "thumbNail": "https://static.colruytgroup.com/images/200x200/std.lang.all/56/98/asset-1575698.jpg",
    "fullImage": "https://static.colruytgroup.com/images/500x500/std.lang.all/56/98/asset-1575698.jpg",
    "squareImage": "https://static.colruytgroup.com/images/500x500sq/std.lang.all/56/98/asset-1575698.jpg",
    "content": "2,1kg",
    "walkRouteSequenceNumber": 8232,
    "price": {
      "basicPrice": 6.79,
      "recommendedQuantity": "1.0",
      "measurementUnitPrice": 3.24,
      "measurementUnit": "K",
      "isRedPrice": false,
      "pricePerUOM": 3.24,
      "activationDate": "03-05-2023",
      "isPromoActive": "N",
      "priceChangeCode": "E"
    },
    "isAvailable": true,
    "isPriceAvailable": true,
    "inPromo": false,
    "gtin": [
      "05404009104151",
      "15400141233206",
      "15404009104158",
      "05400141233209"
    ],
    "topCategoryName": "Kruidenierswaren/Droge voeding",
    "topCategoryId": "233",
    "businessDomain": "RETAIL_BE",
    "IsPrivateLabel": true,
    "IsBiffe": false,
    "WeightconversionFactor": "0",
    "IsWeightArticle": false,
    "nutriscoreLabel": "C",
    "IsBio": false,
    "CountryOfOrigin": "BELGIË",
    "IsExclusivelySoldInLuxembourg": false,
    "OrderUnit": "P",
    "ShortName": "HC ECON MOSTERD 2K1",
    "IsNew": false,
    "EcoscoreLabel": "B",
    "RecentQuanityOfStockUnits": "1,6",
    "LongName": "ECONOM mosterd 2,1kg",
    "AlcoholVolume": "0",
    "FicCode": "I",
    "EcoscoreValue": "65"
  },
  {
    "productId": "213568",
    "technicalArticleNumber": "3499861",
    "commercialArticleNumber": "11089",
    "name": "kruiden basilicum",
    "brand": "DUCROS",
    "seoBrand": "Ducros",
    "thumbNail": "https://static.colruytgroup.com/images/200x200/std.lang.all/06/03/asset-2860603.jpg",
    "fullImage": "https://static.colruytgroup.com/images/500x500/std.lang.all/06/03/asset-2860603.jpg",
    "squareImage": "https://static.colruytgroup.com/images/500x500sq/std.lang.all/06/03/asset-2860603.jpg",
    "content": "11g",
    "walkRouteSequenceNumber": 6459,
    "price": {
      "basicPrice": 2.84,
      "recommendedQuantity": "1.0",
      "quantityPrice": 1.42,
      "quantityPriceQuantity": "2.0",
      "measurementUnitPrice": 258.19,
      "measurementUnitQuantityPrice": 129.1,
      "measurementUnit": "K",
      "isRedPrice": false,
      "pricePerUOM": 258.19,
      "activationDate": "20-03-2024",
      "recordSource": "Offline",
      "isPromoActive": "N",
      "priceChangeCode": "E",
      "quantityPricePerUOM": 129.1,
      "quantityActivationDate": "20-03-2024",
      "quantityPriceChangeCode": "L"
    },
    "isAvailable": true,
    "isPriceAvailable": true,
    "inPromo": false,
    "gtin": [
      "03166296208258",
      "03166296203123"
    ],
    "topCategoryName": "Kruidenierswaren/Droge voeding",
    "topCategoryId": "233",
    "businessDomain": "RETAIL_BE",
    "IsPrivateLabel": false,
    "IsBiffe": false,
    "WeightconversionFactor": "0",
    "IsWeightArticle": false,
    "nutriscoreLabel": "A",
    "IsBio": false,
    "CountryOfOrigin": "EGYPTE",
    "IsExclusivelySoldInLuxembourg": false,
    "OrderUnit": "P",
    "ShortName": "DUCROS BASILICUM 11G",
    "IsNew": false,
    "EcoscoreLabel": "C",
    "RecentQuanityOfStockUnits": "1",
    "LongName": "DUCROS kruiden basilicum 11g",
    "AlcoholVolume": "0",
    "FicCode": "E",
    "EcoscoreValue": "43"
  },
  {
    "productId": "916824",
    "technicalArticleNumber": "4761109",
    "commercialArticleNumber": "11542",
    "name": "Alternatief | Rietsuiker",
    "brand": "CANDEREL",
    "seoBrand": "Canderel",
    "thumbNail": "https://static.colruytgroup.com/images/200x200/std.lang.all/10/32/asset-3321032.jpg",
    "fullImage": "https://static.colruytgroup.com/images/500x500/std.lang.all/10/32/asset-3321032.jpg",
    "squareImage": "https://static.colruytgroup.com/images/500x500sq/std.lang.all/10/32/asset-3321032.jpg",
    "content": "200g",
    "walkRouteSequenceNumber": 9180,
    "price": {
      "basicPrice": 5.61,
      "recommendedQuantity": "1.0",
      "measurementUnitPrice": 28.05,
      "measurementUnit": "K",
      "isRedPrice": false,
      "pricePerUOM": 28.05,
      "activationDate": "13-03-2024",
      "isPromoActive": "Y",
      "priceChangeCode": "E"
    },
    "isAvailable": true,
    "isPriceAvailable": true,
    "inPromo": true,
    "promotion": [
      {
        "techPromoId": "100867COLR",
        "promotionId": "100867",
        "promotionType": "3",
        "isPersonalized": "N",
        "publicationStartDate": "13-03-2024",
        "publicationEndDate": "26-03-2024"
      }
    ],
    "gtin": [
      "07630486403571"
    ],
    "topCategoryName": "Kruidenierswaren/Droge voeding",
    "topCategoryId": "233",
    "businessDomain": "RETAIL_BE",
    "IsPrivateLabel": false,
    "IsBiffe": false,
    "WeightconversionFactor": "0",
    "IsWeightArticle": false,
    "nutriscoreLabel": "A",
    "IsBio": false,
    "CountryOfOrigin": "TSJECHIË (REPUBLIEK)",
    "IsExclusivelySoldInLuxembourg": false,
    "OrderUnit": "P",
    "ShortName": "CAND ALT.RIETSUIKER 200",
    "IsNew": false,
    "RecentQuanityOfStockUnits": "1",
    "LongName": "CANDEREL Alternatief | Rietsuiker 200g",
    "FicCode": "E"
  },
  {
    "productId": "423411",
    "technicalArticleNumber": "3933749",
    "commercialArticleNumber": "1059",
    "name": "Aspergesaus",
    "description": "*Droge saus\n*Zachte smaak\n*Makkelijk doseren\n*Warm gerecht\n*Klaar voor gebruik",
    "brand": "KNORR",
    "seoBrand": "Knorr",
    "thumbNail": "https://static.colruytgroup.com/images/200x200/std.lang.all/04/18/asset-1700418.jpg",
    "fullImage": "https://static.colruytgroup.com/images/500x500/std.lang.all/04/18/asset-1700418.jpg",
    "squareImage": "https://static.colruytgroup.com/images/500x500sq/std.lang.all/04/18/asset-1700418.jpg",
    "content": "30g",
    "walkRouteSequenceNumber": 8276,
    "price": {
      "basicPrice": 1.53,
      "recommendedQuantity": "5.0",
      "measurementUnitPrice": 51,
      "measurementUnit": "K",
      "isRedPrice": false,
      "pricePerUOM": 51,
      "activationDate": "02-02-2024",
      "recordSource": "Offline",
      "isPromoActive": "N",
      "priceChangeCode": "H"
    },
    "isAvailable": true,
    "isPriceAvailable": true,
    "inPromo": false,
    "gtin": [
      "15400141001812",
      "08714100876152",
      "08714100876763",
      "05400141001815"
    ],
    "topCategoryName": "Kruidenierswaren/Droge voeding",
    "topCategoryId": "233",
    "businessDomain": "RETAIL_BE",
    "IsPrivateLabel": false,
    "IsBiffe": false,
    "WeightconversionFactor": "0",
    "IsWeightArticle": false,
    "nutriscoreLabel": "D",
    "IsBio": false,
    "CountryOfOrigin": "DUITSLAND",
    "IsExclusivelySoldInLuxembourg": false,
    "OrderUnit": "P",
    "ShortName": "KNOR ASPERGESAUS 30G",
    "IsNew": false,
    "RecentQuanityOfStockUnits": "1,5",
    "LongName": "KNORR Aspergesaus 30g",
    "FicCode": "E"
  },
  {
    "productId": "774510",
    "technicalArticleNumber": "4563904",
    "commercialArticleNumber": "1523",
    "name": "tomaat bruschetta",
    "brand": "WONKY",
    "seoBrand": "Wonky",
    "thumbNail": "https://static.colruytgroup.com/images/200x200/std.lang.all/92/79/asset-2759279.jpg",
    "fullImage": "https://static.colruytgroup.com/images/500x500/std.lang.all/92/79/asset-2759279.jpg",
    "squareImage": "https://static.colruytgroup.com/images/500x500sq/std.lang.all/92/79/asset-2759279.jpg",
    "content": "150g",
    "walkRouteSequenceNumber": 7761,
    "price": {
      "basicPrice": 2.99,
      "recommendedQuantity": "1.0",
      "quantityPrice": 2.75,
      "quantityPriceQuantity": "3.0",
      "measurementUnitPrice": 19.94,
      "measurementUnitQuantityPrice": 18.34,
      "measurementUnit": "K",
      "isRedPrice": false,
      "pricePerUOM": 19.94,
      "activationDate": "03-11-2022",
      "isPromoActive": "N",
      "priceChangeCode": "E",
      "quantityPricePerUOM": 18.34,
      "quantityActivationDate": "03-11-2022",
      "quantityPriceChangeCode": "H"
    },
    "isAvailable": true,
    "isPriceAvailable": true,
    "inPromo": false,
    "gtin": [
      "05425001808625",
      "25425001808629"
    ],
    "topCategoryName": "Chips/Borrelhapjes",
    "topCategoryId": "306",
    "businessDomain": "RETAIL_BE",
    "IsPrivateLabel": false,
    "IsBiffe": false,
    "WeightconversionFactor": "0",
    "IsWeightArticle": false,
    "nutriscoreLabel": "C",
    "IsBio": false,
    "CountryOfOrigin": "BELGIË",
    "IsExclusivelySoldInLuxembourg": false,
    "OrderUnit": "P",
    "ShortName": "WONK TOM.BRUSCHET.150G",
    "IsNew": false,
    "EcoscoreLabel": "B",
    "RecentQuanityOfStockUnits": "1",
    "LongName": "WONKY tomaat bruschetta 150g",
    "FicCode": "E",
    "EcoscoreValue": "69"
  },
  {
    "productId": "86942",
    "technicalArticleNumber": "3022358",
    "commercialArticleNumber": "19246",
    "name": "bloem gluten-en lactosevrij",
    "description": "*Lactosevrij\n*Glutenvrij",
    "brand": "SCHÄR",
    "seoBrand": "Schär",
    "thumbNail": "https://static.colruytgroup.com/images/200x200/std.lang.all/97/58/asset-2919758.jpg",
    "fullImage": "https://static.colruytgroup.com/images/500x500/std.lang.all/97/58/asset-2919758.jpg",
    "squareImage": "https://static.colruytgroup.com/images/500x500sq/std.lang.all/97/58/asset-2919758.jpg",
    "content": "1kg",
    "walkRouteSequenceNumber": 9579,
    "price": {
      "basicPrice": 4.15,
      "recommendedQuantity": "1.0",
      "measurementUnitPrice": 4.15,
      "measurementUnit": "K",
      "isRedPrice": false,
      "pricePerUOM": 4.15,
      "activationDate": "29-02-2024",
      "recordSource": "Offline",
      "isPromoActive": "N",
      "priceChangeCode": "L"
    },
    "isAvailable": true,
    "isPriceAvailable": true,
    "inPromo": false,
    "gtin": [
      "08008698001134",
      "08008698005118"
    ],
    "topCategoryName": "Kruidenierswaren/Droge voeding",
    "topCategoryId": "233",
    "businessDomain": "RETAIL_BE",
    "IsPrivateLabel": false,
    "IsBiffe": false,
    "WeightconversionFactor": "0",
    "IsWeightArticle": false,
    "nutriscoreLabel": "B",
    "IsBio": false,
    "CountryOfOrigin": "ITALIË",
    "IsExclusivelySoldInLuxembourg": false,
    "OrderUnit": "P",
    "ShortName": "SCHAR BLOEM ZG 1K",
    "IsNew": false,
    "EcoscoreLabel": "E",
    "RecentQuanityOfStockUnits": "1",
    "LongName": "SCHÄR bloem gluten-en lactosevrij 1kg",
    "AlcoholVolume": "0",
    "FicCode": "E",
    "EcoscoreValue": "7"
  },
  {
    "productId": "863432",
    "technicalArticleNumber": "4714833",
    "commercialArticleNumber": "31914",
    "name": "Crunchy Bread Vit. Glutenvrij",
    "description": "Glutenvrij",
    "brand": "SCHAR",
    "seoBrand": "Schär",
    "thumbNail": "https://static.colruytgroup.com/images/200x200/std.lang.all/01/51/asset-3220151.jpg",
    "fullImage": "https://static.colruytgroup.com/images/500x500/std.lang.all/01/51/asset-3220151.jpg",
    "squareImage": "https://static.colruytgroup.com/images/500x500sq/std.lang.all/01/51/asset-3220151.jpg",
    "content": "150g",
    "walkRouteSequenceNumber": 17014,
    "price": {
      "basicPrice": 3.14,
      "recommendedQuantity": "1.0",
      "measurementUnitPrice": 20.94,
      "measurementUnit": "K",
      "isRedPrice": false,
      "pricePerUOM": 20.94,
      "activationDate": "23-03-2024",
      "isPromoActive": "N",
      "priceChangeCode": "L"
    },
    "isAvailable": true,
    "isPriceAvailable": true,
    "inPromo": false,
    "gtin": [
      "08008698040805"
    ],
    "topCategoryName": "Brood/Ontbijt",
    "topCategoryId": "124",
    "businessDomain": "RETAIL_BE",
    "IsPrivateLabel": false,
    "IsBiffe": false,
    "WeightconversionFactor": "0",
    "IsWeightArticle": false,
    "nutriscoreLabel": "D",
    "IsBio": false,
    "CountryOfOrigin": "FRANKRIJK",
    "IsExclusivelySoldInLuxembourg": false,
    "OrderUnit": "P",
    "ShortName": "SCHA CRUN.BREAD VIT.150",
    "IsNew": false,
    "EcoscoreLabel": "B",
    "RecentQuanityOfStockUnits": "1,8",
    "LongName": "SCHAR Crunchy Bread Vit. Glutenvrij 150g",
    "AlcoholVolume": "0",
    "FicCode": "E",
    "EcoscoreValue": "67"
  },
  {
    "productId": "61",
    "technicalArticleNumber": "14016",
    "commercialArticleNumber": "14016",
    "name": "pudding powder chocolade",
    "description": "Op basis van geselecteerde\nmeelsoorten. Kookpudding. Koud of\nwarm opdienen. Met chocoladesmaak.\n.",
    "brand": "IMPERIAL",
    "seoBrand": "Imperial",
    "thumbNail": "https://static.colruytgroup.com/images/200x200/std.lang.all/61/02/asset-3176102.jpg",
    "fullImage": "https://static.colruytgroup.com/images/500x500/std.lang.all/61/02/asset-3176102.jpg",
    "squareImage": "https://static.colruytgroup.com/images/500x500sq/std.lang.all/61/02/asset-3176102.jpg",
    "content": "750g",
    "walkRouteSequenceNumber": 9574,
    "price": {
      "basicPrice": 6.19,
      "recommendedQuantity": "1.0",
      "measurementUnitPrice": 8.26,
      "measurementUnit": "K",
      "isRedPrice": false,
      "pricePerUOM": 8.26,
      "activationDate": "18-04-2023",
      "isPromoActive": "N",
      "priceChangeCode": "H"
    },
    "isAvailable": true,
    "isPriceAvailable": true,
    "inPromo": false,
    "gtin": [
      "05410056716650",
      "05410056014213"
    ],
    "topCategoryName": "Kruidenierswaren/Droge voeding",
    "topCategoryId": "233",
    "businessDomain": "RETAIL_BE",
    "IsPrivateLabel": false,
    "IsBiffe": false,
    "WeightconversionFactor": "0",
    "IsWeightArticle": false,
    "nutriscoreLabel": "C",
    "IsBio": false,
    "CountryOfOrigin": "BELGIË",
    "IsExclusivelySoldInLuxembourg": false,
    "OrderUnit": "P",
    "ShortName": "IMPER PUDD CHOCOL 750GR",
    "InSeason": true,
    "IsNew": false,
    "RecentQuanityOfStockUnits": "1,6",
    "LongName": "IMPERIAL pudding powder chocolade 750g",
    "AlcoholVolume": "0",
    "StartSeasonDate": "15/06/2020",
    "FicCode": "E"
  },
  {
    "productId": "5",
    "technicalArticleNumber": "13719",
    "commercialArticleNumber": "13719",
    "name": "frituurvet",
    "description": "*Frituren\n*Met palmolie",
    "brand": "RESI",
    "seoBrand": "Resi",
    "thumbNail": "https://static.colruytgroup.com/images/200x200/std.lang.all/34/50/asset-1123450.jpg",
    "fullImage": "https://static.colruytgroup.com/images/500x500/std.lang.all/34/50/asset-1123450.jpg",
    "squareImage": "https://static.colruytgroup.com/images/500x500sq/std.lang.all/34/50/asset-1123450.jpg",
    "content": "4x500g",
    "walkRouteSequenceNumber": 8941,
    "price": {
      "basicPrice": 15.39,
      "recommendedQuantity": "1.0",
      "measurementUnitPrice": 7.7,
      "measurementUnit": "K",
      "isRedPrice": false,
      "pricePerUOM": 7.7,
      "activationDate": "14-11-2023",
      "recordSource": "Offline",
      "isPromoActive": "N",
      "priceChangeCode": "E"
    },
    "isAvailable": true,
    "isPriceAvailable": true,
    "inPromo": false,
    "gtin": [
      "05410093910547",
      "05410093010056"
    ],
    "topCategoryName": "Kruidenierswaren/Droge voeding",
    "topCategoryId": "233",
    "businessDomain": "RETAIL_BE",
    "IsPrivateLabel": false,
    "IsBiffe": false,
    "WeightconversionFactor": "0",
    "IsWeightArticle": false,
    "nutriscoreLabel": "D",
    "IsBio": false,
    "CountryOfOrigin": "BELGIË",
    "IsExclusivelySoldInLuxembourg": false,
    "OrderUnit": "P",
    "ShortName": "RESI FRITUURVET 2 KG",
    "IsNew": false,
    "EcoscoreLabel": "C",
    "RecentQuanityOfStockUnits": "1,6",
    "LongName": "RESI frituurvet 4x500g",
    "AlcoholVolume": "0",
    "FicCode": "E",
    "EcoscoreValue": "41"
  },
  {
    "productId": "874462",
    "technicalArticleNumber": "4729319",
    "commercialArticleNumber": "32111",
    "name": "Vanillemolen",
    "brand": "DR.OETKER",
    "seoBrand": "Dr.Oetker",
    "thumbNail": "https://static.colruytgroup.com/images/200x200/std.lang.all/98/82/asset-3219882.jpg",
    "fullImage": "https://static.colruytgroup.com/images/500x500/std.lang.all/98/82/asset-3219882.jpg",
    "squareImage": "https://static.colruytgroup.com/images/500x500sq/std.lang.all/98/82/asset-3219882.jpg",
    "content": "7,5g",
    "walkRouteSequenceNumber": 9433,
    "price": {
      "basicPrice": 9.74,
      "recommendedQuantity": "1.0",
      "quantityPrice": 7.81,
      "quantityPriceQuantity": "3.0",
      "measurementUnitPrice": 1391.43,
      "measurementUnitQuantityPrice": 1115.72,
      "measurementUnit": "K",
      "isRedPrice": false,
      "pricePerUOM": 1391.43,
      "activationDate": "23-03-2024",
      "recordSource": "Offline",
      "isPromoActive": "N",
      "priceChangeCode": "L",
      "quantityPricePerUOM": 1115.72,
      "quantityActivationDate": "23-03-2024",
      "quantityPriceChangeCode": "E"
    },
    "isAvailable": true,
    "isPriceAvailable": true,
    "inPromo": false,
    "gtin": [
      "05410231093644",
      "05410231093620"
    ],
    "topCategoryName": "Kruidenierswaren/Droge voeding",
    "topCategoryId": "233",
    "businessDomain": "RETAIL_BE",
    "IsPrivateLabel": false,
    "IsBiffe": false,
    "WeightconversionFactor": "0",
    "IsWeightArticle": false,
    "IsBio": false,
    "CountryOfOrigin": "DUITSLAND",
    "IsExclusivelySoldInLuxembourg": false,
    "OrderUnit": "P",
    "ShortName": "OETK VANILLEMOLEN 7.5G",
    "IsNew": false,
    "RecentQuanityOfStockUnits": "1",
    "LongName": "DR.OETKER Vanillemolen 7,5g",
    "FicCode": "E"
  },
  {
    "productId": "455647",
    "technicalArticleNumber": "4009566",
    "commercialArticleNumber": "4770",
    "name": "pepermix molen",
    "brand": "BONI",
    "seoBrand": "Boni Selection",
    "thumbNail": "https://static.colruytgroup.com/images/200x200/std.lang.all/07/66/asset-1760766.jpg",
    "fullImage": "https://static.colruytgroup.com/images/500x500/std.lang.all/07/66/asset-1760766.jpg",
    "squareImage": "https://static.colruytgroup.com/images/500x500sq/std.lang.all/07/66/asset-1760766.jpg",
    "content": "26g",
    "walkRouteSequenceNumber": 6439,
    "price": {
      "basicPrice": 1.28,
      "recommendedQuantity": "1.0",
      "measurementUnitPrice": 49.24,
      "measurementUnit": "K",
      "isRedPrice": false,
      "pricePerUOM": 49.24,
      "activationDate": "30-01-2024",
      "recordSource": "Offline",
      "isPromoActive": "N",
      "priceChangeCode": "E"
    },
    "isAvailable": true,
    "isPriceAvailable": true,
    "inPromo": false,
    "gtin": [
      "05400141208221",
      "15400141208228"
    ],
    "topCategoryName": "Kruidenierswaren/Droge voeding",
    "topCategoryId": "233",
    "businessDomain": "RETAIL_BE",
    "IsPrivateLabel": true,
    "IsBiffe": false,
    "WeightconversionFactor": "0",
    "IsWeightArticle": false,
    "nutriscoreLabel": "C",
    "IsBio": false,
    "CountryOfOrigin": "BRAZILIË",
    "IsExclusivelySoldInLuxembourg": false,
    "OrderUnit": "P",
    "ShortName": "BONI PEPERMIX MOLEN 26G",
    "IsNew": false,
    "EcoscoreLabel": "E",
    "RecentQuanityOfStockUnits": "1",
    "LongName": "BONI pepermix molen 26g",
    "FicCode": "I",
    "EcoscoreValue": "14"
  },
  {
    "productId": "591331",
    "technicalArticleNumber": "4249817",
    "commercialArticleNumber": "10785",
    "name": "vegan mayo plantaise",
    "brand": "LA WILLIAM",
    "seoBrand": "La William",
    "thumbNail": "https://static.colruytgroup.com/images/200x200/std.lang.all/57/16/asset-2105716.jpg",
    "fullImage": "https://static.colruytgroup.com/images/500x500/std.lang.all/57/16/asset-2105716.jpg",
    "squareImage": "https://static.colruytgroup.com/images/500x500sq/std.lang.all/57/16/asset-2105716.jpg",
    "content": "300ml",
    "walkRouteSequenceNumber": 8088,
    "price": {
      "basicPrice": 3.52,
      "recommendedQuantity": "1.0",
      "quantityPrice": 2.64,
      "quantityPriceQuantity": "2.0",
      "measurementUnitPrice": 11.74,
      "measurementUnitQuantityPrice": 8.8,
      "measurementUnit": "L",
      "isRedPrice": false,
      "pricePerUOM": 11.74,
      "activationDate": "20-03-2024",
      "recordSource": "Offline",
      "isPromoActive": "N",
      "priceChangeCode": "E",
      "quantityPricePerUOM": 8.8,
      "quantityActivationDate": "20-03-2024",
      "quantityPriceChangeCode": "L"
    },
    "isAvailable": true,
    "isPriceAvailable": true,
    "inPromo": false,
    "gtin": [
      "05410426106845",
      "05410426106852"
    ],
    "topCategoryName": "Kruidenierswaren/Droge voeding",
    "topCategoryId": "233",
    "businessDomain": "RETAIL_BE",
    "IsPrivateLabel": false,
    "IsBiffe": false,
    "WeightconversionFactor": "0",
    "IsWeightArticle": false,
    "nutriscoreLabel": "D",
    "IsBio": false,
    "CountryOfOrigin": "BELGIË",
    "IsExclusivelySoldInLuxembourg": false,
    "OrderUnit": "P",
    "ShortName": "WILL VEG.MAYO PL.300",
    "IsNew": false,
    "EcoscoreLabel": "B",
    "RecentQuanityOfStockUnits": "1,12",
    "LongName": "LA WILLIAM vegan mayo plantaise 300ml",
    "FicCode": "E",
    "EcoscoreValue": "67"
  },
  {
    "productId": "856026",
    "technicalArticleNumber": "4705385",
    "commercialArticleNumber": "31382",
    "name": "pannenkoekenmix",
    "brand": "DR.OETKER",
    "seoBrand": "Dr.Oetker",
    "thumbNail": "https://static.colruytgroup.com/images/200x200/std.lang.all/04/58/asset-3140458.jpg",
    "fullImage": "https://static.colruytgroup.com/images/500x500/std.lang.all/04/58/asset-3140458.jpg",
    "squareImage": "https://static.colruytgroup.com/images/500x500sq/std.lang.all/04/58/asset-3140458.jpg",
    "content": "225g",
    "walkRouteSequenceNumber": 9423,
    "price": {
      "basicPrice": 2.09,
      "recommendedQuantity": "1.0",
      "measurementUnitPrice": 9.29,
      "measurementUnit": "K",
      "isRedPrice": false,
      "pricePerUOM": 9.29,
      "activationDate": "13-03-2024",
      "recordSource": "Offline",
      "isPromoActive": "N",
      "priceChangeCode": "E"
    },
    "isAvailable": true,
    "isPriceAvailable": true,
    "inPromo": true,
    "promotion": [
      {
        "techPromoId": "100927COLR",
        "promotionId": "100927",
        "promotionType": "3",
        "isPersonalized": "N",
        "publicationStartDate": "13-03-2024",
        "publicationEndDate": "26-03-2024"
      }
    ],
    "gtin": [
      "05410231093545",
      "05410231093521"
    ],
    "topCategoryName": "Kruidenierswaren/Droge voeding",
    "topCategoryId": "233",
    "businessDomain": "RETAIL_BE",
    "IsPrivateLabel": false,
    "IsBiffe": false,
    "WeightconversionFactor": "0",
    "IsWeightArticle": false,
    "nutriscoreLabel": "B",
    "IsBio": false,
    "CountryOfOrigin": "NEDERLAND",
    "IsExclusivelySoldInLuxembourg": false,
    "OrderUnit": "P",
    "ShortName": "OETK PANNENKOEKENMIX225",
    "IsNew": false,
    "RecentQuanityOfStockUnits": "1,15",
    "LongName": "DR.OETKER pannenkoekenmix 225g",
    "FicCode": "E"
  },
  {
    "productId": "865854",
    "technicalArticleNumber": "4718113",
    "commercialArticleNumber": "4988",
    "name": "Mix voor koekebrood",
    "brand": "SOUBRY",
    "seoBrand": "Soubry",
    "thumbNail": "https://static.colruytgroup.com/images/200x200/nl_be/76/89/asset-3197689.jpg",
    "fullImage": "https://static.colruytgroup.com/images/500x500/nl_be/76/89/asset-3197689.jpg",
    "squareImage": "https://static.colruytgroup.com/images/500x500sq/nl_be/76/89/asset-3197689.jpg",
    "content": "2kg",
    "walkRouteSequenceNumber": 9722,
    "price": {
      "basicPrice": 7.59,
      "recommendedQuantity": "1.0",
      "measurementUnitPrice": 3.8,
      "measurementUnit": "K",
      "isRedPrice": false,
      "pricePerUOM": 3.8,
      "activationDate": "15-02-2024",
      "recordSource": "Offline",
      "isPromoActive": "N",
      "priceChangeCode": "E"
    },
    "isAvailable": true,
    "isPriceAvailable": true,
    "inPromo": false,
    "gtin": [
      "25410028811370",
      "05410028811307"
    ],
    "topCategoryName": "Kruidenierswaren/Droge voeding",
    "topCategoryId": "233",
    "businessDomain": "RETAIL_BE",
    "IsPrivateLabel": false,
    "IsBiffe": false,
    "WeightconversionFactor": "0",
    "IsWeightArticle": false,
    "IsBio": false,
    "CountryOfOrigin": "BELGIË",
    "IsExclusivelySoldInLuxembourg": false,
    "OrderUnit": "P",
    "ShortName": "SOUB MIX KOEKEBROOD 2KG",
    "IsNew": false,
    "EcoscoreLabel": "A",
    "RecentQuanityOfStockUnits": "1",
    "LongName": "SOUBRY Mix voor koekebrood 2kg",
    "AlcoholVolume": "0",
    "FicCode": "E",
    "EcoscoreValue": "81"
  },
  {
    "productId": "188122",
    "technicalArticleNumber": "3460508",
    "commercialArticleNumber": "50313",
    "name": "soep tomaten crème",
    "description": "*Tomatencrème soep",
    "brand": "BONI",
    "seoBrand": "Boni Selection",
    "thumbNail": "https://static.colruytgroup.com/images/200x200/std.lang.all/11/57/asset-3411157.jpg",
    "fullImage": "https://static.colruytgroup.com/images/500x500/std.lang.all/11/57/asset-3411157.jpg",
    "squareImage": "https://static.colruytgroup.com/images/500x500sq/std.lang.all/11/57/asset-3411157.jpg",
    "content": "460ml",
    "walkRouteSequenceNumber": 16889,
    "price": {
      "basicPrice": 1.49,
      "recommendedQuantity": "3.0",
      "measurementUnitPrice": 3.24,
      "measurementUnit": "L",
      "isRedPrice": false,
      "pricePerUOM": 3.24,
      "activationDate": "08-03-2024",
      "recordSource": "Offline",
      "isPromoActive": "N",
      "priceChangeCode": "L"
    },
    "isAvailable": true,
    "isPriceAvailable": true,
    "inPromo": false,
    "gtin": [
      "05400141243628",
      "05400141236606",
      "05400141381139",
      "15400141243625"
    ],
    "topCategoryName": "Kruidenierswaren/Droge voeding",
    "topCategoryId": "233",
    "businessDomain": "RETAIL_BE",
    "IsPrivateLabel": true,
    "IsBiffe": false,
    "WeightconversionFactor": "0",
    "IsWeightArticle": false,
    "nutriscoreLabel": "B",
    "IsBio": false,
    "CountryOfOrigin": "BELGIË",
    "IsExclusivelySoldInLuxembourg": false,
    "OrderUnit": "P",
    "ShortName": "BONI TOMATENCREME 460ML",
    "InSeason": true,
    "IsNew": false,
    "EcoscoreLabel": "A",
    "RecentQuanityOfStockUnits": "3,1,12",
    "LongName": "BONI soep tomaten crème 460ml",
    "AlcoholVolume": "0",
    "StartSeasonDate": "25/09/2023",
    "FicCode": "I",
    "EcoscoreValue": "100"
  },
  {
    "productId": "51098",
    "technicalArticleNumber": "2194175",
    "commercialArticleNumber": "15396",
    "name": "schrijfstiften 4kleuren",
    "description": "*Voor afwerking\ntaart, gebak",
    "brand": "DR.OETKER",
    "seoBrand": "Dr.Oetker",
    "thumbNail": "https://static.colruytgroup.com/images/200x200/std.lang.all/20/53/asset-1392053.jpg",
    "fullImage": "https://static.colruytgroup.com/images/500x500/std.lang.all/20/53/asset-1392053.jpg",
    "squareImage": "https://static.colruytgroup.com/images/500x500sq/std.lang.all/20/53/asset-1392053.jpg",
    "content": "76g",
    "walkRouteSequenceNumber": 9445,
    "price": {
      "basicPrice": 3.09,
      "recommendedQuantity": "1.0",
      "measurementUnitPrice": 40.66,
      "measurementUnit": "K",
      "isRedPrice": false,
      "pricePerUOM": 40.66,
      "activationDate": "14-11-2023",
      "recordSource": "Offline",
      "isPromoActive": "N",
      "priceChangeCode": "E"
    },
    "isAvailable": true,
    "isPriceAvailable": true,
    "inPromo": false,
    "gtin": [
      "05410231068345",
      "08710466243621"
    ],
    "topCategoryName": "Kruidenierswaren/Droge voeding",
    "topCategoryId": "233",
    "businessDomain": "RETAIL_BE",
    "IsPrivateLabel": false,
    "IsBiffe": false,
    "WeightconversionFactor": "0",
    "IsWeightArticle": false,
    "nutriscoreLabel": "E",
    "IsBio": false,
    "CountryOfOrigin": "BELGIË",
    "IsExclusivelySoldInLuxembourg": false,
    "OrderUnit": "P",
    "ShortName": "OETK STIFTEN 4KLEUR76",
    "IsNew": false,
    "RecentQuanityOfStockUnits": "1",
    "LongName": "DR.OETKER schrijfstiften 4kleuren 76g",
    "AlcoholVolume": "0",
    "FicCode": "E"
  },
  {
    "productId": "514470",
    "technicalArticleNumber": "4095039",
    "commercialArticleNumber": "8263",
    "name": "paella",
    "brand": "BOSTO",
    "seoBrand": "Bosto",
    "thumbNail": "https://static.colruytgroup.com/images/200x200/std.lang.all/95/17/asset-1799517.jpg",
    "fullImage": "https://static.colruytgroup.com/images/500x500/std.lang.all/95/17/asset-1799517.jpg",
    "squareImage": "https://static.colruytgroup.com/images/500x500sq/std.lang.all/95/17/asset-1799517.jpg",
    "content": "1kg",
    "walkRouteSequenceNumber": 8366,
    "price": {
      "basicPrice": 5.67,
      "recommendedQuantity": "1.0",
      "measurementUnitPrice": 5.67,
      "measurementUnit": "K",
      "isRedPrice": false,
      "pricePerUOM": 5.67,
      "activationDate": "30-01-2024",
      "isPromoActive": "N",
      "priceChangeCode": "H"
    },
    "isAvailable": true,
    "isPriceAvailable": true,
    "inPromo": false,
    "gtin": [
      "15410106017352",
      "05410106017348",
      "15410106017345"
    ],
    "topCategoryName": "Kruidenierswaren/Droge voeding",
    "topCategoryId": "233",
    "businessDomain": "RETAIL_BE",
    "IsPrivateLabel": false,
    "IsBiffe": false,
    "WeightconversionFactor": "0",
    "IsWeightArticle": false,
    "nutriscoreLabel": "A",
    "IsBio": false,
    "CountryOfOrigin": "BELGIË",
    "IsExclusivelySoldInLuxembourg": false,
    "OrderUnit": "P",
    "ShortName": "BOST PAELLA 1KG",
    "IsNew": false,
    "EcoscoreLabel": "D",
    "RecentQuanityOfStockUnits": "1,10",
    "LongName": "BOSTO paella 1kg",
    "FicCode": "E",
    "EcoscoreValue": "26"
  },
  {
    "productId": "336299",
    "technicalArticleNumber": "3805147",
    "commercialArticleNumber": "14383",
    "name": "frambozenazijn",
    "description": "*Koude en warme\nbereidingen",
    "brand": "ETOILE",
    "seoBrand": "L'Étoile",
    "thumbNail": "https://static.colruytgroup.com/images/200x200/std.lang.all/87/42/asset-1508742.jpg",
    "fullImage": "https://static.colruytgroup.com/images/500x500/std.lang.all/87/42/asset-1508742.jpg",
    "squareImage": "https://static.colruytgroup.com/images/500x500sq/std.lang.all/87/42/asset-1508742.jpg",
    "content": "500ml",
    "walkRouteSequenceNumber": 9139,
    "price": {
      "basicPrice": 2.69,
      "recommendedQuantity": "1.0",
      "measurementUnitPrice": 5.38,
      "measurementUnit": "L",
      "isRedPrice": false,
      "pricePerUOM": 5.38,
      "activationDate": "20-12-2023",
      "isPromoActive": "N",
      "priceChangeCode": "H"
    },
    "isAvailable": true,
    "isPriceAvailable": true,
    "inPromo": false,
    "gtin": [
      "03104185002587",
      "03104188002584"
    ],
    "topCategoryName": "Kruidenierswaren/Droge voeding",
    "topCategoryId": "233",
    "businessDomain": "RETAIL_BE",
    "IsPrivateLabel": false,
    "IsBiffe": false,
    "WeightconversionFactor": "0",
    "IsWeightArticle": false,
    "nutriscoreLabel": "A",
    "IsBio": false,
    "CountryOfOrigin": "FRANKRIJK",
    "IsExclusivelySoldInLuxembourg": false,
    "OrderUnit": "P",
    "ShortName": "ETOI FRAMBOZENAZIJN 500",
    "InSeason": true,
    "IsNew": false,
    "EcoscoreLabel": "A",
    "RecentQuanityOfStockUnits": "1",
    "LongName": "ETOILE frambozenazijn 500ml",
    "AlcoholVolume": "0",
    "StartSeasonDate": "21/11/2023",
    "FicCode": "E",
    "EcoscoreValue": "93"
  },
  {
    "productId": "129251",
    "technicalArticleNumber": "3253857",
    "commercialArticleNumber": "3787",
    "name": "soep pompoen velouté brik",
    "description": "*Pompoenvelouté",
    "brand": "BONI",
    "seoBrand": "Boni Selection",
    "thumbNail": "https://static.colruytgroup.com/images/200x200/std.lang.all/62/97/asset-1556297.jpg",
    "fullImage": "https://static.colruytgroup.com/images/500x500/std.lang.all/62/97/asset-1556297.jpg",
    "squareImage": "https://static.colruytgroup.com/images/500x500sq/std.lang.all/62/97/asset-1556297.jpg",
    "content": "1L",
    "walkRouteSequenceNumber": 16861,
    "price": {
      "basicPrice": 1.99,
      "recommendedQuantity": "1.0",
      "measurementUnitPrice": 1.99,
      "measurementUnit": "L",
      "isRedPrice": false,
      "pricePerUOM": 1.99,
      "activationDate": "16-01-2024",
      "recordSource": "Offline",
      "isPromoActive": "N",
      "priceChangeCode": "E"
    },
    "isAvailable": true,
    "isPriceAvailable": true,
    "inPromo": false,
    "gtin": [
      "15400141324195",
      "15400141871514",
      "05400141207491",
      "05400141029253",
      "05400141324198",
      "05400141264722"
    ],
    "topCategoryName": "Kruidenierswaren/Droge voeding",
    "topCategoryId": "233",
    "businessDomain": "RETAIL_BE",
    "IsPrivateLabel": true,
    "IsBiffe": false,
    "WeightconversionFactor": "0",
    "IsWeightArticle": false,
    "nutriscoreLabel": "B",
    "IsBio": false,
    "CountryOfOrigin": "FRANKRIJK",
    "IsExclusivelySoldInLuxembourg": false,
    "OrderUnit": "P",
    "ShortName": "BONI POMPOENWEELDE 1L",
    "IsNew": false,
    "EcoscoreLabel": "A",
    "RecentQuanityOfStockUnits": "2,1,8",
    "LongName": "BONI soep pompoen velouté brik 1L",
    "AlcoholVolume": "0",
    "FicCode": "I",
    "EcoscoreValue": "88"
  },
  {
    "productId": "641404",
    "technicalArticleNumber": "4334941",
    "commercialArticleNumber": "18614",
    "name": "rijstnoedels",
    "brand": "SO THAI",
    "seoBrand": "So Thai",
    "thumbNail": "https://static.colruytgroup.com/images/200x200/std.lang.all/97/38/asset-2329738.jpg",
    "fullImage": "https://static.colruytgroup.com/images/500x500/std.lang.all/97/38/asset-2329738.jpg",
    "squareImage": "https://static.colruytgroup.com/images/500x500sq/std.lang.all/97/38/asset-2329738.jpg",
    "content": "400g",
    "walkRouteSequenceNumber": 8495,
    "price": {
      "basicPrice": 4.69,
      "recommendedQuantity": "1.0",
      "measurementUnitPrice": 11.73,
      "measurementUnit": "K",
      "isRedPrice": false,
      "pricePerUOM": 11.73,
      "activationDate": "27-02-2024",
      "recordSource": "Offline",
      "isPromoActive": "N",
      "priceChangeCode": "H"
    },
    "isAvailable": true,
    "isPriceAvailable": true,
    "inPromo": false,
    "gtin": [
      "08715017720705",
      "08715017719587",
      "08715017719570"
    ],
    "topCategoryName": "Kruidenierswaren/Droge voeding",
    "topCategoryId": "233",
    "businessDomain": "RETAIL_BE",
    "IsPrivateLabel": false,
    "IsBiffe": false,
    "WeightconversionFactor": "0",
    "IsWeightArticle": false,
    "nutriscoreLabel": "A",
    "IsBio": false,
    "CountryOfOrigin": "THAILAND",
    "IsExclusivelySoldInLuxembourg": false,
    "OrderUnit": "P",
    "ShortName": "SOTH RIJSTNOEDELS 400G",
    "InSeason": true,
    "IsNew": false,
    "EcoscoreLabel": "C",
    "RecentQuanityOfStockUnits": "1",
    "LongName": "SO THAI rijstnoedels 400g",
    "StartSeasonDate": "15/09/2023",
    "FicCode": "E",
    "EcoscoreValue": "42"
  },
  {
    "productId": "114",
    "technicalArticleNumber": "13636",
    "commercialArticleNumber": "13636",
    "name": "kruiden dragon",
    "description": "*Geeft smaak aan\nvinaigrettes en\nbereidingen met\ngevogelte",
    "brand": "BONI",
    "seoBrand": "Boni Selection",
    "thumbNail": "https://static.colruytgroup.com/images/200x200/std.lang.all/10/39/asset-521039.jpg",
    "fullImage": "https://static.colruytgroup.com/images/500x500/std.lang.all/10/39/asset-521039.jpg",
    "squareImage": "https://static.colruytgroup.com/images/500x500sq/std.lang.all/10/39/asset-521039.jpg",
    "content": "80g",
    "walkRouteSequenceNumber": 6376,
    "price": {
      "basicPrice": 5.79,
      "recommendedQuantity": "1.0",
      "measurementUnitPrice": 72.38,
      "measurementUnit": "K",
      "isRedPrice": false,
      "pricePerUOM": 72.38,
      "activationDate": "23-01-2024",
      "isPromoActive": "N",
      "priceChangeCode": "L"
    },
    "isAvailable": true,
    "isPriceAvailable": true,
    "inPromo": false,
    "gtin": [
      "05400141098228",
      "05400141636369",
      "15400141961673"
    ],
    "topCategoryName": "Kruidenierswaren/Droge voeding",
    "topCategoryId": "233",
    "businessDomain": "RETAIL_BE",
    "IsPrivateLabel": true,
    "IsBiffe": false,
    "WeightconversionFactor": "0",
    "IsWeightArticle": false,
    "IsBio": false,
    "CountryOfOrigin": "FRANKRIJK",
    "IsExclusivelySoldInLuxembourg": false,
    "OrderUnit": "P",
    "ShortName": "BONI DRAGON 80G",
    "IsNew": false,
    "EcoscoreLabel": "B",
    "RecentQuanityOfStockUnits": "1",
    "LongName": "BONI kruiden dragon 80g",
    "AlcoholVolume": "0",
    "FicCode": "I",
    "EcoscoreValue": "79"
  },
  {
    "productId": "581259",
    "technicalArticleNumber": "4233848",
    "commercialArticleNumber": "18067",
    "name": "all-in rustic dark",
    "brand": "NIAMH",
    "seoBrand": "Niamh",
    "thumbNail": "https://static.colruytgroup.com/images/200x200/std.lang.all/34/39/asset-2013439.jpg",
    "fullImage": "https://static.colruytgroup.com/images/500x500/std.lang.all/34/39/asset-2013439.jpg",
    "squareImage": "https://static.colruytgroup.com/images/500x500sq/std.lang.all/34/39/asset-2013439.jpg",
    "content": "1kg",
    "walkRouteSequenceNumber": 9609,
    "price": {
      "basicPrice": 5.15,
      "recommendedQuantity": "1.0",
      "measurementUnitPrice": 5.15,
      "measurementUnit": "K",
      "isRedPrice": false,
      "pricePerUOM": 5.15,
      "activationDate": "27-02-2024",
      "recordSource": "Offline",
      "isPromoActive": "N",
      "priceChangeCode": "H"
    },
    "isAvailable": true,
    "isPriceAvailable": true,
    "inPromo": false,
    "gtin": [
      "05415196005541",
      "05415196006005"
    ],
    "topCategoryName": "Kruidenierswaren/Droge voeding",
    "topCategoryId": "233",
    "businessDomain": "RETAIL_BE",
    "IsPrivateLabel": false,
    "IsBiffe": false,
    "WeightconversionFactor": "0",
    "IsWeightArticle": false,
    "nutriscoreLabel": "B",
    "IsBio": false,
    "CountryOfOrigin": "BELGIË",
    "IsExclusivelySoldInLuxembourg": false,
    "OrderUnit": "P",
    "ShortName": "NIAM ALL-IN RUS.DARK 1K",
    "IsNew": false,
    "EcoscoreLabel": "B",
    "RecentQuanityOfStockUnits": "1",
    "LongName": "NIAMH all-in rustic dark 1kg",
    "FicCode": "E",
    "EcoscoreValue": "71"
  },
  {
    "productId": "168778",
    "technicalArticleNumber": "3402761",
    "commercialArticleNumber": "50037",
    "name": "spaghetti",
    "brand": "ECONOM",
    "seoBrand": "Econom",
    "thumbNail": "https://static.colruytgroup.com/images/200x200/std.lang.all/34/44/asset-2883444.jpg",
    "fullImage": "https://static.colruytgroup.com/images/500x500/std.lang.all/34/44/asset-2883444.jpg",
    "squareImage": "https://static.colruytgroup.com/images/500x500sq/std.lang.all/34/44/asset-2883444.jpg",
    "content": "5kg",
    "walkRouteSequenceNumber": 8296,
    "price": {
      "basicPrice": 12.12,
      "recommendedQuantity": "1.0",
      "measurementUnitPrice": 2.43,
      "measurementUnit": "K",
      "isRedPrice": false,
      "pricePerUOM": 2.43,
      "activationDate": "13-12-2023",
      "isPromoActive": "N",
      "priceChangeCode": "E"
    },
    "isAvailable": true,
    "isPriceAvailable": true,
    "inPromo": false,
    "gtin": [
      "05400141359176",
      "05400141127119",
      "05404009102850",
      "15404009102857",
      "15400141828587",
      "05400141544114",
      "15400141544111"
    ],
    "topCategoryName": "Kruidenierswaren/Droge voeding",
    "topCategoryId": "233",
    "businessDomain": "RETAIL_BE",
    "IsPrivateLabel": true,
    "IsBiffe": false,
    "WeightconversionFactor": "0",
    "IsWeightArticle": false,
    "nutriscoreLabel": "A",
    "IsBio": false,
    "CountryOfOrigin": "LETLAND",
    "IsExclusivelySoldInLuxembourg": false,
    "OrderUnit": "P",
    "ShortName": "HC ECON SPAGHETTI 5 KG",
    "IsNew": false,
    "EcoscoreLabel": "B",
    "RecentQuanityOfStockUnits": "1,2",
    "LongName": "ECONOM spaghetti 5kg",
    "AlcoholVolume": "0",
    "FicCode": "I",
    "EcoscoreValue": "71"
  },
  {
    "productId": "159397",
    "technicalArticleNumber": "3247330",
    "commercialArticleNumber": "8074",
    "name": "bloem spelt patisserie",
    "description": "*100% speltgraan\n*Alle patisserie\n*Ook voor brood\n*Zonder\nbewaarmiddelen",
    "brand": "SOUBRY",
    "seoBrand": "Soubry",
    "thumbNail": "https://static.colruytgroup.com/images/200x200/std.lang.all/34/76/asset-543476.jpg",
    "fullImage": "https://static.colruytgroup.com/images/500x500/std.lang.all/34/76/asset-543476.jpg",
    "squareImage": "https://static.colruytgroup.com/images/500x500sq/std.lang.all/34/76/asset-543476.jpg",
    "content": "750g",
    "walkRouteSequenceNumber": 9580,
    "price": {
      "basicPrice": 5.49,
      "recommendedQuantity": "1.0",
      "measurementUnitPrice": 7.32,
      "measurementUnit": "K",
      "isRedPrice": false,
      "pricePerUOM": 7.32,
      "activationDate": "15-03-2024",
      "recordSource": "Offline",
      "isPromoActive": "N",
      "priceChangeCode": "E"
    },
    "isAvailable": true,
    "isPriceAvailable": true,
    "inPromo": true,
    "promotion": [
      {
        "techPromoId": "100913COLR",
        "promotionId": "100913",
        "promotionType": "3",
        "isPersonalized": "N",
        "publicationStartDate": "13-03-2024",
        "publicationEndDate": "26-03-2024"
      }
    ],
    "gtin": [
      "05410028820101",
      "05410028810102"
    ],
    "topCategoryName": "Kruidenierswaren/Droge voeding",
    "topCategoryId": "233",
    "businessDomain": "RETAIL_BE",
    "IsPrivateLabel": false,
    "IsBiffe": false,
    "WeightconversionFactor": "0",
    "IsWeightArticle": false,
    "nutriscoreLabel": "A",
    "IsBio": false,
    "CountryOfOrigin": "DUITSLAND",
    "IsExclusivelySoldInLuxembourg": false,
    "OrderUnit": "P",
    "ShortName": "SOUB SPELT BLOEM 750G",
    "IsNew": false,
    "EcoscoreLabel": "A",
    "RecentQuanityOfStockUnits": "1",
    "LongName": "SOUBRY bloem spelt patisserie 750g",
    "AlcoholVolume": "0",
    "FicCode": "E",
    "EcoscoreValue": "100"
  },
  {
    "productId": "1021759",
    "technicalArticleNumber": "4790756",
    "commercialArticleNumber": "33424",
    "name": "suikerdecoratie Bloemen",
    "brand": "TASTY ME",
    "seoBrand": "Tasty Me",
    "thumbNail": "https://static.colruytgroup.com/images/200x200/std.lang.all/71/41/asset-3447141.jpg",
    "fullImage": "https://static.colruytgroup.com/images/500x500/std.lang.all/71/41/asset-3447141.jpg",
    "squareImage": "https://static.colruytgroup.com/images/500x500sq/std.lang.all/71/41/asset-3447141.jpg",
    "content": "55g",
    "walkRouteSequenceNumber": 9429,
    "price": {
      "basicPrice": 1.99,
      "recommendedQuantity": "1.0",
      "measurementUnitPrice": 36.19,
      "measurementUnit": "K",
      "isRedPrice": false,
      "pricePerUOM": 36.19,
      "activationDate": "01-02-2024",
      "isPromoActive": "N",
      "priceChangeCode": "E"
    },
    "isAvailable": true,
    "isPriceAvailable": true,
    "inPromo": false,
    "gtin": [
      "08720847962560",
      "08718734056218"
    ],
    "topCategoryName": "Kruidenierswaren/Droge voeding",
    "topCategoryId": "233",
    "businessDomain": "RETAIL_BE",
    "IsPrivateLabel": false,
    "IsBiffe": false,
    "WeightconversionFactor": "0",
    "IsWeightArticle": false,
    "IsBio": false,
    "CountryOfOrigin": "SPANJE",
    "IsExclusivelySoldInLuxembourg": false,
    "OrderUnit": "P",
    "ShortName": "TAME SUIK.DECO.BLOEM55",
    "IsNew": true,
    "RecentQuanityOfStockUnits": "1",
    "LongName": "TASTY ME suikerdecoratie Bloemen 55g",
    "FicCode": "E"
  },
  {
    "productId": "885776",
    "technicalArticleNumber": "4743805",
    "commercialArticleNumber": "32504",
    "name": "Poké saus",
    "brand": "KIKKOMAN",
    "seoBrand": "Kikkoman",
    "thumbNail": "https://static.colruytgroup.com/images/200x200/std.lang.all/78/94/asset-3307894.jpg",
    "fullImage": "https://static.colruytgroup.com/images/500x500/std.lang.all/78/94/asset-3307894.jpg",
    "squareImage": "https://static.colruytgroup.com/images/500x500sq/std.lang.all/78/94/asset-3307894.jpg",
    "content": "250ml",
    "walkRouteSequenceNumber": 8669,
    "price": {
      "basicPrice": 5.14,
      "recommendedQuantity": "1.0",
      "measurementUnitPrice": 20.56,
      "measurementUnit": "L",
      "isRedPrice": false,
      "pricePerUOM": 20.56,
      "activationDate": "21-03-2024",
      "recordSource": "Offline",
      "isPromoActive": "N",
      "priceChangeCode": "E"
    },
    "isAvailable": true,
    "isPriceAvailable": true,
    "inPromo": false,
    "gtin": [
      "08715035450301",
      "08715035450332"
    ],
    "topCategoryName": "Kruidenierswaren/Droge voeding",
    "topCategoryId": "233",
    "businessDomain": "RETAIL_BE",
    "IsPrivateLabel": false,
    "IsBiffe": false,
    "WeightconversionFactor": "0",
    "IsWeightArticle": false,
    "nutriscoreLabel": "E",
    "IsBio": false,
    "CountryOfOrigin": "NEDERLAND",
    "IsExclusivelySoldInLuxembourg": false,
    "OrderUnit": "P",
    "ShortName": "KIKK POKE SAUS 250ML",
    "IsNew": false,
    "EcoscoreLabel": "B",
    "RecentQuanityOfStockUnits": "1",
    "LongName": "KIKKOMAN Poké saus 250ml",
    "FicCode": "E",
    "EcoscoreValue": "77"
  },
  {
    "productId": "95812",
    "technicalArticleNumber": "2888293",
    "commercialArticleNumber": "17993",
    "name": "meergranen beschuiten",
    "description": "*Beschuiten,\nvierkant, met 7\ngranen",
    "brand": "BONI BIO",
    "seoBrand": "Boni Selection Bio",
    "thumbNail": "https://static.colruytgroup.com/images/200x200/std.lang.all/39/01/asset-2223901.jpg",
    "fullImage": "https://static.colruytgroup.com/images/500x500/std.lang.all/39/01/asset-2223901.jpg",
    "squareImage": "https://static.colruytgroup.com/images/500x500sq/std.lang.all/39/01/asset-2223901.jpg",
    "content": "200g",
    "walkRouteSequenceNumber": 17078,
    "price": {
      "basicPrice": 1.99,
      "recommendedQuantity": "1.0",
      "measurementUnitPrice": 9.95,
      "measurementUnit": "K",
      "isRedPrice": false,
      "pricePerUOM": 9.95,
      "activationDate": "03-01-2024",
      "isPromoActive": "N",
      "priceChangeCode": "L"
    },
    "isAvailable": true,
    "isPriceAvailable": true,
    "inPromo": false,
    "gtin": [
      "05400141013535",
      "05400141013658",
      "05400141193916",
      "05400141380231",
      "05400141825831"
    ],
    "topCategoryName": "Brood/Ontbijt",
    "topCategoryId": "124",
    "businessDomain": "RETAIL_BE",
    "IsPrivateLabel": true,
    "IsBiffe": false,
    "WeightconversionFactor": "0",
    "IsWeightArticle": false,
    "nutriscoreLabel": "D",
    "IsBio": true,
    "CountryOfOrigin": "BELGIË",
    "IsExclusivelySoldInLuxembourg": false,
    "OrderUnit": "P",
    "ShortName": "UB BIO BONI BESCHU.200G",
    "IsNew": false,
    "EcoscoreLabel": "A",
    "RecentQuanityOfStockUnits": "1",
    "LongName": "BONI BIO meergranen beschuiten 200g",
    "AlcoholVolume": "0",
    "FicCode": "I",
    "EcoscoreValue": "100"
  },
  {
    "productId": "160353",
    "technicalArticleNumber": "3296383",
    "commercialArticleNumber": "2955",
    "name": "regenboogfantasie",
    "brand": "DR.OETKER",
    "seoBrand": "Dr.Oetker",
    "thumbNail": "https://static.colruytgroup.com/images/200x200/std.lang.all/09/90/asset-580990.jpg",
    "fullImage": "https://static.colruytgroup.com/images/500x500/std.lang.all/09/90/asset-580990.jpg",
    "squareImage": "https://static.colruytgroup.com/images/500x500sq/std.lang.all/09/90/asset-580990.jpg",
    "content": "78g",
    "walkRouteSequenceNumber": 9446,
    "price": {
      "basicPrice": 5.49,
      "recommendedQuantity": "1.0",
      "quantityPrice": 4.39,
      "quantityPriceQuantity": "3.0",
      "measurementUnitPrice": 70.39,
      "measurementUnitQuantityPrice": 56.29,
      "measurementUnit": "K",
      "isRedPrice": false,
      "pricePerUOM": 70.39,
      "activationDate": "23-03-2024",
      "recordSource": "Offline",
      "isPromoActive": "N",
      "priceChangeCode": "E",
      "quantityPricePerUOM": 56.29,
      "quantityActivationDate": "23-03-2024",
      "quantityPriceChangeCode": "L"
    },
    "isAvailable": true,
    "isPriceAvailable": true,
    "inPromo": false,
    "gtin": [
      "05410231059329",
      "05410231059343"
    ],
    "topCategoryName": "Kruidenierswaren/Droge voeding",
    "topCategoryId": "233",
    "businessDomain": "RETAIL_BE",
    "IsPrivateLabel": false,
    "IsBiffe": false,
    "WeightconversionFactor": "0",
    "IsWeightArticle": false,
    "nutriscoreLabel": "E",
    "IsBio": false,
    "CountryOfOrigin": "POLEN",
    "IsExclusivelySoldInLuxembourg": false,
    "OrderUnit": "P",
    "ShortName": "OETK REGENBOOGFANT 78G",
    "IsNew": false,
    "RecentQuanityOfStockUnits": "1",
    "LongName": "DR.OETKER regenboogfantasie 78g",
    "AlcoholVolume": "0",
    "FicCode": "E"
  },
  {
    "productId": "704923",
    "technicalArticleNumber": "4440126",
    "commercialArticleNumber": "26241",
    "name": "grand cru Madagascar bio",
    "brand": "VAHINE",
    "seoBrand": "Vahiné",
    "thumbNail": "https://static.colruytgroup.com/images/200x200/std.lang.all/51/89/asset-2435189.jpg",
    "fullImage": "https://static.colruytgroup.com/images/500x500/std.lang.all/51/89/asset-2435189.jpg",
    "squareImage": "https://static.colruytgroup.com/images/500x500sq/std.lang.all/51/89/asset-2435189.jpg",
    "content": "1st",
    "walkRouteSequenceNumber": 6407,
    "price": {
      "basicPrice": 5.99,
      "recommendedQuantity": "1.0",
      "measurementUnitPrice": 5.99,
      "measurementUnit": "S",
      "isRedPrice": false,
      "pricePerUOM": 5.99,
      "activationDate": "09-03-2024",
      "recordSource": "Offline",
      "isPromoActive": "N",
      "priceChangeCode": "E"
    },
    "isAvailable": true,
    "isPriceAvailable": true,
    "inPromo": false,
    "gtin": [
      "13179142055200",
      "03179142055203"
    ],
    "topCategoryName": "Kruidenierswaren/Droge voeding",
    "topCategoryId": "233",
    "businessDomain": "RETAIL_BE",
    "IsPrivateLabel": false,
    "IsBiffe": false,
    "WeightconversionFactor": "0",
    "IsWeightArticle": false,
    "IsBio": true,
    "CountryOfOrigin": "POLEN",
    "IsExclusivelySoldInLuxembourg": false,
    "OrderUnit": "P",
    "ShortName": "VAHI GR.CRU MADAG BIO1S",
    "IsNew": false,
    "EcoscoreLabel": "B",
    "RecentQuanityOfStockUnits": "1",
    "LongName": "VAHINE grand cru Madagascar bio 1st",
    "FicCode": "E",
    "EcoscoreValue": "79"
  },
  {
    "productId": "581262",
    "technicalArticleNumber": "4233851",
    "commercialArticleNumber": "18242",
    "name": "all-in crunchy gold",
    "brand": "NIAMH",
    "seoBrand": "Niamh",
    "thumbNail": "https://static.colruytgroup.com/images/200x200/std.lang.all/34/40/asset-2013440.jpg",
    "fullImage": "https://static.colruytgroup.com/images/500x500/std.lang.all/34/40/asset-2013440.jpg",
    "squareImage": "https://static.colruytgroup.com/images/500x500sq/std.lang.all/34/40/asset-2013440.jpg",
    "content": "1kg",
    "walkRouteSequenceNumber": 9611,
    "price": {
      "basicPrice": 4.69,
      "recommendedQuantity": "1.0",
      "measurementUnitPrice": 4.69,
      "measurementUnit": "K",
      "isRedPrice": false,
      "pricePerUOM": 4.69,
      "activationDate": "27-02-2024",
      "recordSource": "Offline",
      "isPromoActive": "N",
      "priceChangeCode": "H"
    },
    "isAvailable": true,
    "isPriceAvailable": true,
    "inPromo": false,
    "gtin": [
      "05415196005534",
      "05415196006043"
    ],
    "topCategoryName": "Kruidenierswaren/Droge voeding",
    "topCategoryId": "233",
    "businessDomain": "RETAIL_BE",
    "IsPrivateLabel": false,
    "IsBiffe": false,
    "WeightconversionFactor": "0",
    "IsWeightArticle": false,
    "nutriscoreLabel": "C",
    "IsBio": false,
    "CountryOfOrigin": "BELGIË",
    "IsExclusivelySoldInLuxembourg": false,
    "OrderUnit": "P",
    "ShortName": "NIAM ALL-IN CRU.GOLD 1K",
    "IsNew": false,
    "EcoscoreLabel": "B",
    "RecentQuanityOfStockUnits": "1",
    "LongName": "NIAMH all-in crunchy gold 1kg",
    "FicCode": "E",
    "EcoscoreValue": "77"
  },
  {
    "productId": "247821",
    "technicalArticleNumber": "3603142",
    "commercialArticleNumber": "18682",
    "name": "chocoladetaart",
    "brand": "DR.OETKER",
    "seoBrand": "Dr.Oetker",
    "thumbNail": "https://static.colruytgroup.com/images/200x200/std.lang.all/44/70/asset-2274470.jpg",
    "fullImage": "https://static.colruytgroup.com/images/500x500/std.lang.all/44/70/asset-2274470.jpg",
    "squareImage": "https://static.colruytgroup.com/images/500x500sq/std.lang.all/44/70/asset-2274470.jpg",
    "content": "390g",
    "walkRouteSequenceNumber": 9415,
    "price": {
      "basicPrice": 6.99,
      "recommendedQuantity": "1.0",
      "measurementUnitPrice": 17.93,
      "measurementUnit": "K",
      "isRedPrice": false,
      "pricePerUOM": 17.93,
      "activationDate": "20-03-2024",
      "recordSource": "Offline",
      "isPromoActive": "N",
      "priceChangeCode": "E"
    },
    "isAvailable": true,
    "isPriceAvailable": true,
    "inPromo": true,
    "promotion": [
      {
        "techPromoId": "100927COLR",
        "promotionId": "100927",
        "promotionType": "3",
        "isPersonalized": "N",
        "publicationStartDate": "13-03-2024",
        "publicationEndDate": "26-03-2024"
      }
    ],
    "gtin": [
      "05410231063821",
      "05410231063845"
    ],
    "topCategoryName": "Kruidenierswaren/Droge voeding",
    "topCategoryId": "233",
    "businessDomain": "RETAIL_BE",
    "IsPrivateLabel": false,
    "IsBiffe": false,
    "WeightconversionFactor": "0",
    "IsWeightArticle": false,
    "nutriscoreLabel": "E",
    "IsBio": false,
    "CountryOfOrigin": "FRANKRIJK",
    "IsExclusivelySoldInLuxembourg": false,
    "OrderUnit": "P",
    "ShortName": "OETK CHOC.TAART 390G",
    "IsNew": false,
    "RecentQuanityOfStockUnits": "1",
    "LongName": "DR.OETKER chocoladetaart 390g",
    "AlcoholVolume": "0",
    "FicCode": "E"
  },
  {
    "productId": "696777",
    "technicalArticleNumber": "4426906",
    "commercialArticleNumber": "26060",
    "name": "kandijsuiker amber",
    "brand": "CANDICO",
    "seoBrand": "Candico",
    "thumbNail": "https://static.colruytgroup.com/images/200x200/std.lang.all/58/39/asset-2415839.jpg",
    "fullImage": "https://static.colruytgroup.com/images/500x500/std.lang.all/58/39/asset-2415839.jpg",
    "squareImage": "https://static.colruytgroup.com/images/500x500sq/std.lang.all/58/39/asset-2415839.jpg",
    "content": "500g",
    "walkRouteSequenceNumber": 9296,
    "price": {
      "basicPrice": 3.09,
      "recommendedQuantity": "1.0",
      "measurementUnitPrice": 6.18,
      "measurementUnit": "K",
      "isRedPrice": false,
      "pricePerUOM": 6.18,
      "activationDate": "22-03-2024",
      "recordSource": "Offline",
      "isPromoActive": "N",
      "priceChangeCode": "H"
    },
    "isAvailable": true,
    "isPriceAvailable": true,
    "inPromo": false,
    "gtin": [
      "05410301025902",
      "05410301125909"
    ],
    "topCategoryName": "Kruidenierswaren/Droge voeding",
    "topCategoryId": "233",
    "businessDomain": "RETAIL_BE",
    "IsPrivateLabel": false,
    "IsBiffe": false,
    "WeightconversionFactor": "0",
    "IsWeightArticle": false,
    "nutriscoreLabel": "E",
    "IsBio": false,
    "CountryOfOrigin": "BELGIË",
    "IsExclusivelySoldInLuxembourg": false,
    "OrderUnit": "P",
    "ShortName": "CAND KANDIJSUIKER AM500",
    "InSeason": true,
    "IsNew": false,
    "EcoscoreLabel": "A",
    "RecentQuanityOfStockUnits": "1,10",
    "LongName": "CANDICO kandijsuiker amber 500g",
    "AlcoholVolume": "0",
    "StartSeasonDate": "24/08/2023",
    "FicCode": "E",
    "EcoscoreValue": "81"
  },
  {
    "productId": "207376",
    "technicalArticleNumber": "3522087",
    "commercialArticleNumber": "50626",
    "name": "kruiden steranijs zakje",
    "brand": "DUCROS",
    "seoBrand": "Ducros",
    "thumbNail": "https://static.colruytgroup.com/images/200x200/std.lang.all/20/97/asset-932097.jpg",
    "fullImage": "https://static.colruytgroup.com/images/500x500/std.lang.all/20/97/asset-932097.jpg",
    "squareImage": "https://static.colruytgroup.com/images/500x500sq/std.lang.all/20/97/asset-932097.jpg",
    "content": "25g",
    "walkRouteSequenceNumber": 6446,
    "price": {
      "basicPrice": 4.29,
      "recommendedQuantity": "1.0",
      "quantityPrice": 2.26,
      "quantityPriceQuantity": "2.0",
      "measurementUnitPrice": 171.6,
      "measurementUnitQuantityPrice": 90.4,
      "measurementUnit": "K",
      "isRedPrice": false,
      "pricePerUOM": 171.6,
      "activationDate": "21-03-2024",
      "recordSource": "Offline",
      "isPromoActive": "N",
      "priceChangeCode": "L",
      "quantityPricePerUOM": 90.4,
      "quantityActivationDate": "21-03-2024",
      "quantityPriceChangeCode": "E"
    },
    "isAvailable": true,
    "isPriceAvailable": true,
    "inPromo": false,
    "gtin": [
      "13166291521809",
      "03166291521802"
    ],
    "topCategoryName": "Kruidenierswaren/Droge voeding",
    "topCategoryId": "233",
    "businessDomain": "RETAIL_BE",
    "IsPrivateLabel": false,
    "IsBiffe": false,
    "WeightconversionFactor": "0",
    "IsWeightArticle": false,
    "nutriscoreLabel": "A",
    "IsBio": false,
    "CountryOfOrigin": "CHINA (VOLKSREBUPLIEK)",
    "IsExclusivelySoldInLuxembourg": false,
    "OrderUnit": "P",
    "ShortName": "DUCROS STERANIJS 25G",
    "IsNew": false,
    "RecentQuanityOfStockUnits": "1",
    "LongName": "DUCROS kruiden steranijs zakje 25g",
    "AlcoholVolume": "0",
    "FicCode": "E"
  },
  {
    "productId": "730654",
    "technicalArticleNumber": "4487719",
    "commercialArticleNumber": "2417",
    "name": "Zalmstukj Belle Vue",
    "description": "*Hapjes gestoomde\nzalm kruiden",
    "brand": "BONI",
    "seoBrand": "Boni Selection",
    "thumbNail": "https://static.colruytgroup.com/images/200x200/std.lang.all/69/02/asset-2706902.jpg",
    "fullImage": "https://static.colruytgroup.com/images/500x500/std.lang.all/69/02/asset-2706902.jpg",
    "squareImage": "https://static.colruytgroup.com/images/500x500sq/std.lang.all/69/02/asset-2706902.jpg",
    "content": "90g",
    "walkRouteSequenceNumber": 6712,
    "price": {
      "basicPrice": 3.79,
      "recommendedQuantity": "1.0",
      "measurementUnitPrice": 42.12,
      "measurementUnit": "K",
      "isRedPrice": false,
      "pricePerUOM": 42.12,
      "activationDate": "02-01-2024",
      "isPromoActive": "N",
      "priceChangeCode": "E"
    },
    "isAvailable": true,
    "isPriceAvailable": true,
    "inPromo": false,
    "gtin": [
      "05400141506617",
      "15400141506614",
      "05400141454857"
    ],
    "topCategoryName": "Chips/Borrelhapjes",
    "topCategoryId": "306",
    "businessDomain": "RETAIL_BE",
    "IsPrivateLabel": true,
    "IsBiffe": false,
    "WeightconversionFactor": "0",
    "IsWeightArticle": false,
    "nutriscoreLabel": "B",
    "IsBio": false,
    "CountryOfOrigin": "NOORWEGEN",
    "IsExclusivelySoldInLuxembourg": false,
    "OrderUnit": "P",
    "ShortName": "BONI ZALMST BEL.VUE 90G",
    "IsNew": false,
    "EcoscoreLabel": "C",
    "RecentQuanityOfStockUnits": "1",
    "LongName": "BONI Zalmstukj Belle Vue 90g",
    "FicCode": "I",
    "EcoscoreValue": "52"
  },
  {
    "productId": "292052",
    "technicalArticleNumber": "3707459",
    "commercialArticleNumber": "15612",
    "name": "Kruiden voor brochetten BBQ",
    "description": "*Specerijen voor brochetten (BBQ)",
    "brand": "ISFI",
    "seoBrand": "Isfi",
    "thumbNail": "https://static.colruytgroup.com/images/200x200/std.lang.all/28/91/asset-1262891.jpg",
    "fullImage": "https://static.colruytgroup.com/images/500x500/std.lang.all/28/91/asset-1262891.jpg",
    "squareImage": "https://static.colruytgroup.com/images/500x500sq/std.lang.all/28/91/asset-1262891.jpg",
    "content": "750g",
    "walkRouteSequenceNumber": 6379,
    "price": {
      "basicPrice": 9.49,
      "recommendedQuantity": "1.0",
      "measurementUnitPrice": 12.66,
      "measurementUnit": "K",
      "isRedPrice": false,
      "pricePerUOM": 12.66,
      "activationDate": "27-10-2023",
      "isPromoActive": "N",
      "priceChangeCode": "L"
    },
    "isAvailable": true,
    "isPriceAvailable": true,
    "inPromo": false,
    "gtin": [
      "05410531902646",
      "05410531002643"
    ],
    "topCategoryName": "Kruidenierswaren/Droge voeding",
    "topCategoryId": "233",
    "businessDomain": "RETAIL_BE",
    "IsPrivateLabel": false,
    "IsBiffe": false,
    "WeightconversionFactor": "0",
    "IsWeightArticle": false,
    "nutriscoreLabel": "E",
    "IsBio": false,
    "CountryOfOrigin": "BELGIË",
    "IsExclusivelySoldInLuxembourg": false,
    "OrderUnit": "P",
    "ShortName": "HC ISFI KRUI.BROCH.750G",
    "IsNew": false,
    "EcoscoreLabel": "D",
    "RecentQuanityOfStockUnits": "1",
    "LongName": "ISFI Kruiden voor brochetten BBQ 750g",
    "AlcoholVolume": "0",
    "FicCode": "E",
    "EcoscoreValue": "32"
  },
  {
    "productId": "619203",
    "technicalArticleNumber": "4296984",
    "commercialArticleNumber": "20845",
    "name": "fond groenten",
    "brand": "LACROIX",
    "seoBrand": "Lacroix",
    "thumbNail": "https://static.colruytgroup.com/images/200x200/std.lang.all/37/33/asset-3353733.jpg",
    "fullImage": "https://static.colruytgroup.com/images/500x500/std.lang.all/37/33/asset-3353733.jpg",
    "squareImage": "https://static.colruytgroup.com/images/500x500sq/std.lang.all/37/33/asset-3353733.jpg",
    "content": "400ml",
    "walkRouteSequenceNumber": 6568,
    "price": {
      "basicPrice": 5.09,
      "recommendedQuantity": "1.0",
      "measurementUnitPrice": 12.73,
      "measurementUnit": "L",
      "isRedPrice": false,
      "pricePerUOM": 12.73,
      "activationDate": "22-03-2024",
      "isPromoActive": "N",
      "priceChangeCode": "H"
    },
    "isAvailable": true,
    "isPriceAvailable": true,
    "inPromo": false,
    "gtin": [
      "05414972128849",
      "05414972728841",
      "05414972228914",
      "05414972728919"
    ],
    "topCategoryName": "Kruidenierswaren/Droge voeding",
    "topCategoryId": "233",
    "businessDomain": "RETAIL_BE",
    "IsPrivateLabel": false,
    "IsBiffe": false,
    "WeightconversionFactor": "0",
    "IsWeightArticle": false,
    "nutriscoreLabel": "C",
    "IsBio": false,
    "CountryOfOrigin": "BELGIË",
    "IsExclusivelySoldInLuxembourg": false,
    "OrderUnit": "P",
    "ShortName": "LACR FOND GROENTEN400ML",
    "InSeason": true,
    "IsNew": false,
    "EcoscoreLabel": "B",
    "RecentQuanityOfStockUnits": "1,6",
    "LongName": "LACROIX fond groenten 400ml",
    "StartSeasonDate": "02/05/2023",
    "FicCode": "E",
    "EcoscoreValue": "79"
  },
  {
    "productId": "869989",
    "technicalArticleNumber": "4723486",
    "commercialArticleNumber": "20935",
    "name": "Glutenv.meelmix gebak koekjes",
    "description": "*Glutenvrij",
    "brand": "SCHÄR",
    "seoBrand": "Schär",
    "thumbNail": "https://static.colruytgroup.com/images/200x200/std.lang.all/75/00/asset-3207500.jpg",
    "fullImage": "https://static.colruytgroup.com/images/500x500/std.lang.all/75/00/asset-3207500.jpg",
    "squareImage": "https://static.colruytgroup.com/images/500x500sq/std.lang.all/75/00/asset-3207500.jpg",
    "content": "1kg",
    "walkRouteSequenceNumber": 9731,
    "price": {
      "basicPrice": 4.59,
      "recommendedQuantity": "1.0",
      "measurementUnitPrice": 4.59,
      "measurementUnit": "K",
      "isRedPrice": false,
      "pricePerUOM": 4.59,
      "activationDate": "27-10-2023",
      "isPromoActive": "N",
      "priceChangeCode": "L"
    },
    "isAvailable": true,
    "isPriceAvailable": true,
    "inPromo": false,
    "gtin": [
      "08008698004869"
    ],
    "topCategoryName": "Kruidenierswaren/Droge voeding",
    "topCategoryId": "233",
    "businessDomain": "RETAIL_BE",
    "IsPrivateLabel": false,
    "IsBiffe": false,
    "WeightconversionFactor": "0",
    "IsWeightArticle": false,
    "IsBio": false,
    "CountryOfOrigin": "ITALIË",
    "IsExclusivelySoldInLuxembourg": false,
    "OrderUnit": "P",
    "ShortName": "SCHAR MEELM.GEB.KOE.1KG",
    "IsNew": false,
    "EcoscoreLabel": "C",
    "RecentQuanityOfStockUnits": "1",
    "LongName": "SCHÄR Glutenv.meelmix gebak koekjes 1kg",
    "AlcoholVolume": "0",
    "FicCode": "E",
    "EcoscoreValue": "49"
  },
  {
    "productId": "850657",
    "technicalArticleNumber": "4698259",
    "commercialArticleNumber": "30875",
    "name": "erythritol Bio",
    "description": "*Zoetstof: Stevia\n*Alternatief voor\nsuiker\n*65 klontjes",
    "brand": "PURE VIA",
    "seoBrand": "Pure Via",
    "thumbNail": "https://static.colruytgroup.com/images/200x200/std.lang.all/73/76/asset-3207376.jpg",
    "fullImage": "https://static.colruytgroup.com/images/500x500/std.lang.all/73/76/asset-3207376.jpg",
    "squareImage": "https://static.colruytgroup.com/images/500x500sq/std.lang.all/73/76/asset-3207376.jpg",
    "content": "200g",
    "walkRouteSequenceNumber": 9193,
    "price": {
      "basicPrice": 4.23,
      "recommendedQuantity": "1.0",
      "measurementUnitPrice": 21.15,
      "measurementUnit": "K",
      "isRedPrice": false,
      "pricePerUOM": 21.15,
      "activationDate": "20-02-2024",
      "recordSource": "Offline",
      "isPromoActive": "N",
      "priceChangeCode": "E"
    },
    "isAvailable": true,
    "isPriceAvailable": true,
    "inPromo": false,
    "gtin": [
      "17630486402595",
      "07630486402598"
    ],
    "topCategoryName": "Kruidenierswaren/Droge voeding",
    "topCategoryId": "233",
    "businessDomain": "RETAIL_BE",
    "IsPrivateLabel": false,
    "IsBiffe": false,
    "WeightconversionFactor": "0",
    "IsWeightArticle": false,
    "nutriscoreLabel": "A",
    "IsBio": true,
    "CountryOfOrigin": "TSJECHIË (REPUBLIEK)",
    "IsExclusivelySoldInLuxembourg": false,
    "OrderUnit": "P",
    "ShortName": "PUVI ERYTHRITOL BIO200G",
    "IsNew": false,
    "RecentQuanityOfStockUnits": "1",
    "LongName": "PURE VIA erythritol Bio 200g",
    "AlcoholVolume": "0",
    "FicCode": "E"
  },
  {
    "productId": "889158",
    "technicalArticleNumber": "4749679",
    "commercialArticleNumber": "4779",
    "name": "Américaine Maison",
    "brand": "LA WILLIAM",
    "seoBrand": "La William",
    "thumbNail": "https://static.colruytgroup.com/images/200x200/std.lang.all/63/06/asset-3306306.jpg",
    "fullImage": "https://static.colruytgroup.com/images/500x500/std.lang.all/63/06/asset-3306306.jpg",
    "squareImage": "https://static.colruytgroup.com/images/500x500sq/std.lang.all/63/06/asset-3306306.jpg",
    "content": "700ml",
    "walkRouteSequenceNumber": 8116,
    "price": {
      "basicPrice": 8.99,
      "recommendedQuantity": "1.0",
      "measurementUnitPrice": 12.85,
      "measurementUnit": "L",
      "isRedPrice": false,
      "pricePerUOM": 12.85,
      "activationDate": "26-07-2023",
      "isPromoActive": "N",
      "priceChangeCode": "E"
    },
    "isAvailable": true,
    "isPriceAvailable": true,
    "inPromo": false,
    "gtin": [
      "05410426115977",
      "05410426115960"
    ],
    "topCategoryName": "Kruidenierswaren/Droge voeding",
    "topCategoryId": "233",
    "businessDomain": "RETAIL_BE",
    "IsPrivateLabel": false,
    "IsBiffe": false,
    "WeightconversionFactor": "0",
    "IsWeightArticle": false,
    "nutriscoreLabel": "D",
    "IsBio": false,
    "CountryOfOrigin": "BELGIË",
    "IsExclusivelySoldInLuxembourg": false,
    "OrderUnit": "P",
    "ShortName": "LAWI AMERIC.MAIS.700ML",
    "IsNew": false,
    "EcoscoreLabel": "B",
    "RecentQuanityOfStockUnits": "1",
    "LongName": "LA WILLIAM Américaine Maison 700ml",
    "AlcoholVolume": "0",
    "FicCode": "E",
    "EcoscoreValue": "71"
  },
  {
    "productId": "681",
    "technicalArticleNumber": "12301",
    "commercialArticleNumber": "12301",
    "name": "bouillon vlees pasta",
    "description": "*Vleesbouillonpasta\n*Altijd met factuur",
    "brand": "ECONOM",
    "seoBrand": "Econom",
    "thumbNail": "https://static.colruytgroup.com/images/200x200/std.lang.all/81/53/asset-2298153.jpg",
    "fullImage": "https://static.colruytgroup.com/images/500x500/std.lang.all/81/53/asset-2298153.jpg",
    "squareImage": "https://static.colruytgroup.com/images/500x500sq/std.lang.all/81/53/asset-2298153.jpg",
    "content": "1,5kg",
    "walkRouteSequenceNumber": 6560,
    "price": {
      "basicPrice": 11.79,
      "recommendedQuantity": "1.0",
      "measurementUnitPrice": 7.86,
      "measurementUnit": "K",
      "isRedPrice": false,
      "pricePerUOM": 7.86,
      "activationDate": "14-11-2023",
      "isPromoActive": "N",
      "priceChangeCode": "E"
    },
    "isAvailable": true,
    "isPriceAvailable": true,
    "inPromo": false,
    "gtin": [
      "05400141399769",
      "15400141399766",
      "05400141213836",
      "05400141445534",
      "15400141830269",
      "15400141907916",
      "15400141984849",
      "15400141288824",
      "15400141123019",
      "05400141123012",
      "05400141074680"
    ],
    "topCategoryName": "Kruidenierswaren/Droge voeding",
    "topCategoryId": "233",
    "businessDomain": "RETAIL_BE",
    "IsPrivateLabel": true,
    "IsBiffe": false,
    "WeightconversionFactor": "0",
    "IsWeightArticle": false,
    "nutriscoreLabel": "E",
    "IsBio": false,
    "CountryOfOrigin": "SPANJE",
    "IsExclusivelySoldInLuxembourg": false,
    "OrderUnit": "P",
    "ShortName": "HC ECON VLEESBOU.PAS1K5",
    "IsNew": false,
    "EcoscoreLabel": "A",
    "RecentQuanityOfStockUnits": "1,6",
    "LongName": "ECONOM bouillon vlees pasta 1,5kg",
    "AlcoholVolume": "0",
    "FicCode": "I",
    "EcoscoreValue": "90"
  },
  {
    "productId": "865608",
    "technicalArticleNumber": "4717806",
    "commercialArticleNumber": "4056",
    "name": "Pesto",
    "brand": "BONI",
    "seoBrand": "Boni Selection",
    "thumbNail": "https://static.colruytgroup.com/images/200x200/std.lang.all/13/51/asset-3271351.jpg",
    "fullImage": "https://static.colruytgroup.com/images/500x500/std.lang.all/13/51/asset-3271351.jpg",
    "squareImage": "https://static.colruytgroup.com/images/500x500sq/std.lang.all/13/51/asset-3271351.jpg",
    "content": "300g",
    "walkRouteSequenceNumber": 7649,
    "price": {
      "basicPrice": 7.49,
      "recommendedQuantity": "1.0",
      "quantityPrice": 7.19,
      "quantityPriceQuantity": "3.0",
      "measurementUnitPrice": 24.97,
      "measurementUnitQuantityPrice": 23.97,
      "measurementUnit": "K",
      "isRedPrice": false,
      "pricePerUOM": 24.97,
      "activationDate": "27-04-2023",
      "isPromoActive": "N",
      "priceChangeCode": "E",
      "quantityPricePerUOM": 23.97,
      "quantityActivationDate": "27-04-2023",
      "quantityPriceChangeCode": "E"
    },
    "isAvailable": true,
    "isPriceAvailable": true,
    "inPromo": false,
    "gtin": [
      "85400141453320",
      "05400141710441"
    ],
    "topCategoryName": "Chips/Borrelhapjes",
    "topCategoryId": "306",
    "businessDomain": "RETAIL_BE",
    "IsPrivateLabel": true,
    "IsBiffe": false,
    "WeightconversionFactor": "0",
    "IsWeightArticle": false,
    "nutriscoreLabel": "E",
    "IsBio": false,
    "CountryOfOrigin": "BELGIË",
    "IsExclusivelySoldInLuxembourg": false,
    "OrderUnit": "P",
    "ShortName": "BONI PESTO 300G",
    "InSeason": true,
    "IsNew": false,
    "EcoscoreLabel": "D",
    "RecentQuanityOfStockUnits": "1",
    "LongName": "BONI Pesto 300g",
    "StartSeasonDate": "17/01/2024",
    "FicCode": "I",
    "EcoscoreValue": "38"
  },
  {
    "productId": "532732",
    "technicalArticleNumber": "4125189",
    "commercialArticleNumber": "9284",
    "name": "kappertjes azijn",
    "brand": "ECONOM",
    "seoBrand": "Econom",
    "thumbNail": "https://static.colruytgroup.com/images/200x200/std.lang.all/41/44/asset-1934144.jpg",
    "fullImage": "https://static.colruytgroup.com/images/500x500/std.lang.all/41/44/asset-1934144.jpg",
    "squareImage": "https://static.colruytgroup.com/images/500x500sq/std.lang.all/41/44/asset-1934144.jpg",
    "content": "900g",
    "walkRouteSequenceNumber": 16379,
    "price": {
      "basicPrice": 11.99,
      "recommendedQuantity": "1.0",
      "measurementUnitPrice": 21.04,
      "measurementUnit": "K",
      "isRedPrice": false,
      "pricePerUOM": 21.04,
      "activationDate": "14-03-2024",
      "isPromoActive": "N",
      "priceChangeCode": "E"
    },
    "isAvailable": true,
    "isPriceAvailable": true,
    "inPromo": false,
    "gtin": [
      "15400141299509",
      "05400141299502"
    ],
    "topCategoryName": "Kruidenierswaren/Droge voeding",
    "topCategoryId": "233",
    "businessDomain": "RETAIL_BE",
    "IsPrivateLabel": true,
    "IsBiffe": false,
    "WeightconversionFactor": "0",
    "IsWeightArticle": false,
    "nutriscoreLabel": "E",
    "IsBio": false,
    "CountryOfOrigin": "MAROKKO",
    "IsExclusivelySoldInLuxembourg": false,
    "OrderUnit": "P",
    "ShortName": "HC ECON KAPPERS 900G",
    "IsNew": false,
    "RecentQuanityOfStockUnits": "1",
    "LongName": "ECONOM kappertjes azijn 900g",
    "FicCode": "I"
  },
  {
    "productId": "687882",
    "technicalArticleNumber": "4412450",
    "commercialArticleNumber": "1872",
    "name": "satésaus",
    "brand": "REMIA",
    "seoBrand": "Remia",
    "thumbNail": "https://static.colruytgroup.com/images/200x200/std.lang.all/61/73/asset-3346173.jpg",
    "fullImage": "https://static.colruytgroup.com/images/500x500/std.lang.all/61/73/asset-3346173.jpg",
    "squareImage": "https://static.colruytgroup.com/images/500x500sq/std.lang.all/61/73/asset-3346173.jpg",
    "content": "540g",
    "walkRouteSequenceNumber": 8248,
    "price": {
      "basicPrice": 2.79,
      "recommendedQuantity": "1.0",
      "measurementUnitPrice": 5.17,
      "measurementUnit": "K",
      "isRedPrice": false,
      "pricePerUOM": 5.17,
      "activationDate": "23-03-2024",
      "recordSource": "Offline",
      "isPromoActive": "N",
      "priceChangeCode": "E"
    },
    "isAvailable": true,
    "isPriceAvailable": true,
    "inPromo": false,
    "gtin": [
      "08710448636564",
      "08710448136569"
    ],
    "topCategoryName": "Kruidenierswaren/Droge voeding",
    "topCategoryId": "233",
    "businessDomain": "RETAIL_BE",
    "IsPrivateLabel": false,
    "IsBiffe": false,
    "WeightconversionFactor": "0",
    "IsWeightArticle": false,
    "nutriscoreLabel": "C",
    "IsBio": false,
    "CountryOfOrigin": "NEDERLAND",
    "IsExclusivelySoldInLuxembourg": false,
    "OrderUnit": "P",
    "ShortName": "RE REMIA SATESAUS 540G",
    "IsNew": false,
    "EcoscoreLabel": "D",
    "RecentQuanityOfStockUnits": "1",
    "LongName": "REMIA satésaus 540g",
    "FicCode": "E",
    "EcoscoreValue": "35"
  },
  {
    "productId": "90415",
    "technicalArticleNumber": "2941891",
    "commercialArticleNumber": "17674",
    "name": "azijn natuur 8°",
    "description": "*Altijd met factuur",
    "brand": "ST. MARTINUS",
    "seoBrand": "St. Martinus",
    "thumbNail": "https://static.colruytgroup.com/images/200x200/std.lang.all/59/86/asset-385986.jpg",
    "fullImage": "https://static.colruytgroup.com/images/500x500/std.lang.all/59/86/asset-385986.jpg",
    "squareImage": "https://static.colruytgroup.com/images/500x500sq/std.lang.all/59/86/asset-385986.jpg",
    "content": "10L",
    "walkRouteSequenceNumber": 9145,
    "price": {
      "basicPrice": 9.12,
      "recommendedQuantity": "1.0",
      "measurementUnitPrice": 0.92,
      "measurementUnit": "L",
      "isRedPrice": false,
      "pricePerUOM": 0.92,
      "activationDate": "18-04-2023",
      "isPromoActive": "N",
      "priceChangeCode": "H"
    },
    "isAvailable": true,
    "isPriceAvailable": true,
    "inPromo": false,
    "gtin": [
      "05411768005087"
    ],
    "topCategoryName": "Kruidenierswaren/Droge voeding",
    "topCategoryId": "233",
    "businessDomain": "RETAIL_BE",
    "IsPrivateLabel": false,
    "IsBiffe": false,
    "WeightconversionFactor": "0",
    "IsWeightArticle": false,
    "nutriscoreLabel": "A",
    "IsBio": false,
    "CountryOfOrigin": "BELGIË",
    "IsExclusivelySoldInLuxembourg": false,
    "OrderUnit": "P",
    "ShortName": "HC MART AZIJN 8GR 10L",
    "InSeason": true,
    "IsNew": false,
    "EcoscoreLabel": "A",
    "RecentQuanityOfStockUnits": "1",
    "LongName": "ST. MARTINUS azijn natuur 8° 10L",
    "AlcoholVolume": "0",
    "StartSeasonDate": "22/05/2013",
    "FicCode": "E",
    "EcoscoreValue": "100"
  },
  {
    "productId": "797822",
    "technicalArticleNumber": "4609616",
    "commercialArticleNumber": "5703",
    "name": "mix kotelet",
    "brand": "DUCROS",
    "seoBrand": "Ducros",
    "thumbNail": "https://static.colruytgroup.com/images/200x200/std.lang.all/13/02/asset-2821302.jpg",
    "fullImage": "https://static.colruytgroup.com/images/500x500/std.lang.all/13/02/asset-2821302.jpg",
    "squareImage": "https://static.colruytgroup.com/images/500x500sq/std.lang.all/13/02/asset-2821302.jpg",
    "content": "62g",
    "walkRouteSequenceNumber": 6477,
    "price": {
      "basicPrice": 4.03,
      "recommendedQuantity": "1.0",
      "quantityPrice": 2.01,
      "quantityPriceQuantity": "2.0",
      "measurementUnitPrice": 65,
      "measurementUnitQuantityPrice": 32.42,
      "measurementUnit": "K",
      "isRedPrice": false,
      "pricePerUOM": 65,
      "activationDate": "20-03-2024",
      "recordSource": "Offline",
      "isPromoActive": "N",
      "priceChangeCode": "E",
      "quantityPricePerUOM": 32.42,
      "quantityActivationDate": "20-03-2024",
      "quantityPriceChangeCode": "L"
    },
    "isAvailable": true,
    "isPriceAvailable": true,
    "inPromo": false,
    "gtin": [
      "03166298774300"
    ],
    "topCategoryName": "Kruidenierswaren/Droge voeding",
    "topCategoryId": "233",
    "businessDomain": "RETAIL_BE",
    "IsPrivateLabel": false,
    "IsBiffe": false,
    "WeightconversionFactor": "0",
    "IsWeightArticle": false,
    "nutriscoreLabel": "E",
    "IsBio": false,
    "CountryOfOrigin": "FRANKRIJK",
    "IsExclusivelySoldInLuxembourg": false,
    "OrderUnit": "P",
    "ShortName": "DUCR MIX KOTELET 62G",
    "IsNew": false,
    "EcoscoreLabel": "E",
    "RecentQuanityOfStockUnits": "1",
    "LongName": "DUCROS mix kotelet 62g",
    "AlcoholVolume": "0",
    "FicCode": "E",
    "EcoscoreValue": "2"
  },
  {
    "productId": "844670",
    "technicalArticleNumber": "4689993",
    "commercialArticleNumber": "1458",
    "name": "Dino all-in cupcake kit",
    "description": "*All-in-one cupcake kit\n*Bevat:\n-Cupcake bakmix\n-Decoratiesheet\n-12 cupcakevormpjes",
    "brand": "BAKING FUN",
    "seoBrand": "Baking Fun",
    "thumbNail": "https://static.colruytgroup.com/images/200x200/std.lang.all/06/88/asset-3120688.jpg",
    "fullImage": "https://static.colruytgroup.com/images/500x500/std.lang.all/06/88/asset-3120688.jpg",
    "squareImage": "https://static.colruytgroup.com/images/500x500sq/std.lang.all/06/88/asset-3120688.jpg",
    "content": "306g",
    "walkRouteSequenceNumber": 9426,
    "price": {
      "basicPrice": 3.99,
      "recommendedQuantity": "1.0",
      "measurementUnitPrice": 13.04,
      "measurementUnit": "K",
      "isRedPrice": false,
      "pricePerUOM": 13.04,
      "activationDate": "29-11-2023",
      "isPromoActive": "N",
      "priceChangeCode": "L"
    },
    "isAvailable": true,
    "isPriceAvailable": true,
    "inPromo": false,
    "gtin": [
      "08718781589028",
      "08718781589011"
    ],
    "topCategoryName": "Kruidenierswaren/Droge voeding",
    "topCategoryId": "233",
    "businessDomain": "RETAIL_BE",
    "IsPrivateLabel": false,
    "IsBiffe": false,
    "WeightconversionFactor": "0",
    "IsWeightArticle": false,
    "IsBio": false,
    "CountryOfOrigin": "CHINA (VOLKSREBUPLIEK)",
    "IsExclusivelySoldInLuxembourg": false,
    "OrderUnit": "P",
    "ShortName": "BAFU DINO CUPCAK.KIT306",
    "IsNew": false,
    "RecentQuanityOfStockUnits": "1",
    "LongName": "BAKING FUN Dino all-in cupcake kit 306g",
    "FicCode": "E"
  },
  {
    "productId": "602703",
    "technicalArticleNumber": "4270199",
    "commercialArticleNumber": "22888",
    "name": "martinosaus squeeze",
    "brand": "MANNA",
    "seoBrand": "Manna",
    "thumbNail": "https://static.colruytgroup.com/images/200x200/std.lang.all/84/21/asset-2088421.jpg",
    "fullImage": "https://static.colruytgroup.com/images/500x500/std.lang.all/84/21/asset-2088421.jpg",
    "squareImage": "https://static.colruytgroup.com/images/500x500sq/std.lang.all/84/21/asset-2088421.jpg",
    "content": "325g",
    "walkRouteSequenceNumber": 8186,
    "price": {
      "basicPrice": 2.39,
      "recommendedQuantity": "1.0",
      "measurementUnitPrice": 7.36,
      "measurementUnit": "K",
      "isRedPrice": false,
      "pricePerUOM": 7.36,
      "activationDate": "02-02-2024",
      "recordSource": "Offline",
      "isPromoActive": "N",
      "priceChangeCode": "L"
    },
    "isAvailable": true,
    "isPriceAvailable": true,
    "inPromo": false,
    "gtin": [
      "05412723230063",
      "05412723160063"
    ],
    "topCategoryName": "Kruidenierswaren/Droge voeding",
    "topCategoryId": "233",
    "businessDomain": "RETAIL_BE",
    "IsPrivateLabel": false,
    "IsBiffe": false,
    "WeightconversionFactor": "0",
    "IsWeightArticle": false,
    "nutriscoreLabel": "E",
    "IsBio": false,
    "CountryOfOrigin": "BELGIË",
    "IsExclusivelySoldInLuxembourg": false,
    "OrderUnit": "P",
    "ShortName": "RE MANN MARTINOS.SQZ325",
    "IsNew": false,
    "EcoscoreLabel": "B",
    "RecentQuanityOfStockUnits": "1",
    "LongName": "MANNA martinosaus squeeze 325g",
    "FicCode": "E",
    "EcoscoreValue": "68"
  },
  {
    "productId": "849830",
    "technicalArticleNumber": "4697180",
    "commercialArticleNumber": "30821",
    "name": "tapenade zwart olijf",
    "brand": "FATTORIE UMBRE",
    "seoBrand": "Fattorie Umbre",
    "thumbNail": "https://static.colruytgroup.com/images/200x200/std.lang.all/10/78/asset-3211078.jpg",
    "fullImage": "https://static.colruytgroup.com/images/500x500/std.lang.all/10/78/asset-3211078.jpg",
    "squareImage": "https://static.colruytgroup.com/images/500x500sq/std.lang.all/10/78/asset-3211078.jpg",
    "content": "140g",
    "walkRouteSequenceNumber": 4482,
    "price": {
      "basicPrice": 1.99,
      "recommendedQuantity": "1.0",
      "measurementUnitPrice": 14.22,
      "measurementUnit": "K",
      "isRedPrice": false,
      "pricePerUOM": 14.22,
      "activationDate": "10-01-2023",
      "isPromoActive": "N",
      "priceChangeCode": "E"
    },
    "isAvailable": true,
    "isPriceAvailable": true,
    "inPromo": false,
    "gtin": [
      "08013945932802",
      "18013945932809"
    ],
    "topCategoryName": "Chips/Borrelhapjes",
    "topCategoryId": "306",
    "businessDomain": "RETAIL_BE",
    "IsPrivateLabel": false,
    "IsBiffe": false,
    "WeightconversionFactor": "0",
    "IsWeightArticle": false,
    "IsBio": false,
    "CountryOfOrigin": "ITALIË",
    "IsExclusivelySoldInLuxembourg": false,
    "OrderUnit": "P",
    "ShortName": "FAUM TAP.ZWA.OLIJF 140G",
    "IsNew": false,
    "RecentQuanityOfStockUnits": "1",
    "LongName": "FATTORIE UMBRE tapenade zwart olijf 140g",
    "FicCode": "E"
  },
  {
    "productId": "880143",
    "technicalArticleNumber": "4736931",
    "commercialArticleNumber": "32304",
    "name": "Quickbake Al1 mix zwarte woud brood",
    "description": "*mix\n*zwarte woud",
    "thumbNail": "https://static.colruytgroup.com/images/200x200/std.lang.all/38/60/asset-3303860.jpg",
    "fullImage": "https://static.colruytgroup.com/images/500x500/std.lang.all/38/60/asset-3303860.jpg",
    "squareImage": "https://static.colruytgroup.com/images/500x500sq/std.lang.all/38/60/asset-3303860.jpg",
    "content": "1kg",
    "walkRouteSequenceNumber": 9729,
    "price": {
      "basicPrice": 4.99,
      "recommendedQuantity": "1.0",
      "measurementUnitPrice": 4.99,
      "measurementUnit": "K",
      "isRedPrice": false,
      "pricePerUOM": 4.99,
      "activationDate": "13-03-2024",
      "isPromoActive": "N",
      "priceChangeCode": "E"
    },
    "isAvailable": true,
    "isPriceAvailable": true,
    "inPromo": false,
    "gtin": [
      "15411067011359",
      "05411067011352"
    ],
    "topCategoryName": "Kruidenierswaren/Droge voeding",
    "topCategoryId": "233",
    "businessDomain": "RETAIL_BE",
    "IsPrivateLabel": false,
    "IsBiffe": false,
    "WeightconversionFactor": "0",
    "IsWeightArticle": false,
    "nutriscoreLabel": "C",
    "IsBio": false,
    "CountryOfOrigin": "BELGIË",
    "IsExclusivelySoldInLuxembourg": false,
    "OrderUnit": "P",
    "ShortName": "QUIC AL1 ZWART W.BROOD1",
    "IsNew": false,
    "EcoscoreLabel": "B",
    "RecentQuanityOfStockUnits": "1",
    "LongName": "Quickbake Al1 mix zwarte woud brood 1kg",
    "FicCode": "E",
    "EcoscoreValue": "71"
  },
  {
    "productId": "2",
    "technicalArticleNumber": "13699",
    "commercialArticleNumber": "13699",
    "name": "kruiden roze bessen",
    "brand": "ISFI",
    "seoBrand": "Isfi",
    "thumbNail": "https://static.colruytgroup.com/images/200x200/std.lang.all/04/02/asset-390402.jpg",
    "fullImage": "https://static.colruytgroup.com/images/500x500/std.lang.all/04/02/asset-390402.jpg",
    "squareImage": "https://static.colruytgroup.com/images/500x500sq/std.lang.all/04/02/asset-390402.jpg",
    "content": "100g",
    "walkRouteSequenceNumber": 6491,
    "price": {
      "basicPrice": 4.49,
      "recommendedQuantity": "1.0",
      "measurementUnitPrice": 44.9,
      "measurementUnit": "K",
      "isRedPrice": false,
      "pricePerUOM": 44.9,
      "activationDate": "21-03-2024",
      "isPromoActive": "N",
      "priceChangeCode": "H"
    },
    "isAvailable": true,
    "isPriceAvailable": true,
    "inPromo": false,
    "gtin": [
      "05410531006429",
      "05410531106419"
    ],
    "topCategoryName": "Kruidenierswaren/Droge voeding",
    "topCategoryId": "233",
    "businessDomain": "RETAIL_BE",
    "IsPrivateLabel": false,
    "IsBiffe": false,
    "WeightconversionFactor": "0",
    "IsWeightArticle": false,
    "nutriscoreLabel": "A",
    "IsBio": false,
    "CountryOfOrigin": "BRAZILIË",
    "IsExclusivelySoldInLuxembourg": false,
    "OrderUnit": "P",
    "ShortName": "ISFI ROZE BESSEN 100G",
    "InSeason": true,
    "IsNew": false,
    "EcoscoreLabel": "E",
    "RecentQuanityOfStockUnits": "1",
    "LongName": "ISFI kruiden roze bessen 100g",
    "AlcoholVolume": "0",
    "StartSeasonDate": "23/02/2010",
    "FicCode": "E",
    "EcoscoreValue": "16"
  },
  {
    "productId": "769949",
    "technicalArticleNumber": "4556761",
    "commercialArticleNumber": "21991",
    "name": "all-in mix malty whole grain",
    "description": "*Mix voor volkorenbrood\n*Geschikt voor broodmachine\n*Geschikt voor oven",
    "brand": "NIAMH",
    "seoBrand": "Niamh",
    "thumbNail": "https://static.colruytgroup.com/images/200x200/std.lang.all/53/81/asset-2735381.jpg",
    "fullImage": "https://static.colruytgroup.com/images/500x500/std.lang.all/53/81/asset-2735381.jpg",
    "squareImage": "https://static.colruytgroup.com/images/500x500sq/std.lang.all/53/81/asset-2735381.jpg",
    "content": "1kg",
    "walkRouteSequenceNumber": 9610,
    "price": {
      "basicPrice": 4.09,
      "recommendedQuantity": "1.0",
      "measurementUnitPrice": 4.09,
      "measurementUnit": "K",
      "isRedPrice": false,
      "pricePerUOM": 4.09,
      "activationDate": "27-02-2024",
      "recordSource": "Offline",
      "isPromoActive": "N",
      "priceChangeCode": "H"
    },
    "isAvailable": true,
    "isPriceAvailable": true,
    "inPromo": false,
    "gtin": [
      "05415196008627",
      "05415196008771"
    ],
    "topCategoryName": "Kruidenierswaren/Droge voeding",
    "topCategoryId": "233",
    "businessDomain": "RETAIL_BE",
    "IsPrivateLabel": false,
    "IsBiffe": false,
    "WeightconversionFactor": "0",
    "IsWeightArticle": false,
    "nutriscoreLabel": "A",
    "IsBio": false,
    "CountryOfOrigin": "BELGIË",
    "IsExclusivelySoldInLuxembourg": false,
    "OrderUnit": "P",
    "ShortName": "NIAM ALL-IN MA.WHO.GR.1",
    "IsNew": false,
    "EcoscoreLabel": "B",
    "RecentQuanityOfStockUnits": "1",
    "LongName": "NIAMH all-in mix malty whole grain 1kg",
    "FicCode": "E",
    "EcoscoreValue": "77"
  },
  {
    "productId": "786411",
    "technicalArticleNumber": "4587987",
    "commercialArticleNumber": "19190",
    "name": "gekookte tarwe met olijfolie",
    "brand": "EBLY",
    "seoBrand": "Ebly",
    "thumbNail": "https://static.colruytgroup.com/images/200x200/std.lang.all/21/93/asset-2782193.jpg",
    "fullImage": "https://static.colruytgroup.com/images/500x500/std.lang.all/21/93/asset-2782193.jpg",
    "squareImage": "https://static.colruytgroup.com/images/500x500sq/std.lang.all/21/93/asset-2782193.jpg",
    "content": "220g",
    "walkRouteSequenceNumber": 8436,
    "price": {
      "basicPrice": 2.89,
      "recommendedQuantity": "1.0",
      "measurementUnitPrice": 13.14,
      "measurementUnit": "K",
      "isRedPrice": false,
      "pricePerUOM": 13.14,
      "activationDate": "23-03-2024",
      "recordSource": "Offline",
      "isPromoActive": "N",
      "priceChangeCode": "H"
    },
    "isAvailable": true,
    "isPriceAvailable": true,
    "inPromo": false,
    "gtin": [
      "03487400006134",
      "03487400006165"
    ],
    "topCategoryName": "Kruidenierswaren/Droge voeding",
    "topCategoryId": "233",
    "businessDomain": "RETAIL_BE",
    "IsPrivateLabel": false,
    "IsBiffe": false,
    "WeightconversionFactor": "0",
    "IsWeightArticle": false,
    "nutriscoreLabel": "A",
    "IsBio": false,
    "CountryOfOrigin": "FRANKRIJK",
    "IsExclusivelySoldInLuxembourg": false,
    "OrderUnit": "P",
    "ShortName": "EBLY GEK.TAR.OLIJFOL220",
    "IsNew": false,
    "RecentQuanityOfStockUnits": "1",
    "LongName": "EBLY gekookte tarwe met olijfolie 220g",
    "FicCode": "E"
  },
  {
    "productId": "632800",
    "technicalArticleNumber": "4320243",
    "commercialArticleNumber": "9530",
    "name": "pudding vanille cr.specul",
    "brand": "IMPERIAL",
    "seoBrand": "Imperial",
    "thumbNail": "https://static.colruytgroup.com/images/200x200/std.lang.all/93/76/asset-2249376.jpg",
    "fullImage": "https://static.colruytgroup.com/images/500x500/std.lang.all/93/76/asset-2249376.jpg",
    "squareImage": "https://static.colruytgroup.com/images/500x500sq/std.lang.all/93/76/asset-2249376.jpg",
    "content": "226g",
    "walkRouteSequenceNumber": 9584,
    "price": {
      "basicPrice": 3.89,
      "recommendedQuantity": "1.0",
      "measurementUnitPrice": 17.22,
      "measurementUnit": "K",
      "isRedPrice": false,
      "pricePerUOM": 17.22,
      "activationDate": "20-03-2024",
      "recordSource": "Offline",
      "isPromoActive": "N",
      "priceChangeCode": "L"
    },
    "isAvailable": true,
    "isPriceAvailable": true,
    "inPromo": false,
    "gtin": [
      "05414972729060",
      "05414972129068"
    ],
    "topCategoryName": "Kruidenierswaren/Droge voeding",
    "topCategoryId": "233",
    "businessDomain": "RETAIL_BE",
    "IsPrivateLabel": false,
    "IsBiffe": false,
    "WeightconversionFactor": "0",
    "IsWeightArticle": false,
    "nutriscoreLabel": "C",
    "IsBio": false,
    "CountryOfOrigin": "BELGIË",
    "IsExclusivelySoldInLuxembourg": false,
    "OrderUnit": "P",
    "ShortName": "IMPE PUD.VAN.CR.SPEC226",
    "IsNew": false,
    "RecentQuanityOfStockUnits": "1",
    "LongName": "IMPERIAL pudding vanille cr.specul 226g",
    "FicCode": "E"
  },
  {
    "productId": "689208",
    "technicalArticleNumber": "4414825",
    "commercialArticleNumber": "12546",
    "name": "penne rigate",
    "brand": "ECONOM",
    "seoBrand": "Econom",
    "thumbNail": "https://static.colruytgroup.com/images/200x200/std.lang.all/42/72/asset-2874272.jpg",
    "fullImage": "https://static.colruytgroup.com/images/500x500/std.lang.all/42/72/asset-2874272.jpg",
    "squareImage": "https://static.colruytgroup.com/images/500x500sq/std.lang.all/42/72/asset-2874272.jpg",
    "content": "3kg",
    "walkRouteSequenceNumber": 8295,
    "price": {
      "basicPrice": 10.77,
      "recommendedQuantity": "1.0",
      "measurementUnitPrice": 3.59,
      "measurementUnit": "K",
      "isRedPrice": false,
      "pricePerUOM": 3.59,
      "activationDate": "02-11-2023",
      "isPromoActive": "N",
      "priceChangeCode": "E"
    },
    "isAvailable": true,
    "isPriceAvailable": true,
    "inPromo": false,
    "gtin": [
      "15400141618799",
      "05400141618792"
    ],
    "topCategoryName": "Kruidenierswaren/Droge voeding",
    "topCategoryId": "233",
    "businessDomain": "RETAIL_BE",
    "IsPrivateLabel": true,
    "IsBiffe": false,
    "WeightconversionFactor": "0",
    "IsWeightArticle": false,
    "nutriscoreLabel": "A",
    "IsBio": false,
    "CountryOfOrigin": "ITALIË",
    "IsExclusivelySoldInLuxembourg": false,
    "OrderUnit": "P",
    "ShortName": "HC ECON PENNE RIGATE 3K",
    "IsNew": false,
    "EcoscoreLabel": "B",
    "RecentQuanityOfStockUnits": "3,1",
    "LongName": "ECONOM penne rigate 3kg",
    "FicCode": "I",
    "EcoscoreValue": "60"
  },
  {
    "productId": "852304",
    "technicalArticleNumber": "4700474",
    "commercialArticleNumber": "31075",
    "name": "broodmix crispy chia",
    "brand": "NIAMH",
    "seoBrand": "Niamh",
    "thumbNail": "https://static.colruytgroup.com/images/200x200/std.lang.all/68/10/asset-3036810.jpg",
    "fullImage": "https://static.colruytgroup.com/images/500x500/std.lang.all/68/10/asset-3036810.jpg",
    "squareImage": "https://static.colruytgroup.com/images/500x500sq/std.lang.all/68/10/asset-3036810.jpg",
    "content": "2kg",
    "walkRouteSequenceNumber": 9720,
    "price": {
      "basicPrice": 7.25,
      "recommendedQuantity": "1.0",
      "measurementUnitPrice": 3.63,
      "measurementUnit": "K",
      "isRedPrice": false,
      "pricePerUOM": 3.63,
      "activationDate": "27-02-2024",
      "recordSource": "Offline",
      "isPromoActive": "N",
      "priceChangeCode": "H"
    },
    "isAvailable": true,
    "isPriceAvailable": true,
    "inPromo": false,
    "gtin": [
      "05415196010538",
      "05415196010293"
    ],
    "topCategoryName": "Kruidenierswaren/Droge voeding",
    "topCategoryId": "233",
    "businessDomain": "RETAIL_BE",
    "IsPrivateLabel": false,
    "IsBiffe": false,
    "WeightconversionFactor": "0",
    "IsWeightArticle": false,
    "nutriscoreLabel": "A",
    "IsBio": false,
    "CountryOfOrigin": "BELGIË",
    "IsExclusivelySoldInLuxembourg": false,
    "OrderUnit": "P",
    "ShortName": "NIAM CRISPY CHIA 2KG",
    "IsNew": false,
    "EcoscoreLabel": "B",
    "RecentQuanityOfStockUnits": "1",
    "LongName": "NIAMH broodmix crispy chia 2kg",
    "FicCode": "E",
    "EcoscoreValue": "77"
  },
  {
    "productId": "221397",
    "technicalArticleNumber": "3503269",
    "commercialArticleNumber": "12866",
    "name": "kruiden saffraandraadjes",
    "brand": "DUCROS",
    "seoBrand": "Ducros",
    "thumbNail": "https://static.colruytgroup.com/images/200x200/std.lang.all/28/85/asset-892885.jpg",
    "fullImage": "https://static.colruytgroup.com/images/500x500/std.lang.all/28/85/asset-892885.jpg",
    "squareImage": "https://static.colruytgroup.com/images/500x500sq/std.lang.all/28/85/asset-892885.jpg",
    "content": "0,35g",
    "walkRouteSequenceNumber": 6447,
    "price": {
      "basicPrice": 12.66,
      "recommendedQuantity": "1.0",
      "quantityPrice": 6.33,
      "quantityPriceQuantity": "2.0",
      "measurementUnitPrice": 12.66,
      "measurementUnitQuantityPrice": 6.33,
      "measurementUnit": "S",
      "isRedPrice": false,
      "pricePerUOM": 12.66,
      "activationDate": "20-03-2024",
      "recordSource": "Offline",
      "isPromoActive": "N",
      "priceChangeCode": "E",
      "quantityPricePerUOM": 6.33,
      "quantityActivationDate": "20-03-2024",
      "quantityPriceChangeCode": "L"
    },
    "isAvailable": true,
    "isPriceAvailable": true,
    "inPromo": false,
    "gtin": [
      "03166291748384",
      "13166291748381"
    ],
    "topCategoryName": "Kruidenierswaren/Droge voeding",
    "topCategoryId": "233",
    "businessDomain": "RETAIL_BE",
    "IsPrivateLabel": false,
    "IsBiffe": false,
    "WeightconversionFactor": "0",
    "IsWeightArticle": false,
    "nutriscoreLabel": "A",
    "IsBio": false,
    "CountryOfOrigin": "AFGHANISTAN",
    "IsExclusivelySoldInLuxembourg": false,
    "OrderUnit": "P",
    "ShortName": "DUCROS SAFFRAANDR.0.35G",
    "IsNew": false,
    "EcoscoreLabel": "E",
    "RecentQuanityOfStockUnits": "1",
    "LongName": "DUCROS kruiden saffraandraadjes 0,35g",
    "AlcoholVolume": "0",
    "FicCode": "E",
    "EcoscoreValue": "2"
  },
  {
    "productId": "1021285",
    "technicalArticleNumber": "4790143",
    "commercialArticleNumber": "25719",
    "name": "Boemboe Nasi Goreng",
    "description": "*Boemboe",
    "brand": "INPROBA",
    "seoBrand": "Inproba",
    "thumbNail": "https://static.colruytgroup.com/images/200x200/std.lang.all/66/44/asset-3456644.jpg",
    "fullImage": "https://static.colruytgroup.com/images/500x500/std.lang.all/66/44/asset-3456644.jpg",
    "squareImage": "https://static.colruytgroup.com/images/500x500sq/std.lang.all/66/44/asset-3456644.jpg",
    "content": "95g",
    "walkRouteSequenceNumber": 8471,
    "price": {
      "basicPrice": 1.29,
      "recommendedQuantity": "1.0",
      "measurementUnitPrice": 13.58,
      "measurementUnit": "K",
      "isRedPrice": false,
      "pricePerUOM": 13.58,
      "activationDate": "30-01-2024",
      "isPromoActive": "N",
      "priceChangeCode": "E"
    },
    "isAvailable": true,
    "isPriceAvailable": true,
    "inPromo": false,
    "gtin": [
      "08710518735241",
      "08710518735234"
    ],
    "topCategoryName": "Kruidenierswaren/Droge voeding",
    "topCategoryId": "233",
    "businessDomain": "RETAIL_BE",
    "IsPrivateLabel": false,
    "IsBiffe": false,
    "WeightconversionFactor": "0",
    "IsWeightArticle": false,
    "IsBio": false,
    "CountryOfOrigin": "NEDERLAND",
    "IsExclusivelySoldInLuxembourg": false,
    "OrderUnit": "P",
    "ShortName": "INPR BOEM.NASI GORENG95",
    "IsNew": true,
    "RecentQuanityOfStockUnits": "1",
    "LongName": "INPROBA Boemboe Nasi Goreng 95g",
    "AlcoholVolume": "0",
    "FicCode": "E"
  },
  {
    "productId": "10728",
    "technicalArticleNumber": "1378623",
    "commercialArticleNumber": "12330",
    "name": "roux wit",
    "description": "*Roux\n*Geschikt voor witte\nsauzen\n*Altijd met factuur",
    "brand": "KNORR",
    "seoBrand": "Knorr",
    "thumbNail": "https://static.colruytgroup.com/images/200x200/nl_be/62/57/asset-1206257.jpg",
    "fullImage": "https://static.colruytgroup.com/images/500x500/nl_be/62/57/asset-1206257.jpg",
    "squareImage": "https://static.colruytgroup.com/images/500x500sq/nl_be/62/57/asset-1206257.jpg",
    "content": "1kg",
    "walkRouteSequenceNumber": 9712,
    "price": {
      "basicPrice": 11.23,
      "recommendedQuantity": "1.0",
      "measurementUnitPrice": 11.23,
      "measurementUnit": "K",
      "isRedPrice": false,
      "pricePerUOM": 11.23,
      "activationDate": "01-04-2023",
      "isPromoActive": "N",
      "priceChangeCode": "H"
    },
    "isAvailable": true,
    "isPriceAvailable": true,
    "inPromo": false,
    "gtin": [
      "08711100437017",
      "08711100637011"
    ],
    "topCategoryName": "Kruidenierswaren/Droge voeding",
    "topCategoryId": "233",
    "businessDomain": "RETAIL_BE",
    "IsPrivateLabel": false,
    "IsBiffe": false,
    "WeightconversionFactor": "0",
    "IsWeightArticle": false,
    "nutriscoreLabel": "D",
    "IsBio": false,
    "CountryOfOrigin": "BELGIË",
    "IsExclusivelySoldInLuxembourg": false,
    "OrderUnit": "P",
    "ShortName": "HC KNORR BLANKE ROUX1KG",
    "IsNew": false,
    "EcoscoreLabel": "B",
    "RecentQuanityOfStockUnits": "1",
    "LongName": "KNORR roux wit 1kg",
    "AlcoholVolume": "0",
    "FicCode": "E",
    "EcoscoreValue": "73"
  },
  {
    "productId": "138767",
    "technicalArticleNumber": "3191824",
    "commercialArticleNumber": "17345",
    "name": "mosselkruiden zakje",
    "brand": "BONI",
    "seoBrand": "Boni Selection",
    "thumbNail": "https://static.colruytgroup.com/images/200x200/std.lang.all/06/72/asset-1850672.jpg",
    "fullImage": "https://static.colruytgroup.com/images/500x500/std.lang.all/06/72/asset-1850672.jpg",
    "squareImage": "https://static.colruytgroup.com/images/500x500sq/std.lang.all/06/72/asset-1850672.jpg",
    "content": "15g",
    "walkRouteSequenceNumber": 6490,
    "price": {
      "basicPrice": 1.49,
      "recommendedQuantity": "1.0",
      "measurementUnitPrice": 99.34,
      "measurementUnit": "K",
      "isRedPrice": false,
      "pricePerUOM": 99.34,
      "activationDate": "21-03-2024",
      "isPromoActive": "N",
      "priceChangeCode": "H"
    },
    "isAvailable": true,
    "isPriceAvailable": true,
    "inPromo": false,
    "gtin": [
      "15400141359722",
      "15400141126270",
      "05400141168372",
      "15400141953210"
    ],
    "topCategoryName": "Kruidenierswaren/Droge voeding",
    "topCategoryId": "233",
    "businessDomain": "RETAIL_BE",
    "IsPrivateLabel": true,
    "IsBiffe": false,
    "WeightconversionFactor": "0",
    "IsWeightArticle": false,
    "IsBio": false,
    "CountryOfOrigin": "BELGIË",
    "IsExclusivelySoldInLuxembourg": false,
    "OrderUnit": "P",
    "ShortName": "BONI SEL MOSSELSPEC15GR",
    "IsNew": false,
    "EcoscoreLabel": "E",
    "RecentQuanityOfStockUnits": "1",
    "LongName": "BONI mosselkruiden zakje 15g",
    "AlcoholVolume": "0",
    "FicCode": "I",
    "EcoscoreValue": "7"
  },
  {
    "productId": "878676",
    "technicalArticleNumber": "4734923",
    "commercialArticleNumber": "18766",
    "name": "groene olijven",
    "brand": "BONI",
    "seoBrand": "Boni Selection",
    "thumbNail": "https://static.colruytgroup.com/images/200x200/std.lang.all/19/06/asset-3261906.jpg",
    "fullImage": "https://static.colruytgroup.com/images/500x500/std.lang.all/19/06/asset-3261906.jpg",
    "squareImage": "https://static.colruytgroup.com/images/500x500sq/std.lang.all/19/06/asset-3261906.jpg",
    "content": "300g",
    "walkRouteSequenceNumber": 7652,
    "price": {
      "basicPrice": 4.49,
      "recommendedQuantity": "1.0",
      "quantityPrice": 4.13,
      "quantityPriceQuantity": "3.0",
      "measurementUnitPrice": 14.97,
      "measurementUnitQuantityPrice": 13.77,
      "measurementUnit": "K",
      "isRedPrice": false,
      "pricePerUOM": 14.97,
      "activationDate": "21-11-2023",
      "isPromoActive": "N",
      "priceChangeCode": "L",
      "quantityPricePerUOM": 13.77,
      "quantityActivationDate": "21-11-2023",
      "quantityPriceChangeCode": "L"
    },
    "isAvailable": true,
    "isPriceAvailable": true,
    "inPromo": false,
    "gtin": [
      "15400141850014",
      "05400141850017"
    ],
    "topCategoryName": "Chips/Borrelhapjes",
    "topCategoryId": "306",
    "businessDomain": "RETAIL_BE",
    "IsPrivateLabel": true,
    "IsBiffe": false,
    "WeightconversionFactor": "0",
    "IsWeightArticle": false,
    "nutriscoreLabel": "D",
    "IsBio": false,
    "CountryOfOrigin": "NEDERLAND",
    "IsExclusivelySoldInLuxembourg": false,
    "OrderUnit": "P",
    "ShortName": "BONI TAPENADE GROEN300G",
    "IsNew": false,
    "EcoscoreLabel": "C",
    "RecentQuanityOfStockUnits": "1",
    "LongName": "BONI groene olijven 300g",
    "FicCode": "I",
    "EcoscoreValue": "53"
  },
  {
    "productId": "1021762",
    "technicalArticleNumber": "4790759",
    "commercialArticleNumber": "33426",
    "name": "Suikerdecoratie Haasje",
    "brand": "TASTY ME",
    "seoBrand": "Tasty Me",
    "thumbNail": "https://static.colruytgroup.com/images/200x200/std.lang.all/71/42/asset-3447142.jpg",
    "fullImage": "https://static.colruytgroup.com/images/500x500/std.lang.all/71/42/asset-3447142.jpg",
    "squareImage": "https://static.colruytgroup.com/images/500x500sq/std.lang.all/71/42/asset-3447142.jpg",
    "content": "45g",
    "walkRouteSequenceNumber": 9428,
    "price": {
      "basicPrice": 1.99,
      "recommendedQuantity": "1.0",
      "measurementUnitPrice": 44.23,
      "measurementUnit": "K",
      "isRedPrice": false,
      "pricePerUOM": 44.23,
      "activationDate": "01-02-2024",
      "isPromoActive": "N",
      "priceChangeCode": "E"
    },
    "isAvailable": true,
    "isPriceAvailable": true,
    "inPromo": false,
    "gtin": [
      "08720847962577",
      "08718734056508"
    ],
    "topCategoryName": "Kruidenierswaren/Droge voeding",
    "topCategoryId": "233",
    "businessDomain": "RETAIL_BE",
    "IsPrivateLabel": false,
    "IsBiffe": false,
    "WeightconversionFactor": "0",
    "IsWeightArticle": false,
    "IsBio": false,
    "CountryOfOrigin": "SPANJE",
    "IsExclusivelySoldInLuxembourg": false,
    "OrderUnit": "P",
    "ShortName": "TAME SUIK.DECO.HAASJE45",
    "IsNew": true,
    "RecentQuanityOfStockUnits": "1",
    "LongName": "TASTY ME Suikerdecoratie Haasje 45g",
    "FicCode": "E"
  },
  {
    "productId": "1021287",
    "technicalArticleNumber": "4790145",
    "commercialArticleNumber": "26165",
    "name": "Boemboe Bami Goreng",
    "description": "*Boemboe",
    "brand": "INPROBA",
    "seoBrand": "Inproba",
    "thumbNail": "https://static.colruytgroup.com/images/200x200/std.lang.all/66/45/asset-3456645.jpg",
    "fullImage": "https://static.colruytgroup.com/images/500x500/std.lang.all/66/45/asset-3456645.jpg",
    "squareImage": "https://static.colruytgroup.com/images/500x500sq/std.lang.all/66/45/asset-3456645.jpg",
    "content": "95g",
    "walkRouteSequenceNumber": 17021,
    "price": {
      "basicPrice": 1.29,
      "recommendedQuantity": "1.0",
      "measurementUnitPrice": 13.58,
      "measurementUnit": "K",
      "isRedPrice": false,
      "pricePerUOM": 13.58,
      "activationDate": "30-01-2024",
      "isPromoActive": "N",
      "priceChangeCode": "E"
    },
    "isAvailable": true,
    "isPriceAvailable": true,
    "inPromo": false,
    "gtin": [
      "08710518735265",
      "08710518735258"
    ],
    "topCategoryName": "Kruidenierswaren/Droge voeding",
    "topCategoryId": "233",
    "businessDomain": "RETAIL_BE",
    "IsPrivateLabel": false,
    "IsBiffe": false,
    "WeightconversionFactor": "0",
    "IsWeightArticle": false,
    "IsBio": false,
    "CountryOfOrigin": "NEDERLAND",
    "IsExclusivelySoldInLuxembourg": false,
    "OrderUnit": "P",
    "ShortName": "INPR BOEM.BAMI GORENG95",
    "IsNew": true,
    "RecentQuanityOfStockUnits": "1",
    "LongName": "INPROBA Boemboe Bami Goreng 95g",
    "AlcoholVolume": "0",
    "FicCode": "E"
  },
  {
    "productId": "704246",
    "technicalArticleNumber": "4438763",
    "commercialArticleNumber": "22746",
    "name": "brown basmati 1 kg V",
    "brand": "TILDA",
    "seoBrand": "tilda",
    "thumbNail": "https://static.colruytgroup.com/images/200x200/std.lang.all/47/89/asset-2434789.jpg",
    "fullImage": "https://static.colruytgroup.com/images/500x500/std.lang.all/47/89/asset-2434789.jpg",
    "squareImage": "https://static.colruytgroup.com/images/500x500sq/std.lang.all/47/89/asset-2434789.jpg",
    "content": "1kg",
    "walkRouteSequenceNumber": 8317,
    "price": {
      "basicPrice": 6.79,
      "recommendedQuantity": "1.0",
      "measurementUnitPrice": 6.79,
      "measurementUnit": "K",
      "isRedPrice": false,
      "pricePerUOM": 6.79,
      "activationDate": "28-02-2024",
      "recordSource": "Offline",
      "isPromoActive": "N",
      "priceChangeCode": "H"
    },
    "isAvailable": true,
    "isPriceAvailable": true,
    "inPromo": false,
    "gtin": [
      "05011157670232",
      "05011157671222"
    ],
    "topCategoryName": "Kruidenierswaren/Droge voeding",
    "topCategoryId": "233",
    "businessDomain": "RETAIL_BE",
    "IsPrivateLabel": false,
    "IsBiffe": false,
    "WeightconversionFactor": "0",
    "IsWeightArticle": false,
    "nutriscoreLabel": "A",
    "IsBio": false,
    "CountryOfOrigin": "VERENIGD KONINKRIJK",
    "IsExclusivelySoldInLuxembourg": false,
    "OrderUnit": "P",
    "ShortName": "TILD BROWN BASMATI 1KG",
    "IsNew": false,
    "EcoscoreLabel": "E",
    "RecentQuanityOfStockUnits": "1",
    "LongName": "TILDA brown basmati 1 kg V 1kg",
    "FicCode": "E",
    "EcoscoreValue": "12"
  },
  {
    "productId": "696865",
    "technicalArticleNumber": "4426994",
    "commercialArticleNumber": "26070",
    "name": "dressing pesto",
    "description": "*Pesto dressing,\nheerlijk bij salade,\nals dipsaus",
    "brand": "BONI",
    "seoBrand": "Boni Selection",
    "thumbNail": "https://static.colruytgroup.com/images/200x200/std.lang.all/28/24/asset-2712824.jpg",
    "fullImage": "https://static.colruytgroup.com/images/500x500/std.lang.all/28/24/asset-2712824.jpg",
    "squareImage": "https://static.colruytgroup.com/images/500x500sq/std.lang.all/28/24/asset-2712824.jpg",
    "content": "300ml",
    "walkRouteSequenceNumber": 7539,
    "price": {
      "basicPrice": 2.49,
      "recommendedQuantity": "1.0",
      "measurementUnitPrice": 8.3,
      "measurementUnit": "L",
      "isRedPrice": false,
      "pricePerUOM": 8.3,
      "activationDate": "04-11-2022",
      "isPromoActive": "N",
      "priceChangeCode": "E"
    },
    "isAvailable": true,
    "isPriceAvailable": true,
    "inPromo": false,
    "gtin": [
      "15400141458449",
      "05400141458442"
    ],
    "topCategoryName": "Kruidenierswaren/Droge voeding",
    "topCategoryId": "233",
    "businessDomain": "RETAIL_BE",
    "IsPrivateLabel": true,
    "IsBiffe": false,
    "WeightconversionFactor": "0",
    "IsWeightArticle": false,
    "nutriscoreLabel": "D",
    "IsBio": false,
    "CountryOfOrigin": "BELGIË",
    "IsExclusivelySoldInLuxembourg": false,
    "OrderUnit": "P",
    "ShortName": "BONI DRESS PESTO 300ML",
    "IsNew": false,
    "EcoscoreLabel": "C",
    "RecentQuanityOfStockUnits": "1",
    "LongName": "BONI dressing pesto 300ml",
    "FicCode": "I",
    "EcoscoreValue": "57"
  },
  {
    "productId": "874278",
    "technicalArticleNumber": "4729263",
    "commercialArticleNumber": "32092",
    "name": "Decoratiemix chocolade",
    "brand": "DR.OETKER",
    "seoBrand": "Dr.Oetker",
    "thumbNail": "https://static.colruytgroup.com/images/200x200/std.lang.all/89/16/asset-3218916.jpg",
    "fullImage": "https://static.colruytgroup.com/images/500x500/std.lang.all/89/16/asset-3218916.jpg",
    "squareImage": "https://static.colruytgroup.com/images/500x500sq/std.lang.all/89/16/asset-3218916.jpg",
    "content": "50g",
    "walkRouteSequenceNumber": 9432,
    "price": {
      "basicPrice": 3.09,
      "recommendedQuantity": "1.0",
      "quantityPrice": 2.54,
      "quantityPriceQuantity": "3.0",
      "measurementUnitPrice": 61.8,
      "measurementUnitQuantityPrice": 50.8,
      "measurementUnit": "K",
      "isRedPrice": false,
      "pricePerUOM": 61.8,
      "activationDate": "20-03-2024",
      "recordSource": "Offline",
      "isPromoActive": "N",
      "priceChangeCode": "E",
      "quantityPricePerUOM": 50.8,
      "quantityActivationDate": "20-03-2024",
      "quantityPriceChangeCode": "E"
    },
    "isAvailable": true,
    "isPriceAvailable": true,
    "inPromo": false,
    "gtin": [
      "04000521032999",
      "04000521032982"
    ],
    "topCategoryName": "Kruidenierswaren/Droge voeding",
    "topCategoryId": "233",
    "businessDomain": "RETAIL_BE",
    "IsPrivateLabel": false,
    "IsBiffe": false,
    "WeightconversionFactor": "0",
    "IsWeightArticle": false,
    "nutriscoreLabel": "E",
    "IsBio": false,
    "CountryOfOrigin": "DUITSLAND",
    "IsExclusivelySoldInLuxembourg": false,
    "OrderUnit": "P",
    "ShortName": "OETK DECO MIX CHOC 50G",
    "IsNew": false,
    "RecentQuanityOfStockUnits": "1",
    "LongName": "DR.OETKER Decoratiemix chocolade 50g",
    "AlcoholVolume": "0",
    "FicCode": "E"
  },
  {
    "productId": "1015819",
    "technicalArticleNumber": "4788570",
    "commercialArticleNumber": "4578",
    "name": "Mirin Fu",
    "description": "*Saus",
    "brand": "KIKKOMAN",
    "seoBrand": "Kikkoman",
    "thumbNail": "https://static.colruytgroup.com/images/200x200/std.lang.all/99/08/asset-3449908.jpg",
    "fullImage": "https://static.colruytgroup.com/images/500x500/std.lang.all/99/08/asset-3449908.jpg",
    "squareImage": "https://static.colruytgroup.com/images/500x500sq/std.lang.all/99/08/asset-3449908.jpg",
    "content": "125ml",
    "walkRouteSequenceNumber": 8633,
    "price": {
      "basicPrice": 2.89,
      "recommendedQuantity": "1.0",
      "measurementUnitPrice": 23.12,
      "measurementUnit": "K",
      "isRedPrice": false,
      "pricePerUOM": 23.12,
      "activationDate": "07-02-2024",
      "isPromoActive": "N",
      "priceChangeCode": "E"
    },
    "isAvailable": true,
    "isPriceAvailable": true,
    "inPromo": false,
    "gtin": [
      "08715035644038",
      "08715035644007"
    ],
    "topCategoryName": "Kruidenierswaren/Droge voeding",
    "topCategoryId": "233",
    "businessDomain": "RETAIL_BE",
    "IsPrivateLabel": false,
    "IsBiffe": false,
    "WeightconversionFactor": "0",
    "IsWeightArticle": false,
    "IsBio": false,
    "CountryOfOrigin": "PORTUGAL",
    "IsExclusivelySoldInLuxembourg": false,
    "OrderUnit": "P",
    "ShortName": "KIKK MIRIN FU SAUS125ML",
    "IsNew": true,
    "RecentQuanityOfStockUnits": "1",
    "LongName": "KIKKOMAN Mirin Fu 125ml",
    "AlcoholVolume": "0",
    "FicCode": "E"
  },
  {
    "productId": "852718",
    "technicalArticleNumber": "4701027",
    "commercialArticleNumber": "31105",
    "name": "broodmix sunny grains",
    "brand": "NIAMH",
    "seoBrand": "Niamh",
    "thumbNail": "https://static.colruytgroup.com/images/200x200/std.lang.all/04/55/asset-3140455.jpg",
    "fullImage": "https://static.colruytgroup.com/images/500x500/std.lang.all/04/55/asset-3140455.jpg",
    "squareImage": "https://static.colruytgroup.com/images/500x500sq/std.lang.all/04/55/asset-3140455.jpg",
    "content": "2kg",
    "walkRouteSequenceNumber": 9719,
    "price": {
      "basicPrice": 7.25,
      "recommendedQuantity": "1.0",
      "measurementUnitPrice": 3.63,
      "measurementUnit": "K",
      "isRedPrice": false,
      "pricePerUOM": 3.63,
      "activationDate": "27-02-2024",
      "recordSource": "Offline",
      "isPromoActive": "N",
      "priceChangeCode": "H"
    },
    "isAvailable": true,
    "isPriceAvailable": true,
    "inPromo": false,
    "gtin": [
      "05415196010286",
      "05415196010422"
    ],
    "topCategoryName": "Kruidenierswaren/Droge voeding",
    "topCategoryId": "233",
    "businessDomain": "RETAIL_BE",
    "IsPrivateLabel": false,
    "IsBiffe": false,
    "WeightconversionFactor": "0",
    "IsWeightArticle": false,
    "nutriscoreLabel": "A",
    "IsBio": false,
    "CountryOfOrigin": "BELGIË",
    "IsExclusivelySoldInLuxembourg": false,
    "OrderUnit": "P",
    "ShortName": "NIAM SUNNY GRAINS 2KG",
    "IsNew": false,
    "EcoscoreLabel": "B",
    "RecentQuanityOfStockUnits": "1",
    "LongName": "NIAMH broodmix sunny grains 2kg",
    "FicCode": "E",
    "EcoscoreValue": "77"
  },
  {
    "productId": "42934",
    "technicalArticleNumber": "2436908",
    "commercialArticleNumber": "36498",
    "name": "rijst mengeling FT",
    "description": "*Losse rijst\n*kooktijd:20 minuten",
    "brand": "BONI BIO",
    "seoBrand": "Boni Selection Bio",
    "thumbNail": "https://static.colruytgroup.com/images/200x200/std.lang.all/88/42/asset-2488842.jpg",
    "fullImage": "https://static.colruytgroup.com/images/500x500/std.lang.all/88/42/asset-2488842.jpg",
    "squareImage": "https://static.colruytgroup.com/images/500x500sq/std.lang.all/88/42/asset-2488842.jpg",
    "content": "500g",
    "walkRouteSequenceNumber": 8321,
    "price": {
      "basicPrice": 3.55,
      "recommendedQuantity": "1.0",
      "measurementUnitPrice": 7.1,
      "measurementUnit": "K",
      "isRedPrice": false,
      "pricePerUOM": 7.1,
      "activationDate": "28-02-2024",
      "recordSource": "Offline",
      "isPromoActive": "N",
      "priceChangeCode": "H"
    },
    "isAvailable": true,
    "isPriceAvailable": true,
    "inPromo": false,
    "gtin": [
      "05400141240795",
      "15400141408864",
      "05400141408867",
      "15400141868514",
      "15400141240792",
      "05400141255348",
      "05400141182330",
      "05400141127652"
    ],
    "topCategoryName": "Kruidenierswaren/Droge voeding",
    "topCategoryId": "233",
    "businessDomain": "RETAIL_BE",
    "IsPrivateLabel": true,
    "IsBiffe": false,
    "WeightconversionFactor": "0",
    "IsWeightArticle": false,
    "nutriscoreLabel": "A",
    "IsBio": true,
    "CountryOfOrigin": "INDIA",
    "IsExclusivelySoldInLuxembourg": false,
    "OrderUnit": "P",
    "ShortName": "BS BIO FT MIX WILD 500G",
    "InSeason": true,
    "IsNew": false,
    "EcoscoreLabel": "C",
    "RecentQuanityOfStockUnits": "1",
    "LongName": "BONI BIO rijst mengeling FT 500g",
    "AlcoholVolume": "0",
    "StartSeasonDate": "14/08/2015",
    "FicCode": "I",
    "EcoscoreValue": "47"
  },
  {
    "productId": "542644",
    "technicalArticleNumber": "4166960",
    "commercialArticleNumber": "9838",
    "name": "GinTonic botanicals",
    "description": "*4varianten:\n*Floral spicy\n*Sweet Floral\n*Spicy citric\n*Sweet citric",
    "brand": "LA BARRACA",
    "seoBrand": "La Barraca",
    "thumbNail": "https://static.colruytgroup.com/images/200x200/std.lang.all/87/20/asset-1918720.jpg",
    "fullImage": "https://static.colruytgroup.com/images/500x500/std.lang.all/87/20/asset-1918720.jpg",
    "squareImage": "https://static.colruytgroup.com/images/500x500sq/std.lang.all/87/20/asset-1918720.jpg",
    "content": "1st",
    "walkRouteSequenceNumber": 6409,
    "price": {
      "basicPrice": 3.99,
      "recommendedQuantity": "1.0",
      "measurementUnitPrice": 3.99,
      "measurementUnit": "S",
      "isRedPrice": false,
      "pricePerUOM": 3.99,
      "activationDate": "09-03-2024",
      "isPromoActive": "N",
      "priceChangeCode": "H"
    },
    "isAvailable": true,
    "isPriceAvailable": true,
    "inPromo": false,
    "gtin": [
      "05430000305105",
      "05430000305099",
      "05430000305112",
      "05430000305129",
      "35430000305113",
      "45430000305110"
    ],
    "topCategoryName": "Kruidenierswaren/Droge voeding",
    "topCategoryId": "233",
    "businessDomain": "RETAIL_BE",
    "IsPrivateLabel": false,
    "IsBiffe": false,
    "WeightconversionFactor": "0",
    "IsWeightArticle": false,
    "IsBio": false,
    "CountryOfOrigin": "SPANJE",
    "IsExclusivelySoldInLuxembourg": false,
    "OrderUnit": "P",
    "ShortName": "BARR GINTONIC BOTANI1ST",
    "InSeason": true,
    "IsNew": false,
    "RecentQuanityOfStockUnits": "1,1,1,1",
    "LongName": "LA BARRACA GinTonic botanicals 1st",
    "StartSeasonDate": "16/02/2021",
    "FicCode": "E"
  },
  {
    "productId": "769910",
    "technicalArticleNumber": "4556717",
    "commercialArticleNumber": "21779",
    "name": "beschuit",
    "description": "*Krokant en luchtig\n*Per 2 verpakt\n*Vierkant",
    "brand": "SOUBRY",
    "seoBrand": "Soubry",
    "thumbNail": "https://static.colruytgroup.com/images/200x200/std.lang.all/21/78/asset-2992178.jpg",
    "fullImage": "https://static.colruytgroup.com/images/500x500/std.lang.all/21/78/asset-2992178.jpg",
    "squareImage": "https://static.colruytgroup.com/images/500x500sq/std.lang.all/21/78/asset-2992178.jpg",
    "content": "156x2st",
    "walkRouteSequenceNumber": 17113,
    "price": {
      "basicPrice": 24.99,
      "recommendedQuantity": "1.0",
      "measurementUnitPrice": 0.081,
      "measurementUnit": "S",
      "isRedPrice": false,
      "pricePerUOM": 0.081,
      "activationDate": "28-01-2023",
      "isPromoActive": "N",
      "priceChangeCode": "H"
    },
    "isAvailable": true,
    "isPriceAvailable": true,
    "inPromo": false,
    "gtin": [
      "05410028620558"
    ],
    "topCategoryName": "Brood/Ontbijt",
    "topCategoryId": "124",
    "businessDomain": "RETAIL_BE",
    "IsPrivateLabel": false,
    "IsBiffe": false,
    "WeightconversionFactor": "0",
    "IsWeightArticle": false,
    "nutriscoreLabel": "C",
    "IsBio": false,
    "CountryOfOrigin": "BELGIË",
    "IsExclusivelySoldInLuxembourg": false,
    "OrderUnit": "P",
    "ShortName": "HC SOUB BESCHUIT156X2ST",
    "IsNew": false,
    "EcoscoreLabel": "A",
    "RecentQuanityOfStockUnits": "1",
    "LongName": "SOUBRY beschuit 156x2st",
    "FicCode": "E",
    "EcoscoreValue": "100"
  },
  {
    "productId": "704243",
    "technicalArticleNumber": "4438760",
    "commercialArticleNumber": "22708",
    "name": "sla kruiden",
    "brand": "DAGELIJKSE KOST",
    "seoBrand": "Dagelijkse kost",
    "thumbNail": "https://static.colruytgroup.com/images/200x200/std.lang.all/03/36/asset-2430336.jpg",
    "fullImage": "https://static.colruytgroup.com/images/500x500/std.lang.all/03/36/asset-2430336.jpg",
    "squareImage": "https://static.colruytgroup.com/images/500x500sq/std.lang.all/03/36/asset-2430336.jpg",
    "content": "70g",
    "walkRouteSequenceNumber": 6471,
    "price": {
      "basicPrice": 5.19,
      "recommendedQuantity": "1.0",
      "measurementUnitPrice": 74.15,
      "measurementUnit": "K",
      "isRedPrice": false,
      "pricePerUOM": 74.15,
      "activationDate": "30-12-2022",
      "isPromoActive": "N",
      "priceChangeCode": "E"
    },
    "isAvailable": true,
    "isPriceAvailable": true,
    "inPromo": false,
    "gtin": [
      "05410531547502",
      "05410531547519"
    ],
    "topCategoryName": "Kruidenierswaren/Droge voeding",
    "topCategoryId": "233",
    "businessDomain": "RETAIL_BE",
    "IsPrivateLabel": false,
    "IsBiffe": false,
    "WeightconversionFactor": "0",
    "IsWeightArticle": false,
    "nutriscoreLabel": "A",
    "IsBio": false,
    "CountryOfOrigin": "BELGIË",
    "IsExclusivelySoldInLuxembourg": false,
    "OrderUnit": "P",
    "ShortName": "DAKO SLA KRUIDEN 70G",
    "IsNew": false,
    "EcoscoreLabel": "D",
    "RecentQuanityOfStockUnits": "1",
    "LongName": "DAGELIJKSE KOST sla kruiden 70g",
    "FicCode": "E",
    "EcoscoreValue": "26"
  },
  {
    "productId": "162453",
    "technicalArticleNumber": "3258788",
    "commercialArticleNumber": "40138",
    "name": "Gazpacho",
    "description": "*Verse groenten-\ngazpacho met olijf-\nolie",
    "brand": "BONI",
    "seoBrand": "Boni Selection",
    "thumbNail": "https://static.colruytgroup.com/images/200x200/std.lang.all/41/59/asset-3224159.jpg",
    "fullImage": "https://static.colruytgroup.com/images/500x500/std.lang.all/41/59/asset-3224159.jpg",
    "squareImage": "https://static.colruytgroup.com/images/500x500sq/std.lang.all/41/59/asset-3224159.jpg",
    "content": "1L",
    "walkRouteSequenceNumber": 7521,
    "price": {
      "basicPrice": 2.95,
      "recommendedQuantity": "1.0",
      "measurementUnitPrice": 2.95,
      "measurementUnit": "L",
      "isRedPrice": false,
      "pricePerUOM": 2.95,
      "activationDate": "01-03-2024",
      "recordSource": "Offline",
      "isPromoActive": "N",
      "priceChangeCode": "E"
    },
    "isAvailable": true,
    "isPriceAvailable": true,
    "inPromo": false,
    "gtin": [
      "05400141350791",
      "15400141350798"
    ],
    "topCategoryName": "Bereidingen/Charcuterie/Vis/Veggie",
    "topCategoryId": "105",
    "businessDomain": "RETAIL_BE",
    "IsPrivateLabel": true,
    "IsBiffe": false,
    "WeightconversionFactor": "0",
    "IsWeightArticle": false,
    "nutriscoreLabel": "C",
    "IsBio": false,
    "CountryOfOrigin": "SPANJE",
    "IsExclusivelySoldInLuxembourg": false,
    "OrderUnit": "P",
    "ShortName": "BONI GAZPACHO 1 L",
    "InSeason": true,
    "IsNew": false,
    "EcoscoreLabel": "A",
    "RecentQuanityOfStockUnits": "1",
    "LongName": "BONI Gazpacho 1L",
    "AlcoholVolume": "0",
    "StartSeasonDate": "31/01/2024",
    "FicCode": "I",
    "EcoscoreValue": "100"
  },
  {
    "productId": "98068",
    "technicalArticleNumber": "2850128",
    "commercialArticleNumber": "33901",
    "name": "Cupcake stiften chocolade",
    "brand": "DR.OETKER",
    "seoBrand": "Dr.Oetker",
    "thumbNail": "https://static.colruytgroup.com/images/200x200/std.lang.all/19/20/asset-2231920.jpg",
    "fullImage": "https://static.colruytgroup.com/images/500x500/std.lang.all/19/20/asset-2231920.jpg",
    "squareImage": "https://static.colruytgroup.com/images/500x500sq/std.lang.all/19/20/asset-2231920.jpg",
    "content": "3st",
    "walkRouteSequenceNumber": 9443,
    "price": {
      "basicPrice": 5.46,
      "recommendedQuantity": "1.0",
      "quantityPrice": 4.36,
      "quantityPriceQuantity": "3.0",
      "measurementUnitPrice": 95.79,
      "measurementUnitQuantityPrice": 76.5,
      "measurementUnit": "K",
      "isRedPrice": false,
      "pricePerUOM": 95.79,
      "activationDate": "20-03-2024",
      "recordSource": "Offline",
      "isPromoActive": "N",
      "priceChangeCode": "E",
      "quantityPricePerUOM": 76.5,
      "quantityActivationDate": "20-03-2024",
      "quantityPriceChangeCode": "H"
    },
    "isAvailable": true,
    "isPriceAvailable": true,
    "inPromo": false,
    "gtin": [
      "05410231052320",
      "05410231052344",
      "05410231059022"
    ],
    "topCategoryName": "Kruidenierswaren/Droge voeding",
    "topCategoryId": "233",
    "businessDomain": "RETAIL_BE",
    "IsPrivateLabel": false,
    "IsBiffe": false,
    "WeightconversionFactor": "0",
    "IsWeightArticle": false,
    "nutriscoreLabel": "E",
    "IsBio": false,
    "CountryOfOrigin": "POLEN",
    "IsExclusivelySoldInLuxembourg": false,
    "OrderUnit": "P",
    "ShortName": "OETK CUPCAKE CHOSTIFT3S",
    "IsNew": false,
    "RecentQuanityOfStockUnits": "1",
    "LongName": "DR.OETKER Cupcake stiften chocolade 3st",
    "AlcoholVolume": "0",
    "FicCode": "E"
  },
  {
    "productId": "741585",
    "technicalArticleNumber": "4506962",
    "commercialArticleNumber": "27982",
    "name": "Croustidor frituurolie",
    "brand": "LESIEUR",
    "seoBrand": "Lesieur",
    "thumbNail": "https://static.colruytgroup.com/images/200x200/std.lang.all/32/36/asset-2543236.jpg",
    "fullImage": "https://static.colruytgroup.com/images/500x500/std.lang.all/32/36/asset-2543236.jpg",
    "squareImage": "https://static.colruytgroup.com/images/500x500sq/std.lang.all/32/36/asset-2543236.jpg",
    "content": "2L",
    "walkRouteSequenceNumber": 9149,
    "price": {
      "basicPrice": 10.15,
      "recommendedQuantity": "1.0",
      "measurementUnitPrice": 5.08,
      "measurementUnit": "L",
      "isRedPrice": false,
      "pricePerUOM": 5.08,
      "activationDate": "21-03-2024",
      "recordSource": "Online",
      "isPromoActive": "N",
      "priceChangeCode": "E"
    },
    "isAvailable": true,
    "isPriceAvailable": true,
    "inPromo": false,
    "gtin": [
      "03265474354005",
      "13265474478012"
    ],
    "topCategoryName": "Kruidenierswaren/Droge voeding",
    "topCategoryId": "233",
    "businessDomain": "RETAIL_BE",
    "IsPrivateLabel": false,
    "IsBiffe": false,
    "WeightconversionFactor": "0",
    "IsWeightArticle": false,
    "nutriscoreLabel": "C",
    "IsBio": false,
    "CountryOfOrigin": "FRANKRIJK",
    "IsExclusivelySoldInLuxembourg": false,
    "OrderUnit": "P",
    "ShortName": "LESI CROUST.FRIT.OLIE2L",
    "IsNew": false,
    "EcoscoreLabel": "C",
    "RecentQuanityOfStockUnits": "1",
    "LongName": "LESIEUR Croustidor frituurolie 2L",
    "FicCode": "E",
    "EcoscoreValue": "52"
  },
  {
    "productId": "753378",
    "technicalArticleNumber": "4526989",
    "commercialArticleNumber": "22611",
    "name": "bake-off nutty granola",
    "description": "*Bakmix voor granola\n*Zelf toe te voegen:\n*Siroop,kokosolie,\nen lekkers naar keuze!",
    "brand": "BONI",
    "seoBrand": "Boni Selection",
    "thumbNail": "https://static.colruytgroup.com/images/200x200/std.lang.all/25/23/asset-2932523.jpg",
    "fullImage": "https://static.colruytgroup.com/images/500x500/std.lang.all/25/23/asset-2932523.jpg",
    "squareImage": "https://static.colruytgroup.com/images/500x500sq/std.lang.all/25/23/asset-2932523.jpg",
    "content": "1kg",
    "walkRouteSequenceNumber": 17427,
    "price": {
      "basicPrice": 10.99,
      "recommendedQuantity": "1.0",
      "measurementUnitPrice": 10.99,
      "measurementUnit": "K",
      "isRedPrice": false,
      "pricePerUOM": 10.99,
      "activationDate": "14-11-2022",
      "isPromoActive": "N",
      "priceChangeCode": "E"
    },
    "isAvailable": true,
    "isPriceAvailable": true,
    "inPromo": false,
    "gtin": [
      "15400141608639",
      "05400141608632"
    ],
    "topCategoryName": "Kruidenierswaren/Droge voeding",
    "topCategoryId": "233",
    "businessDomain": "RETAIL_BE",
    "IsPrivateLabel": true,
    "IsBiffe": false,
    "WeightconversionFactor": "0",
    "IsWeightArticle": false,
    "nutriscoreLabel": "A",
    "IsBio": false,
    "CountryOfOrigin": "BELGIË",
    "IsExclusivelySoldInLuxembourg": false,
    "OrderUnit": "P",
    "ShortName": "BONI BAK.OFF NUT.GRA.1K",
    "IsNew": false,
    "EcoscoreLabel": "B",
    "RecentQuanityOfStockUnits": "1",
    "LongName": "BONI bake-off nutty granola 1kg",
    "FicCode": "I",
    "EcoscoreValue": "61"
  },
  {
    "productId": "112243",
    "technicalArticleNumber": "3032986",
    "commercialArticleNumber": "18114",
    "name": "saus luikse saus",
    "brand": "ALTESSE",
    "seoBrand": "Altesse",
    "thumbNail": "https://static.colruytgroup.com/images/200x200/std.lang.all/78/16/asset-527816.jpg",
    "fullImage": "https://static.colruytgroup.com/images/500x500/std.lang.all/78/16/asset-527816.jpg",
    "squareImage": "https://static.colruytgroup.com/images/500x500sq/std.lang.all/78/16/asset-527816.jpg",
    "content": "375g",
    "walkRouteSequenceNumber": 8249,
    "price": {
      "basicPrice": 2.39,
      "recommendedQuantity": "1.0",
      "measurementUnitPrice": 6.38,
      "measurementUnit": "K",
      "isRedPrice": false,
      "pricePerUOM": 6.38,
      "activationDate": "12-01-2024",
      "isPromoActive": "N",
      "priceChangeCode": "H"
    },
    "isAvailable": true,
    "isPriceAvailable": true,
    "inPromo": false,
    "gtin": [
      "05425031091158",
      "05425031091141"
    ],
    "topCategoryName": "Kruidenierswaren/Droge voeding",
    "topCategoryId": "233",
    "businessDomain": "RETAIL_BE",
    "IsPrivateLabel": false,
    "IsBiffe": false,
    "WeightconversionFactor": "0",
    "IsWeightArticle": false,
    "IsBio": false,
    "CountryOfOrigin": "BELGIË",
    "IsExclusivelySoldInLuxembourg": false,
    "OrderUnit": "P",
    "ShortName": "RE SAUS LIEGEOISE 375G",
    "IsNew": false,
    "RecentQuanityOfStockUnits": "1",
    "LongName": "ALTESSE saus luikse saus 375g",
    "AlcoholVolume": "0",
    "FicCode": "E"
  },
  {
    "productId": "339154",
    "technicalArticleNumber": "3735422",
    "commercialArticleNumber": "51132",
    "name": "quinoa tricolore Ayacucho",
    "brand": "BONI BIO",
    "seoBrand": "Boni Selection Bio",
    "thumbNail": "https://static.colruytgroup.com/images/200x200/std.lang.all/03/89/asset-3360389.jpg",
    "fullImage": "https://static.colruytgroup.com/images/500x500/std.lang.all/03/89/asset-3360389.jpg",
    "squareImage": "https://static.colruytgroup.com/images/500x500sq/std.lang.all/03/89/asset-3360389.jpg",
    "content": "500g",
    "walkRouteSequenceNumber": 8419,
    "price": {
      "basicPrice": 3.36,
      "recommendedQuantity": "1.0",
      "measurementUnitPrice": 6.72,
      "measurementUnit": "K",
      "isRedPrice": false,
      "pricePerUOM": 6.72,
      "activationDate": "12-03-2024",
      "recordSource": "Offline",
      "isPromoActive": "N",
      "priceChangeCode": "L"
    },
    "isAvailable": true,
    "isPriceAvailable": true,
    "inPromo": false,
    "gtin": [
      "05400141189681",
      "05400141413984",
      "15400141413981",
      "15400141386513",
      "05400141386516"
    ],
    "topCategoryName": "Kruidenierswaren/Droge voeding",
    "topCategoryId": "233",
    "businessDomain": "RETAIL_BE",
    "IsPrivateLabel": true,
    "IsBiffe": false,
    "WeightconversionFactor": "0",
    "IsWeightArticle": false,
    "nutriscoreLabel": "A",
    "IsBio": true,
    "CountryOfOrigin": "PERU",
    "IsExclusivelySoldInLuxembourg": false,
    "OrderUnit": "P",
    "ShortName": "BONI BIO QUINOA TRI.500",
    "IsNew": false,
    "EcoscoreLabel": "C",
    "RecentQuanityOfStockUnits": "1",
    "LongName": "BONI BIO quinoa tricolore Ayacucho 500g",
    "AlcoholVolume": "0",
    "FicCode": "I",
    "EcoscoreValue": "47"
  },
  {
    "productId": "52628",
    "technicalArticleNumber": "2253564",
    "commercialArticleNumber": "4752",
    "name": "Pasta Sauce Arrabb. bio bok",
    "description": "*Pikante tomatensaus\nmet gedroogde\nchilipeper",
    "brand": "BIONA",
    "seoBrand": "Biona",
    "thumbNail": "https://static.colruytgroup.com/images/200x200/std.lang.all/79/71/asset-2967971.jpg",
    "fullImage": "https://static.colruytgroup.com/images/500x500/std.lang.all/79/71/asset-2967971.jpg",
    "squareImage": "https://static.colruytgroup.com/images/500x500sq/std.lang.all/79/71/asset-2967971.jpg",
    "content": "350g",
    "walkRouteSequenceNumber": 8342,
    "price": {
      "basicPrice": 2.65,
      "recommendedQuantity": "1.0",
      "measurementUnitPrice": 7.58,
      "measurementUnit": "K",
      "isRedPrice": false,
      "pricePerUOM": 7.58,
      "activationDate": "01-02-2024",
      "isPromoActive": "N",
      "priceChangeCode": "L"
    },
    "isAvailable": true,
    "isPriceAvailable": true,
    "inPromo": false,
    "gtin": [
      "05032722308367",
      "05032722645462"
    ],
    "topCategoryName": "Kruidenierswaren/Droge voeding",
    "topCategoryId": "233",
    "businessDomain": "RETAIL_BE",
    "IsPrivateLabel": false,
    "IsBiffe": false,
    "WeightconversionFactor": "0",
    "IsWeightArticle": false,
    "nutriscoreLabel": "B",
    "IsBio": true,
    "CountryOfOrigin": "BELGIË",
    "IsExclusivelySoldInLuxembourg": false,
    "OrderUnit": "P",
    "ShortName": "UB BIO SAUS ARRAB.350G",
    "IsNew": false,
    "EcoscoreLabel": "A",
    "RecentQuanityOfStockUnits": "1",
    "LongName": "BIONA Pasta Sauce Arrabb. bio bok 350g",
    "AlcoholVolume": "0",
    "FicCode": "E",
    "EcoscoreValue": "93"
  },
  {
    "productId": "878681",
    "technicalArticleNumber": "4734935",
    "commercialArticleNumber": "18860",
    "name": "zwarte olijven",
    "brand": "BONI",
    "seoBrand": "Boni Selection",
    "thumbNail": "https://static.colruytgroup.com/images/200x200/std.lang.all/25/54/asset-3452554.jpg",
    "fullImage": "https://static.colruytgroup.com/images/500x500/std.lang.all/25/54/asset-3452554.jpg",
    "squareImage": "https://static.colruytgroup.com/images/500x500sq/std.lang.all/25/54/asset-3452554.jpg",
    "content": "300g",
    "walkRouteSequenceNumber": 7651,
    "price": {
      "basicPrice": 4.49,
      "recommendedQuantity": "1.0",
      "quantityPrice": 4.13,
      "quantityPriceQuantity": "3.0",
      "measurementUnitPrice": 14.97,
      "measurementUnitQuantityPrice": 13.77,
      "measurementUnit": "K",
      "isRedPrice": false,
      "pricePerUOM": 14.97,
      "activationDate": "21-11-2023",
      "isPromoActive": "N",
      "priceChangeCode": "L",
      "quantityPricePerUOM": 13.77,
      "quantityActivationDate": "21-11-2023",
      "quantityPriceChangeCode": "L"
    },
    "isAvailable": true,
    "isPriceAvailable": true,
    "inPromo": false,
    "gtin": [
      "05400141850031"
    ],
    "topCategoryName": "Chips/Borrelhapjes",
    "topCategoryId": "306",
    "businessDomain": "RETAIL_BE",
    "IsPrivateLabel": true,
    "IsBiffe": false,
    "WeightconversionFactor": "0",
    "IsWeightArticle": false,
    "nutriscoreLabel": "D",
    "IsBio": false,
    "CountryOfOrigin": "NEDERLAND",
    "IsExclusivelySoldInLuxembourg": false,
    "OrderUnit": "P",
    "ShortName": "BONI TAPENADE ZWART300G",
    "IsNew": false,
    "EcoscoreLabel": "B",
    "RecentQuanityOfStockUnits": "1",
    "LongName": "BONI zwarte olijven 300g",
    "FicCode": "I",
    "EcoscoreValue": "75"
  },
  {
    "productId": "171426",
    "technicalArticleNumber": "3399870",
    "commercialArticleNumber": "30226",
    "name": "vinaigrette bieslook",
    "description": "*Altijd met factuur",
    "thumbNail": "https://static.colruytgroup.com/images/200x200/std.lang.all/47/79/asset-2404779.jpg",
    "fullImage": "https://static.colruytgroup.com/images/500x500/std.lang.all/47/79/asset-2404779.jpg",
    "squareImage": "https://static.colruytgroup.com/images/500x500sq/std.lang.all/47/79/asset-2404779.jpg",
    "content": "2L",
    "walkRouteSequenceNumber": 8058,
    "price": {
      "basicPrice": 11.51,
      "recommendedQuantity": "1.0",
      "measurementUnitPrice": 5.76,
      "measurementUnit": "L",
      "isRedPrice": false,
      "pricePerUOM": 5.76,
      "activationDate": "04-04-2023",
      "isPromoActive": "N",
      "priceChangeCode": "H"
    },
    "isAvailable": true,
    "isPriceAvailable": true,
    "inPromo": false,
    "gtin": [
      "05410093917782",
      "05410093017789"
    ],
    "topCategoryName": "Kruidenierswaren/Droge voeding",
    "topCategoryId": "233",
    "businessDomain": "RETAIL_BE",
    "IsPrivateLabel": false,
    "IsBiffe": false,
    "WeightconversionFactor": "0",
    "IsWeightArticle": false,
    "nutriscoreLabel": "D",
    "IsBio": false,
    "CountryOfOrigin": "BELGIË",
    "IsExclusivelySoldInLuxembourg": false,
    "OrderUnit": "P",
    "ShortName": "HC FLS VINAI BIESL 2L",
    "IsNew": false,
    "EcoscoreLabel": "D",
    "RecentQuanityOfStockUnits": "1",
    "LongName": "vinaigrette bieslook 2L",
    "AlcoholVolume": "0",
    "FicCode": "E",
    "EcoscoreValue": "39"
  },
  {
    "productId": "339760",
    "technicalArticleNumber": "3826733",
    "commercialArticleNumber": "21685",
    "name": "augurkenschijfjes zoetzuur",
    "brand": "ECONOM",
    "seoBrand": "Econom",
    "thumbNail": "https://static.colruytgroup.com/images/200x200/std.lang.all/64/95/asset-2986495.jpg",
    "fullImage": "https://static.colruytgroup.com/images/500x500/std.lang.all/64/95/asset-2986495.jpg",
    "squareImage": "https://static.colruytgroup.com/images/500x500sq/std.lang.all/64/95/asset-2986495.jpg",
    "content": "2,30kg",
    "walkRouteSequenceNumber": 16359,
    "price": {
      "basicPrice": 5.45,
      "recommendedQuantity": "1.0",
      "measurementUnitPrice": 4.74,
      "measurementUnit": "K",
      "isRedPrice": false,
      "pricePerUOM": 4.74,
      "activationDate": "18-04-2023",
      "isPromoActive": "N",
      "priceChangeCode": "H"
    },
    "isAvailable": true,
    "isPriceAvailable": true,
    "inPromo": false,
    "gtin": [
      "05404009103758",
      "15404009103755"
    ],
    "topCategoryName": "Kruidenierswaren/Droge voeding",
    "topCategoryId": "233",
    "businessDomain": "RETAIL_BE",
    "IsPrivateLabel": true,
    "IsBiffe": false,
    "WeightconversionFactor": "0",
    "IsWeightArticle": false,
    "nutriscoreLabel": "A",
    "IsBio": false,
    "CountryOfOrigin": "NEDERLAND",
    "IsExclusivelySoldInLuxembourg": false,
    "OrderUnit": "P",
    "ShortName": "HC ECON ZTZ.AUG.SCH 2K3",
    "IsNew": false,
    "EcoscoreLabel": "B",
    "RecentQuanityOfStockUnits": "1,2",
    "LongName": "ECONOM augurkenschijfjes zoetzuur 2,30kg",
    "AlcoholVolume": "0",
    "FicCode": "I",
    "EcoscoreValue": "79"
  },
  {
    "productId": "750472",
    "technicalArticleNumber": "4522478",
    "commercialArticleNumber": "19092",
    "name": "groentenbouillon",
    "brand": "ECONOM",
    "seoBrand": "Econom",
    "thumbNail": "https://static.colruytgroup.com/images/200x200/std.lang.all/29/33/asset-2762933.jpg",
    "fullImage": "https://static.colruytgroup.com/images/500x500/std.lang.all/29/33/asset-2762933.jpg",
    "squareImage": "https://static.colruytgroup.com/images/500x500sq/std.lang.all/29/33/asset-2762933.jpg",
    "content": "1,5kg",
    "walkRouteSequenceNumber": 6559,
    "price": {
      "basicPrice": 11.29,
      "recommendedQuantity": "1.0",
      "measurementUnitPrice": 7.53,
      "measurementUnit": "K",
      "isRedPrice": false,
      "pricePerUOM": 7.53,
      "activationDate": "28-06-2023",
      "isPromoActive": "N",
      "priceChangeCode": "H"
    },
    "isAvailable": true,
    "isPriceAvailable": true,
    "inPromo": false,
    "gtin": [
      "05400141888058",
      "15400141888055"
    ],
    "topCategoryName": "Kruidenierswaren/Droge voeding",
    "topCategoryId": "233",
    "businessDomain": "RETAIL_BE",
    "IsPrivateLabel": true,
    "IsBiffe": false,
    "WeightconversionFactor": "0",
    "IsWeightArticle": false,
    "nutriscoreLabel": "C",
    "IsBio": false,
    "CountryOfOrigin": "SPANJE",
    "IsExclusivelySoldInLuxembourg": false,
    "OrderUnit": "P",
    "ShortName": "HC ECON GROENT.BOUI.1K5",
    "IsNew": false,
    "EcoscoreLabel": "B",
    "RecentQuanityOfStockUnits": "1",
    "LongName": "ECONOM groentenbouillon 1,5kg",
    "FicCode": "I",
    "EcoscoreValue": "79"
  },
  {
    "productId": "568126",
    "technicalArticleNumber": "4211657",
    "commercialArticleNumber": "16436",
    "name": "cocktailuitjes",
    "brand": "ECONOM",
    "seoBrand": "Econom",
    "thumbNail": "https://static.colruytgroup.com/images/200x200/std.lang.all/13/76/asset-2091376.jpg",
    "fullImage": "https://static.colruytgroup.com/images/500x500/std.lang.all/13/76/asset-2091376.jpg",
    "squareImage": "https://static.colruytgroup.com/images/500x500sq/std.lang.all/13/76/asset-2091376.jpg",
    "content": "2,3kg",
    "walkRouteSequenceNumber": 16358,
    "price": {
      "basicPrice": 4.78,
      "recommendedQuantity": "1.0",
      "measurementUnitPrice": 2.08,
      "measurementUnit": "K",
      "isRedPrice": false,
      "pricePerUOM": 2.08,
      "activationDate": "18-04-2023",
      "isPromoActive": "N",
      "priceChangeCode": "H"
    },
    "isAvailable": true,
    "isPriceAvailable": true,
    "inPromo": false,
    "gtin": [
      "05404009106834",
      "15404009106831"
    ],
    "topCategoryName": "Kruidenierswaren/Droge voeding",
    "topCategoryId": "233",
    "businessDomain": "RETAIL_BE",
    "IsPrivateLabel": true,
    "IsBiffe": false,
    "WeightconversionFactor": "0",
    "IsWeightArticle": false,
    "nutriscoreLabel": "C",
    "IsBio": false,
    "CountryOfOrigin": "NEDERLAND",
    "IsExclusivelySoldInLuxembourg": false,
    "OrderUnit": "P",
    "ShortName": "HC ECON COCKTAILUIT2KG3",
    "IsNew": false,
    "EcoscoreLabel": "A",
    "RecentQuanityOfStockUnits": "1,2",
    "LongName": "ECONOM cocktailuitjes 2,3kg",
    "FicCode": "I",
    "EcoscoreValue": "87"
  },
  {
    "productId": "874295",
    "technicalArticleNumber": "4729289",
    "commercialArticleNumber": "32101",
    "name": "Decoratiemix caramel",
    "description": "*caramel",
    "brand": "DR.OETKER",
    "seoBrand": "Dr.Oetker",
    "thumbNail": "https://static.colruytgroup.com/images/200x200/std.lang.all/89/17/asset-3218917.jpg",
    "fullImage": "https://static.colruytgroup.com/images/500x500/std.lang.all/89/17/asset-3218917.jpg",
    "squareImage": "https://static.colruytgroup.com/images/500x500sq/std.lang.all/89/17/asset-3218917.jpg",
    "content": "50g",
    "walkRouteSequenceNumber": 9431,
    "price": {
      "basicPrice": 3.18,
      "recommendedQuantity": "1.0",
      "quantityPrice": 2.54,
      "quantityPriceQuantity": "3.0",
      "measurementUnitPrice": 63.6,
      "measurementUnitQuantityPrice": 50.8,
      "measurementUnit": "K",
      "isRedPrice": false,
      "pricePerUOM": 63.6,
      "activationDate": "20-03-2024",
      "recordSource": "Offline",
      "isPromoActive": "N",
      "priceChangeCode": "E",
      "quantityPricePerUOM": 50.8,
      "quantityActivationDate": "20-03-2024",
      "quantityPriceChangeCode": "E"
    },
    "isAvailable": true,
    "isPriceAvailable": true,
    "inPromo": false,
    "gtin": [
      "04000521032968",
      "04000521032975"
    ],
    "topCategoryName": "Kruidenierswaren/Droge voeding",
    "topCategoryId": "233",
    "businessDomain": "RETAIL_BE",
    "IsPrivateLabel": false,
    "IsBiffe": false,
    "WeightconversionFactor": "0",
    "IsWeightArticle": false,
    "nutriscoreLabel": "E",
    "IsBio": false,
    "CountryOfOrigin": "DUITSLAND",
    "IsExclusivelySoldInLuxembourg": false,
    "OrderUnit": "P",
    "ShortName": "OETK DECO MIX CARAM 50G",
    "IsNew": false,
    "RecentQuanityOfStockUnits": "1",
    "LongName": "DR.OETKER Decoratiemix caramel 50g",
    "AlcoholVolume": "0",
    "FicCode": "E"
  },
  {
    "productId": "526919",
    "technicalArticleNumber": "4115313",
    "commercialArticleNumber": "9006",
    "name": "bolognesesaus",
    "brand": "ECONOM",
    "seoBrand": "Econom",
    "thumbNail": "https://static.colruytgroup.com/images/200x200/std.lang.all/33/56/asset-1903356.jpg",
    "fullImage": "https://static.colruytgroup.com/images/500x500/std.lang.all/33/56/asset-1903356.jpg",
    "squareImage": "https://static.colruytgroup.com/images/500x500sq/std.lang.all/33/56/asset-1903356.jpg",
    "content": "1,92kg",
    "walkRouteSequenceNumber": 8393,
    "price": {
      "basicPrice": 10.45,
      "recommendedQuantity": "1.0",
      "measurementUnitPrice": 5.45,
      "measurementUnit": "K",
      "isRedPrice": false,
      "pricePerUOM": 5.45,
      "activationDate": "29-12-2023",
      "isPromoActive": "N",
      "priceChangeCode": "H"
    },
    "isAvailable": true,
    "isPriceAvailable": true,
    "inPromo": false,
    "gtin": [
      "05400141295139",
      "15400141295136"
    ],
    "topCategoryName": "Kruidenierswaren/Droge voeding",
    "topCategoryId": "233",
    "businessDomain": "RETAIL_BE",
    "IsPrivateLabel": true,
    "IsBiffe": false,
    "WeightconversionFactor": "0",
    "IsWeightArticle": false,
    "nutriscoreLabel": "B",
    "IsBio": false,
    "CountryOfOrigin": "BELGIË",
    "IsExclusivelySoldInLuxembourg": false,
    "OrderUnit": "P",
    "ShortName": "HC ECON BOLOGNESES1.92K",
    "IsNew": false,
    "EcoscoreLabel": "E",
    "RecentQuanityOfStockUnits": "1,4",
    "LongName": "ECONOM bolognesesaus 1,92kg",
    "FicCode": "I",
    "EcoscoreValue": "18"
  },
  {
    "productId": "9952",
    "technicalArticleNumber": "1347536",
    "commercialArticleNumber": "14001",
    "name": "rijstpapmix vanille",
    "description": "Rijstpap met vanillesmaak, snel en\nmakkelijk te bereiden.\nMix voor 1/2 l melk.",
    "brand": "DR.OETKER",
    "seoBrand": "Dr.Oetker",
    "thumbNail": "https://static.colruytgroup.com/images/200x200/std.lang.all/85/84/asset-1278584.jpg",
    "fullImage": "https://static.colruytgroup.com/images/500x500/std.lang.all/85/84/asset-1278584.jpg",
    "squareImage": "https://static.colruytgroup.com/images/500x500sq/std.lang.all/85/84/asset-1278584.jpg",
    "content": "125g",
    "walkRouteSequenceNumber": 9581,
    "price": {
      "basicPrice": 2.49,
      "recommendedQuantity": "1.0",
      "quantityPrice": 2.19,
      "quantityPriceQuantity": "3.0",
      "measurementUnitPrice": 19.92,
      "measurementUnitQuantityPrice": 17.52,
      "measurementUnit": "K",
      "isRedPrice": false,
      "pricePerUOM": 19.92,
      "activationDate": "20-03-2024",
      "recordSource": "Offline",
      "isPromoActive": "N",
      "priceChangeCode": "E",
      "quantityPricePerUOM": 17.52,
      "quantityActivationDate": "20-03-2024",
      "quantityPriceChangeCode": "L"
    },
    "isAvailable": true,
    "isPriceAvailable": true,
    "inPromo": false,
    "gtin": [
      "05410231002929",
      "05410231002943",
      "05410231007924"
    ],
    "topCategoryName": "Kruidenierswaren/Droge voeding",
    "topCategoryId": "233",
    "businessDomain": "RETAIL_BE",
    "IsPrivateLabel": false,
    "IsBiffe": false,
    "WeightconversionFactor": "0",
    "IsWeightArticle": false,
    "nutriscoreLabel": "B",
    "IsBio": false,
    "CountryOfOrigin": "BELGIË",
    "IsExclusivelySoldInLuxembourg": false,
    "OrderUnit": "P",
    "ShortName": "OETK RIJSTPAP VAN 125G",
    "IsNew": false,
    "RecentQuanityOfStockUnits": "1",
    "LongName": "DR.OETKER rijstpapmix vanille 125g",
    "AlcoholVolume": "0",
    "FicCode": "E"
  },
  {
    "productId": "16052",
    "technicalArticleNumber": "1539249",
    "commercialArticleNumber": "13506",
    "name": "saus witte saus doos",
    "description": "*Altijd met factuur",
    "brand": "KNORR",
    "seoBrand": "Knorr",
    "thumbNail": "https://static.colruytgroup.com/images/200x200/std.lang.all/90/15/asset-3359015.jpg",
    "fullImage": "https://static.colruytgroup.com/images/500x500/std.lang.all/90/15/asset-3359015.jpg",
    "squareImage": "https://static.colruytgroup.com/images/500x500sq/std.lang.all/90/15/asset-3359015.jpg",
    "content": "1kg",
    "walkRouteSequenceNumber": 9714,
    "price": {
      "basicPrice": 13.74,
      "recommendedQuantity": "1.0",
      "measurementUnitPrice": 13.74,
      "measurementUnit": "K",
      "isRedPrice": false,
      "pricePerUOM": 13.74,
      "activationDate": "01-04-2023",
      "isPromoActive": "N",
      "priceChangeCode": "H"
    },
    "isAvailable": true,
    "isPriceAvailable": true,
    "inPromo": false,
    "gtin": [
      "08711100419440",
      "08711100419457"
    ],
    "topCategoryName": "Kruidenierswaren/Droge voeding",
    "topCategoryId": "233",
    "businessDomain": "RETAIL_BE",
    "IsPrivateLabel": false,
    "IsBiffe": false,
    "WeightconversionFactor": "0",
    "IsWeightArticle": false,
    "nutriscoreLabel": "C",
    "IsBio": false,
    "CountryOfOrigin": "NEDERLAND",
    "IsExclusivelySoldInLuxembourg": false,
    "OrderUnit": "P",
    "ShortName": "HC KN WITTE SAUS 1K",
    "IsNew": false,
    "EcoscoreLabel": "B",
    "RecentQuanityOfStockUnits": "1",
    "LongName": "KNORR saus witte saus doos 1kg",
    "AlcoholVolume": "0",
    "FicCode": "E",
    "EcoscoreValue": "67"
  },
  {
    "productId": "18674",
    "technicalArticleNumber": "1770953",
    "commercialArticleNumber": "14147",
    "name": "Primerba bouquet italiana",
    "brand": "KNORR",
    "seoBrand": "Knorr Primerba",
    "thumbNail": "https://static.colruytgroup.com/images/200x200/std.lang.all/32/93/asset-533293.jpg",
    "fullImage": "https://static.colruytgroup.com/images/500x500/std.lang.all/32/93/asset-533293.jpg",
    "squareImage": "https://static.colruytgroup.com/images/500x500sq/std.lang.all/32/93/asset-533293.jpg",
    "content": "340g",
    "walkRouteSequenceNumber": 6499,
    "price": {
      "basicPrice": 14.1,
      "recommendedQuantity": "2.0",
      "measurementUnitPrice": 41.48,
      "measurementUnit": "K",
      "isRedPrice": false,
      "pricePerUOM": 41.48,
      "activationDate": "01-04-2023",
      "isPromoActive": "N",
      "priceChangeCode": "H"
    },
    "isAvailable": true,
    "isPriceAvailable": true,
    "inPromo": false,
    "gtin": [
      "08711100447832",
      "08711100647386"
    ],
    "topCategoryName": "Kruidenierswaren/Droge voeding",
    "topCategoryId": "233",
    "businessDomain": "RETAIL_BE",
    "IsPrivateLabel": false,
    "IsBiffe": false,
    "WeightconversionFactor": "0",
    "IsWeightArticle": false,
    "IsBio": false,
    "CountryOfOrigin": "BELGIË",
    "IsExclusivelySoldInLuxembourg": false,
    "OrderUnit": "P",
    "ShortName": "HC KN PRIM ITAL 340GR",
    "IsNew": false,
    "EcoscoreLabel": "B",
    "RecentQuanityOfStockUnits": "1",
    "LongName": "KNORR Primerba bouquet italiana 340g",
    "AlcoholVolume": "0",
    "FicCode": "E",
    "EcoscoreValue": "79"
  },
  {
    "productId": "172358",
    "technicalArticleNumber": "3385585",
    "commercialArticleNumber": "31067",
    "name": "soep kreeftenbisque 1,6l",
    "description": "*Altijd met factuur",
    "brand": "KNORR",
    "seoBrand": "Knorr",
    "thumbNail": "https://static.colruytgroup.com/images/200x200/std.lang.all/64/12/asset-976412.jpg",
    "fullImage": "https://static.colruytgroup.com/images/500x500/std.lang.all/64/12/asset-976412.jpg",
    "squareImage": "https://static.colruytgroup.com/images/500x500sq/std.lang.all/64/12/asset-976412.jpg",
    "content": "1,6L",
    "walkRouteSequenceNumber": 16899,
    "price": {
      "basicPrice": 8.68,
      "recommendedQuantity": "1.0",
      "measurementUnitPrice": 10.85,
      "measurementUnit": "K",
      "isRedPrice": false,
      "pricePerUOM": 10.85,
      "activationDate": "09-01-2024",
      "isPromoActive": "N",
      "priceChangeCode": "H"
    },
    "isAvailable": true,
    "isPriceAvailable": true,
    "inPromo": false,
    "gtin": [
      "05411100444567",
      "05411100205151"
    ],
    "topCategoryName": "Kruidenierswaren/Droge voeding",
    "topCategoryId": "233",
    "businessDomain": "RETAIL_BE",
    "IsPrivateLabel": false,
    "IsBiffe": false,
    "WeightconversionFactor": "0",
    "IsWeightArticle": false,
    "nutriscoreLabel": "D",
    "IsBio": false,
    "CountryOfOrigin": "BELGIË",
    "IsExclusivelySoldInLuxembourg": false,
    "OrderUnit": "P",
    "ShortName": "HC KN BISQ HOM 1.6 800G",
    "InSeason": true,
    "IsNew": false,
    "EcoscoreLabel": "E",
    "RecentQuanityOfStockUnits": "1",
    "LongName": "KNORR soep kreeftenbisque 1,6l 1,6L",
    "AlcoholVolume": "0",
    "StartSeasonDate": "26/09/2016",
    "FicCode": "E",
    "EcoscoreValue": "1"
  },
  {
    "productId": "18675",
    "technicalArticleNumber": "1771013",
    "commercialArticleNumber": "14150",
    "name": "saus pesto Pot",
    "brand": "KNORR PRIMERBA",
    "seoBrand": "Knorr Primerba",
    "thumbNail": "https://static.colruytgroup.com/images/200x200/std.lang.all/12/81/asset-1231281.jpg",
    "fullImage": "https://static.colruytgroup.com/images/500x500/std.lang.all/12/81/asset-1231281.jpg",
    "squareImage": "https://static.colruytgroup.com/images/500x500sq/std.lang.all/12/81/asset-1231281.jpg",
    "content": "340g",
    "walkRouteSequenceNumber": 6503,
    "price": {
      "basicPrice": 16.27,
      "recommendedQuantity": "1.0",
      "measurementUnitPrice": 47.86,
      "measurementUnit": "K",
      "isRedPrice": false,
      "pricePerUOM": 47.86,
      "activationDate": "01-04-2023",
      "isPromoActive": "N",
      "priceChangeCode": "H"
    },
    "isAvailable": true,
    "isPriceAvailable": true,
    "inPromo": false,
    "gtin": [
      "08711100447412",
      "08711100647416"
    ],
    "topCategoryName": "Kruidenierswaren/Droge voeding",
    "topCategoryId": "233",
    "businessDomain": "RETAIL_BE",
    "IsPrivateLabel": false,
    "IsBiffe": false,
    "WeightconversionFactor": "0",
    "IsWeightArticle": false,
    "nutriscoreLabel": "E",
    "IsBio": false,
    "CountryOfOrigin": "BELGIË",
    "IsExclusivelySoldInLuxembourg": false,
    "OrderUnit": "P",
    "ShortName": "HC KN PRIM PESTO 340G",
    "IsNew": false,
    "EcoscoreLabel": "D",
    "RecentQuanityOfStockUnits": "1",
    "LongName": "KNORR PRIMERBA saus pesto Pot 340g",
    "AlcoholVolume": "0",
    "FicCode": "E",
    "EcoscoreValue": "38"
  },
  {
    "productId": "10729",
    "technicalArticleNumber": "1378624",
    "commercialArticleNumber": "12331",
    "name": "roux bruin",
    "description": "*Roux\n*Geschikt voor\nbruine sauzen",
    "brand": "KNORR",
    "seoBrand": "Knorr",
    "thumbNail": "https://static.colruytgroup.com/images/200x200/nl_be/79/54/asset-1747954.jpg",
    "fullImage": "https://static.colruytgroup.com/images/500x500/nl_be/79/54/asset-1747954.jpg",
    "squareImage": "https://static.colruytgroup.com/images/500x500sq/nl_be/79/54/asset-1747954.jpg",
    "content": "1kg",
    "walkRouteSequenceNumber": 9713,
    "price": {
      "basicPrice": 10.03,
      "recommendedQuantity": "1.0",
      "measurementUnitPrice": 10.03,
      "measurementUnit": "K",
      "isRedPrice": false,
      "pricePerUOM": 10.03,
      "activationDate": "08-03-2024",
      "isPromoActive": "N",
      "priceChangeCode": "L"
    },
    "isAvailable": true,
    "isPriceAvailable": true,
    "inPromo": false,
    "gtin": [
      "08711100437031",
      "08711100637035"
    ],
    "topCategoryName": "Kruidenierswaren/Droge voeding",
    "topCategoryId": "233",
    "businessDomain": "RETAIL_BE",
    "IsPrivateLabel": false,
    "IsBiffe": false,
    "WeightconversionFactor": "0",
    "IsWeightArticle": false,
    "nutriscoreLabel": "D",
    "IsBio": false,
    "CountryOfOrigin": "BELGIË",
    "IsExclusivelySoldInLuxembourg": false,
    "OrderUnit": "P",
    "ShortName": "HC KNORR BRUINE ROUX1KG",
    "InSeason": true,
    "IsNew": false,
    "EcoscoreLabel": "B",
    "RecentQuanityOfStockUnits": "1",
    "LongName": "KNORR roux bruin 1kg",
    "AlcoholVolume": "0",
    "StartSeasonDate": "12/05/2017",
    "FicCode": "E",
    "EcoscoreValue": "77"
  },
  {
    "productId": "1020819",
    "technicalArticleNumber": "4789575",
    "commercialArticleNumber": "17519",
    "name": "Yakitori Saus",
    "brand": "SUZI WAN",
    "seoBrand": "Suzi Wan",
    "thumbNail": "https://static.colruytgroup.com/images/200x200/std.lang.all/30/14/asset-3443014.jpg",
    "fullImage": "https://static.colruytgroup.com/images/500x500/std.lang.all/30/14/asset-3443014.jpg",
    "squareImage": "https://static.colruytgroup.com/images/500x500sq/std.lang.all/30/14/asset-3443014.jpg",
    "content": "143ml",
    "walkRouteSequenceNumber": 8470,
    "price": {
      "basicPrice": 4.39,
      "recommendedQuantity": "1.0",
      "measurementUnitPrice": 30.7,
      "measurementUnit": "L",
      "isRedPrice": false,
      "pricePerUOM": 30.7,
      "activationDate": "24-01-2024",
      "isPromoActive": "N",
      "priceChangeCode": "E"
    },
    "isAvailable": true,
    "isPriceAvailable": true,
    "inPromo": false,
    "gtin": [
      "04002359017797",
      "04002359017780"
    ],
    "topCategoryName": "Kruidenierswaren/Droge voeding",
    "topCategoryId": "233",
    "businessDomain": "RETAIL_BE",
    "IsPrivateLabel": false,
    "IsBiffe": false,
    "WeightconversionFactor": "0",
    "IsWeightArticle": false,
    "nutriscoreLabel": "E",
    "IsBio": false,
    "CountryOfOrigin": "NEDERLAND",
    "IsExclusivelySoldInLuxembourg": false,
    "OrderUnit": "P",
    "ShortName": "SW YAKITORI SAUS 143ML",
    "IsNew": true,
    "EcoscoreLabel": "B",
    "RecentQuanityOfStockUnits": "1",
    "LongName": "SUZI WAN Yakitori Saus 143ml",
    "AlcoholVolume": "0",
    "FicCode": "E",
    "EcoscoreValue": "77"
  },
  {
    "productId": "18673",
    "technicalArticleNumber": "1770944",
    "commercialArticleNumber": "13781",
    "name": "saus look Pot",
    "brand": "KNORR PRIMERBA",
    "seoBrand": "Knorr Primerba",
    "thumbNail": "https://static.colruytgroup.com/images/200x200/std.lang.all/30/04/asset-783004.jpg",
    "fullImage": "https://static.colruytgroup.com/images/500x500/std.lang.all/30/04/asset-783004.jpg",
    "squareImage": "https://static.colruytgroup.com/images/500x500sq/std.lang.all/30/04/asset-783004.jpg",
    "content": "340g",
    "walkRouteSequenceNumber": 8283,
    "price": {
      "basicPrice": 15.94,
      "recommendedQuantity": "1.0",
      "measurementUnitPrice": 46.89,
      "measurementUnit": "K",
      "isRedPrice": false,
      "pricePerUOM": 46.89,
      "activationDate": "01-04-2023",
      "isPromoActive": "N",
      "priceChangeCode": "H"
    },
    "isAvailable": true,
    "isPriceAvailable": true,
    "inPromo": false,
    "gtin": [
      "08711100447368",
      "08711100647362"
    ],
    "topCategoryName": "Kruidenierswaren/Droge voeding",
    "topCategoryId": "233",
    "businessDomain": "RETAIL_BE",
    "IsPrivateLabel": false,
    "IsBiffe": false,
    "WeightconversionFactor": "0",
    "IsWeightArticle": false,
    "nutriscoreLabel": "E",
    "IsBio": false,
    "CountryOfOrigin": "BELGIË",
    "IsExclusivelySoldInLuxembourg": false,
    "OrderUnit": "P",
    "ShortName": "HC KN PRIM LOOK 340GR",
    "InSeason": true,
    "IsNew": false,
    "EcoscoreLabel": "B",
    "RecentQuanityOfStockUnits": "1",
    "LongName": "KNORR PRIMERBA saus look Pot 340g",
    "AlcoholVolume": "0",
    "StartSeasonDate": "28/10/2015",
    "FicCode": "E",
    "EcoscoreValue": "77"
  },
  {
    "productId": "889160",
    "technicalArticleNumber": "4749689",
    "commercialArticleNumber": "4918",
    "name": "tomato ketchup",
    "brand": "LA WILLIAM",
    "seoBrand": "La William",
    "thumbNail": "https://static.colruytgroup.com/images/200x200/std.lang.all/63/07/asset-3306307.jpg",
    "fullImage": "https://static.colruytgroup.com/images/500x500/std.lang.all/63/07/asset-3306307.jpg",
    "squareImage": "https://static.colruytgroup.com/images/500x500sq/std.lang.all/63/07/asset-3306307.jpg",
    "content": "700ml",
    "walkRouteSequenceNumber": 8199,
    "price": {
      "basicPrice": 5.99,
      "recommendedQuantity": "1.0",
      "measurementUnitPrice": 8.56,
      "measurementUnit": "L",
      "isRedPrice": false,
      "pricePerUOM": 8.56,
      "activationDate": "19-12-2023",
      "isPromoActive": "N",
      "priceChangeCode": "L"
    },
    "isAvailable": true,
    "isPriceAvailable": true,
    "inPromo": false,
    "gtin": [
      "05410426114079"
    ],
    "topCategoryName": "Kruidenierswaren/Droge voeding",
    "topCategoryId": "233",
    "businessDomain": "RETAIL_BE",
    "IsPrivateLabel": false,
    "IsBiffe": false,
    "WeightconversionFactor": "0",
    "IsWeightArticle": false,
    "nutriscoreLabel": "E",
    "IsBio": false,
    "CountryOfOrigin": "BELGIË",
    "IsExclusivelySoldInLuxembourg": false,
    "OrderUnit": "P",
    "ShortName": "LAWI TOMATO KETCHUP 700",
    "IsNew": false,
    "EcoscoreLabel": "A",
    "RecentQuanityOfStockUnits": "1",
    "LongName": "LA WILLIAM tomato ketchup 700ml",
    "AlcoholVolume": "0",
    "FicCode": "E",
    "EcoscoreValue": "100"
  },
  {
    "productId": "18793",
    "technicalArticleNumber": "1771762",
    "commercialArticleNumber": "14167",
    "name": "saus curry Pot",
    "brand": "KNORR PRIMERBA",
    "seoBrand": "Knorr Primerba",
    "thumbNail": "https://static.colruytgroup.com/images/200x200/std.lang.all/12/82/asset-1231282.jpg",
    "fullImage": "https://static.colruytgroup.com/images/500x500/std.lang.all/12/82/asset-1231282.jpg",
    "squareImage": "https://static.colruytgroup.com/images/500x500sq/std.lang.all/12/82/asset-1231282.jpg",
    "content": "350g",
    "walkRouteSequenceNumber": 6502,
    "price": {
      "basicPrice": 12.29,
      "recommendedQuantity": "1.0",
      "measurementUnitPrice": 36.15,
      "measurementUnit": "K",
      "isRedPrice": false,
      "pricePerUOM": 36.15,
      "activationDate": "01-04-2023",
      "isPromoActive": "N",
      "priceChangeCode": "H"
    },
    "isAvailable": true,
    "isPriceAvailable": true,
    "inPromo": false,
    "gtin": [
      "08711200367634",
      "08711100647478",
      "08711200367610",
      "08711100447474"
    ],
    "topCategoryName": "Kruidenierswaren/Droge voeding",
    "topCategoryId": "233",
    "businessDomain": "RETAIL_BE",
    "IsPrivateLabel": false,
    "IsBiffe": false,
    "WeightconversionFactor": "0",
    "IsWeightArticle": false,
    "nutriscoreLabel": "E",
    "IsBio": false,
    "CountryOfOrigin": "BELGIË",
    "IsExclusivelySoldInLuxembourg": false,
    "OrderUnit": "P",
    "ShortName": "HC KN PRIM CURRY 340GR",
    "InSeason": true,
    "IsNew": false,
    "EcoscoreLabel": "B",
    "RecentQuanityOfStockUnits": "1",
    "LongName": "KNORR PRIMERBA saus curry Pot 350g",
    "AlcoholVolume": "0",
    "StartSeasonDate": "06/10/2015",
    "FicCode": "E",
    "EcoscoreValue": "76"
  },
  {
    "productId": "36034",
    "technicalArticleNumber": "1812074",
    "commercialArticleNumber": "13766",
    "name": "Primerba tuinkruiden",
    "description": "GEEFT EXTRA SMAAK AAN UW GERECHTEN. DE\nVERSE KRUIDEN WORDEN VERWERKT VOLGENS\nEEN UNIEK PROCéDé. EEN GEURIGE MELANGE\nVAN DIVERSE GROENE KRUIDEN ZOALS BIES-\nLOOK,PETERSELIE,KERVEL,LAVas,DILLE,BAS",
    "brand": "KNORR",
    "seoBrand": "Knorr Primerba",
    "thumbNail": "https://static.colruytgroup.com/images/200x200/std.lang.all/43/52/asset-1184352.jpg",
    "fullImage": "https://static.colruytgroup.com/images/500x500/std.lang.all/43/52/asset-1184352.jpg",
    "squareImage": "https://static.colruytgroup.com/images/500x500sq/std.lang.all/43/52/asset-1184352.jpg",
    "content": "340g",
    "walkRouteSequenceNumber": 6501,
    "price": {
      "basicPrice": 15.03,
      "recommendedQuantity": "1.0",
      "measurementUnitPrice": 44.21,
      "measurementUnit": "K",
      "isRedPrice": false,
      "pricePerUOM": 44.21,
      "activationDate": "01-04-2023",
      "isPromoActive": "N",
      "priceChangeCode": "H"
    },
    "isAvailable": true,
    "isPriceAvailable": true,
    "inPromo": false,
    "gtin": [
      "08711100647447",
      "08711100447443"
    ],
    "topCategoryName": "Kruidenierswaren/Droge voeding",
    "topCategoryId": "233",
    "businessDomain": "RETAIL_BE",
    "IsPrivateLabel": false,
    "IsBiffe": false,
    "WeightconversionFactor": "0",
    "IsWeightArticle": false,
    "IsBio": false,
    "CountryOfOrigin": "BELGIË",
    "IsExclusivelySoldInLuxembourg": false,
    "OrderUnit": "P",
    "ShortName": "HC KN TUINKRUIDEN 340G",
    "InSeason": true,
    "IsNew": false,
    "EcoscoreLabel": "B",
    "RecentQuanityOfStockUnits": "1,2",
    "LongName": "KNORR Primerba tuinkruiden 340g",
    "AlcoholVolume": "0",
    "StartSeasonDate": "03/12/2016",
    "FicCode": "E",
    "EcoscoreValue": "79"
  },
  {
    "productId": "9637",
    "technicalArticleNumber": "1124191",
    "commercialArticleNumber": "13703",
    "name": "kruiden curry",
    "brand": "BONI BIO",
    "seoBrand": "Boni Selection Bio",
    "thumbNail": "https://static.colruytgroup.com/images/200x200/std.lang.all/56/44/asset-3205644.jpg",
    "fullImage": "https://static.colruytgroup.com/images/500x500/std.lang.all/56/44/asset-3205644.jpg",
    "squareImage": "https://static.colruytgroup.com/images/500x500sq/std.lang.all/56/44/asset-3205644.jpg",
    "content": "40g",
    "walkRouteSequenceNumber": 6468,
    "price": {
      "basicPrice": 1.89,
      "recommendedQuantity": "1.0",
      "measurementUnitPrice": 47.25,
      "measurementUnit": "K",
      "isRedPrice": false,
      "pricePerUOM": 47.25,
      "activationDate": "13-03-2024",
      "recordSource": "Offline",
      "isPromoActive": "N",
      "priceChangeCode": "L"
    },
    "isAvailable": true,
    "isPriceAvailable": true,
    "inPromo": false,
    "gtin": [
      "05400141750317",
      "05400141156034",
      "05400141264555",
      "05400141401387",
      "05400141415681",
      "15400141750314",
      "35400141401388"
    ],
    "topCategoryName": "Kruidenierswaren/Droge voeding",
    "topCategoryId": "233",
    "businessDomain": "RETAIL_BE",
    "IsPrivateLabel": true,
    "IsBiffe": false,
    "WeightconversionFactor": "0",
    "IsWeightArticle": false,
    "nutriscoreLabel": "A",
    "IsBio": true,
    "CountryOfOrigin": "BELGIË",
    "IsExclusivelySoldInLuxembourg": false,
    "OrderUnit": "P",
    "ShortName": "BS BIO KERRIE 40G",
    "IsNew": false,
    "EcoscoreLabel": "D",
    "RecentQuanityOfStockUnits": "1,1",
    "LongName": "BONI BIO kruiden curry 40g",
    "AlcoholVolume": "0",
    "FicCode": "I",
    "EcoscoreValue": "32"
  },
  {
    "productId": "838692",
    "technicalArticleNumber": "4681681",
    "commercialArticleNumber": "30494",
    "name": "kippenbouillon poeder",
    "brand": "KNORR",
    "seoBrand": "Knorr",
    "thumbNail": "https://static.colruytgroup.com/images/200x200/nl_be/94/50/asset-3009450.jpg",
    "fullImage": "https://static.colruytgroup.com/images/500x500/nl_be/94/50/asset-3009450.jpg",
    "squareImage": "https://static.colruytgroup.com/images/500x500sq/nl_be/94/50/asset-3009450.jpg",
    "content": "1kg",
    "walkRouteSequenceNumber": 6526,
    "price": {
      "basicPrice": 27.03,
      "recommendedQuantity": "1.0",
      "measurementUnitPrice": 27.03,
      "measurementUnit": "K",
      "isRedPrice": false,
      "pricePerUOM": 27.03,
      "activationDate": "13-12-2023",
      "isPromoActive": "N",
      "priceChangeCode": "E"
    },
    "isAvailable": true,
    "isPriceAvailable": true,
    "inPromo": false,
    "gtin": [
      "08720182078162",
      "08720182078117"
    ],
    "topCategoryName": "Kruidenierswaren/Droge voeding",
    "topCategoryId": "233",
    "businessDomain": "RETAIL_BE",
    "IsPrivateLabel": false,
    "IsBiffe": false,
    "WeightconversionFactor": "0",
    "IsWeightArticle": false,
    "nutriscoreLabel": "C",
    "IsBio": false,
    "CountryOfOrigin": "ROEMENIË",
    "IsExclusivelySoldInLuxembourg": false,
    "OrderUnit": "P",
    "ShortName": "HC KNOR KIP.BOUI.POE1KG",
    "IsNew": false,
    "EcoscoreLabel": "B",
    "RecentQuanityOfStockUnits": "1",
    "LongName": "KNORR kippenbouillon poeder 1kg",
    "FicCode": "E",
    "EcoscoreValue": "79"
  },
  {
    "productId": "24050",
    "technicalArticleNumber": "1887933",
    "commercialArticleNumber": "13510",
    "name": "Professional demi-glace",
    "description": "*Altijd met factuur",
    "brand": "KNORR",
    "seoBrand": "Knorr",
    "thumbNail": "https://static.colruytgroup.com/images/200x200/std.lang.all/32/41/asset-1733241.jpg",
    "fullImage": "https://static.colruytgroup.com/images/500x500/std.lang.all/32/41/asset-1733241.jpg",
    "squareImage": "https://static.colruytgroup.com/images/500x500sq/std.lang.all/32/41/asset-1733241.jpg",
    "content": "1L",
    "walkRouteSequenceNumber": 8263,
    "price": {
      "basicPrice": 6.56,
      "recommendedQuantity": "1.0",
      "measurementUnitPrice": 6.56,
      "measurementUnit": "L",
      "isRedPrice": false,
      "pricePerUOM": 6.56,
      "activationDate": "08-03-2024",
      "isPromoActive": "N",
      "priceChangeCode": "H"
    },
    "isAvailable": true,
    "isPriceAvailable": true,
    "inPromo": false,
    "gtin": [
      "08718114713090",
      "08722700911210"
    ],
    "topCategoryName": "Kruidenierswaren/Droge voeding",
    "topCategoryId": "233",
    "businessDomain": "RETAIL_BE",
    "IsPrivateLabel": false,
    "IsBiffe": false,
    "WeightconversionFactor": "0",
    "IsWeightArticle": false,
    "nutriscoreLabel": "C",
    "IsBio": false,
    "CountryOfOrigin": "BELGIË",
    "IsExclusivelySoldInLuxembourg": false,
    "OrderUnit": "P",
    "ShortName": "HC KN PROF DEM GLA 1L",
    "InSeason": true,
    "IsNew": false,
    "RecentQuanityOfStockUnits": "1,6",
    "LongName": "KNORR Professional demi-glace 1L",
    "AlcoholVolume": "0",
    "StartSeasonDate": "08/10/2015",
    "FicCode": "E"
  },
  {
    "productId": "17560",
    "technicalArticleNumber": "1769174",
    "commercialArticleNumber": "13713",
    "name": "Primerba basilicum",
    "brand": "KNORR",
    "seoBrand": "Knorr Primerba",
    "thumbNail": "https://static.colruytgroup.com/images/200x200/std.lang.all/82/15/asset-778215.jpg",
    "fullImage": "https://static.colruytgroup.com/images/500x500/std.lang.all/82/15/asset-778215.jpg",
    "squareImage": "https://static.colruytgroup.com/images/500x500sq/std.lang.all/82/15/asset-778215.jpg",
    "content": "340g",
    "walkRouteSequenceNumber": 6500,
    "price": {
      "basicPrice": 17.56,
      "recommendedQuantity": "2.0",
      "measurementUnitPrice": 51.65,
      "measurementUnit": "K",
      "isRedPrice": false,
      "pricePerUOM": 51.65,
      "activationDate": "01-04-2023",
      "isPromoActive": "N",
      "priceChangeCode": "H"
    },
    "isAvailable": true,
    "isPriceAvailable": true,
    "inPromo": false,
    "gtin": [
      "08711100647348",
      "08711100447344"
    ],
    "topCategoryName": "Kruidenierswaren/Droge voeding",
    "topCategoryId": "233",
    "businessDomain": "RETAIL_BE",
    "IsPrivateLabel": false,
    "IsBiffe": false,
    "WeightconversionFactor": "0",
    "IsWeightArticle": false,
    "nutriscoreLabel": "E",
    "IsBio": false,
    "CountryOfOrigin": "BELGIË",
    "IsExclusivelySoldInLuxembourg": false,
    "OrderUnit": "P",
    "ShortName": "HC KN PRIM BASILI 340GR",
    "InSeason": true,
    "IsNew": false,
    "EcoscoreLabel": "C",
    "RecentQuanityOfStockUnits": "1",
    "LongName": "KNORR Primerba basilicum 340g",
    "AlcoholVolume": "0",
    "StartSeasonDate": "28/10/2015",
    "FicCode": "E",
    "EcoscoreValue": "43"
  },
  {
    "productId": "170822",
    "technicalArticleNumber": "3399831",
    "commercialArticleNumber": "31265",
    "name": "gebonden kalfsjus vloeibaar",
    "description": "*Altijd met factuur",
    "brand": "KNORR",
    "seoBrand": "Knorr",
    "thumbNail": "https://static.colruytgroup.com/images/200x200/std.lang.all/32/50/asset-1733250.jpg",
    "fullImage": "https://static.colruytgroup.com/images/500x500/std.lang.all/32/50/asset-1733250.jpg",
    "squareImage": "https://static.colruytgroup.com/images/500x500sq/std.lang.all/32/50/asset-1733250.jpg",
    "content": "1L",
    "walkRouteSequenceNumber": 8262,
    "price": {
      "basicPrice": 6.24,
      "recommendedQuantity": "1.0",
      "measurementUnitPrice": 6.24,
      "measurementUnit": "L",
      "isRedPrice": false,
      "pricePerUOM": 6.24,
      "activationDate": "08-03-2024",
      "isPromoActive": "N",
      "priceChangeCode": "L"
    },
    "isAvailable": true,
    "isPriceAvailable": true,
    "inPromo": false,
    "gtin": [
      "08718114713212",
      "08722700911821"
    ],
    "topCategoryName": "Kruidenierswaren/Droge voeding",
    "topCategoryId": "233",
    "businessDomain": "RETAIL_BE",
    "IsPrivateLabel": false,
    "IsBiffe": false,
    "WeightconversionFactor": "0",
    "IsWeightArticle": false,
    "IsBio": false,
    "CountryOfOrigin": "BELGIË",
    "IsExclusivelySoldInLuxembourg": false,
    "OrderUnit": "P",
    "ShortName": "HC BR KALFSJ GEB VL 1L",
    "IsNew": false,
    "RecentQuanityOfStockUnits": "1,6",
    "LongName": "KNORR gebonden kalfsjus vloeibaar 1L",
    "AlcoholVolume": "0",
    "FicCode": "N"
  },
  {
    "productId": "10727",
    "technicalArticleNumber": "1378606",
    "commercialArticleNumber": "12328",
    "name": "blanke sausb.",
    "description": "*Instant bindmiddel\n*Geschikt voor witte\nsauzen\n*Altijd met factuur",
    "brand": "KNORR MAIZENA EXPRESS",
    "seoBrand": "Knorr Express Maizena",
    "thumbNail": "https://static.colruytgroup.com/images/200x200/nl_be/62/56/asset-1206256.jpg",
    "fullImage": "https://static.colruytgroup.com/images/500x500/nl_be/62/56/asset-1206256.jpg",
    "squareImage": "https://static.colruytgroup.com/images/500x500sq/nl_be/62/56/asset-1206256.jpg",
    "content": "1kg",
    "walkRouteSequenceNumber": 9700,
    "price": {
      "basicPrice": 9.18,
      "recommendedQuantity": "1.0",
      "measurementUnitPrice": 9.18,
      "measurementUnit": "K",
      "isRedPrice": false,
      "pricePerUOM": 9.18,
      "activationDate": "08-03-2024",
      "isPromoActive": "N",
      "priceChangeCode": "H"
    },
    "isAvailable": true,
    "isPriceAvailable": true,
    "inPromo": false,
    "gtin": [
      "08711100680116",
      "08711100480112"
    ],
    "topCategoryName": "Kruidenierswaren/Droge voeding",
    "topCategoryId": "233",
    "businessDomain": "RETAIL_BE",
    "IsPrivateLabel": false,
    "IsBiffe": false,
    "WeightconversionFactor": "0",
    "IsWeightArticle": false,
    "nutriscoreLabel": "E",
    "IsBio": false,
    "CountryOfOrigin": "BELGIË",
    "IsExclusivelySoldInLuxembourg": false,
    "OrderUnit": "P",
    "ShortName": "HC MAIZ.EXP BLANK 1KG",
    "IsNew": false,
    "EcoscoreLabel": "B",
    "RecentQuanityOfStockUnits": "1",
    "LongName": "KNORR MAIZENA EXPRESS blanke sausb. 1kg",
    "AlcoholVolume": "0",
    "FicCode": "E",
    "EcoscoreValue": "73"
  },
  {
    "productId": "838705",
    "technicalArticleNumber": "4681702",
    "commercialArticleNumber": "30495",
    "name": "groentenbouillon poeder",
    "brand": "KNORR",
    "seoBrand": "Knorr",
    "thumbNail": "https://static.colruytgroup.com/images/200x200/nl_be/94/51/asset-3009451.jpg",
    "fullImage": "https://static.colruytgroup.com/images/500x500/nl_be/94/51/asset-3009451.jpg",
    "squareImage": "https://static.colruytgroup.com/images/500x500sq/nl_be/94/51/asset-3009451.jpg",
    "content": "1kg",
    "walkRouteSequenceNumber": 6525,
    "price": {
      "basicPrice": 24.22,
      "recommendedQuantity": "1.0",
      "measurementUnitPrice": 24.22,
      "measurementUnit": "K",
      "isRedPrice": false,
      "pricePerUOM": 24.22,
      "activationDate": "13-12-2023",
      "isPromoActive": "N",
      "priceChangeCode": "E"
    },
    "isAvailable": true,
    "isPriceAvailable": true,
    "inPromo": false,
    "gtin": [
      "08720182089991",
      "08720182089960",
      "08720182475909",
      "08720182475916"
    ],
    "topCategoryName": "Kruidenierswaren/Droge voeding",
    "topCategoryId": "233",
    "businessDomain": "RETAIL_BE",
    "IsPrivateLabel": false,
    "IsBiffe": false,
    "WeightconversionFactor": "0",
    "IsWeightArticle": false,
    "nutriscoreLabel": "C",
    "IsBio": false,
    "CountryOfOrigin": "ROEMENIË",
    "IsExclusivelySoldInLuxembourg": false,
    "OrderUnit": "P",
    "ShortName": "HC KNOR GROE.BOU.POE1KG",
    "IsNew": false,
    "EcoscoreLabel": "B",
    "RecentQuanityOfStockUnits": "1,1",
    "LongName": "KNORR groentenbouillon poeder 1kg",
    "FicCode": "E",
    "EcoscoreValue": "79"
  },
  {
    "productId": "871963",
    "technicalArticleNumber": "4726038",
    "commercialArticleNumber": "13665",
    "name": "Mediterrane wijze",
    "brand": "BEN'S ORIGINAL",
    "seoBrand": "Ben's original",
    "thumbNail": "https://static.colruytgroup.com/images/200x200/std.lang.all/62/71/asset-3346271.jpg",
    "fullImage": "https://static.colruytgroup.com/images/500x500/std.lang.all/62/71/asset-3346271.jpg",
    "squareImage": "https://static.colruytgroup.com/images/500x500sq/std.lang.all/62/71/asset-3346271.jpg",
    "content": "220g",
    "walkRouteSequenceNumber": 8411,
    "price": {
      "basicPrice": 2.59,
      "recommendedQuantity": "3.0",
      "measurementUnitPrice": 11.78,
      "measurementUnit": "K",
      "isRedPrice": false,
      "pricePerUOM": 11.78,
      "activationDate": "21-03-2024",
      "recordSource": "Offline",
      "isPromoActive": "N",
      "priceChangeCode": "H"
    },
    "isAvailable": true,
    "isPriceAvailable": true,
    "inPromo": false,
    "gtin": [
      "35400141712651",
      "03487400006769",
      "03487400006813"
    ],
    "topCategoryName": "Kruidenierswaren/Droge voeding",
    "topCategoryId": "233",
    "businessDomain": "RETAIL_BE",
    "IsPrivateLabel": false,
    "IsBiffe": false,
    "WeightconversionFactor": "0",
    "IsWeightArticle": false,
    "nutriscoreLabel": "B",
    "IsBio": false,
    "CountryOfOrigin": "FRANKRIJK",
    "IsExclusivelySoldInLuxembourg": false,
    "OrderUnit": "P",
    "ShortName": "BEOR EXP.RIJST MED.220",
    "IsNew": false,
    "RecentQuanityOfStockUnits": "1,3",
    "LongName": "BEN'S ORIGINAL Mediterrane wijze 220g",
    "AlcoholVolume": "0",
    "FicCode": "E"
  },
  {
    "productId": "119871",
    "technicalArticleNumber": "3041716",
    "commercialArticleNumber": "22188",
    "name": "Tomato ketchup",
    "description": "*Altijd met factuur",
    "brand": "HEINZ",
    "seoBrand": "Heinz",
    "thumbNail": "https://static.colruytgroup.com/images/200x200/std.lang.all/59/71/asset-385971.jpg",
    "fullImage": "https://static.colruytgroup.com/images/500x500/std.lang.all/59/71/asset-385971.jpg",
    "squareImage": "https://static.colruytgroup.com/images/500x500sq/std.lang.all/59/71/asset-385971.jpg",
    "content": "5,7kg",
    "walkRouteSequenceNumber": 8201,
    "price": {
      "basicPrice": 27.03,
      "recommendedQuantity": "1.0",
      "measurementUnitPrice": 5.3,
      "measurementUnit": "L",
      "isRedPrice": false,
      "pricePerUOM": 5.3,
      "activationDate": "01-04-2023",
      "isPromoActive": "N",
      "priceChangeCode": "H"
    },
    "isAvailable": true,
    "isPriceAvailable": true,
    "inPromo": false,
    "gtin": [
      "08715700419688"
    ],
    "topCategoryName": "Kruidenierswaren/Droge voeding",
    "topCategoryId": "233",
    "businessDomain": "RETAIL_BE",
    "IsPrivateLabel": false,
    "IsBiffe": false,
    "WeightconversionFactor": "0",
    "IsWeightArticle": false,
    "nutriscoreLabel": "D",
    "IsBio": false,
    "CountryOfOrigin": "BELGIË",
    "IsExclusivelySoldInLuxembourg": false,
    "OrderUnit": "P",
    "ShortName": "HC HEINZ KETC 5 1L-5 7K",
    "IsNew": false,
    "EcoscoreLabel": "B",
    "RecentQuanityOfStockUnits": "1",
    "LongName": "HEINZ Tomato ketchup 5,7kg",
    "AlcoholVolume": "0",
    "FicCode": "E",
    "EcoscoreValue": "74"
  },
  {
    "productId": "65737",
    "technicalArticleNumber": "2739364",
    "commercialArticleNumber": "41420",
    "name": "visbouillon poeder",
    "description": "*Visbouillon\n*Altijd met factuur",
    "brand": "KNORR",
    "seoBrand": "Knorr",
    "thumbNail": "https://static.colruytgroup.com/images/200x200/nl_be/34/96/asset-3013496.jpg",
    "fullImage": "https://static.colruytgroup.com/images/500x500/nl_be/34/96/asset-3013496.jpg",
    "squareImage": "https://static.colruytgroup.com/images/500x500sq/nl_be/34/96/asset-3013496.jpg",
    "content": "850g",
    "walkRouteSequenceNumber": 6524,
    "price": {
      "basicPrice": 23.26,
      "recommendedQuantity": "1.0",
      "measurementUnitPrice": 27.37,
      "measurementUnit": "K",
      "isRedPrice": false,
      "pricePerUOM": 27.37,
      "activationDate": "13-12-2023",
      "isPromoActive": "N",
      "priceChangeCode": "E"
    },
    "isAvailable": true,
    "isPriceAvailable": true,
    "inPromo": false,
    "gtin": [
      "08720182375339",
      "08720182375384",
      "08712566308545",
      "08712566884872"
    ],
    "topCategoryName": "Kruidenierswaren/Droge voeding",
    "topCategoryId": "233",
    "businessDomain": "RETAIL_BE",
    "IsPrivateLabel": false,
    "IsBiffe": false,
    "WeightconversionFactor": "0",
    "IsWeightArticle": false,
    "nutriscoreLabel": "C",
    "IsBio": false,
    "CountryOfOrigin": "ROEMENIË",
    "IsExclusivelySoldInLuxembourg": false,
    "OrderUnit": "P",
    "ShortName": "HC KNOR VISBOUIL.POE850",
    "InSeason": true,
    "IsNew": false,
    "EcoscoreLabel": "E",
    "RecentQuanityOfStockUnits": "1,1",
    "LongName": "KNORR visbouillon poeder 850g",
    "AlcoholVolume": "0",
    "StartSeasonDate": "31/10/2019",
    "FicCode": "E",
    "EcoscoreValue": "0"
  },
  {
    "productId": "334405",
    "technicalArticleNumber": "3797124",
    "commercialArticleNumber": "33057",
    "name": "tapas de queso",
    "description": "*Spanje\n*Iberico, Cabra,\nManchego",
    "brand": "GARCIA BAQUERO",
    "seoBrand": "Garcia Baquero",
    "thumbNail": "https://static.colruytgroup.com/images/200x200/std.lang.all/78/55/asset-2067855.jpg",
    "fullImage": "https://static.colruytgroup.com/images/500x500/std.lang.all/78/55/asset-2067855.jpg",
    "squareImage": "https://static.colruytgroup.com/images/500x500sq/std.lang.all/78/55/asset-2067855.jpg",
    "content": "150g",
    "walkRouteSequenceNumber": 5448,
    "price": {
      "basicPrice": 3.99,
      "recommendedQuantity": "1.0",
      "measurementUnitPrice": 26.6,
      "measurementUnit": "K",
      "isRedPrice": false,
      "pricePerUOM": 26.6,
      "activationDate": "01-03-2024",
      "isPromoActive": "N",
      "priceChangeCode": "H"
    },
    "isAvailable": true,
    "isPriceAvailable": true,
    "inPromo": false,
    "gtin": [
      "08412289003740",
      "18412289203741"
    ],
    "topCategoryName": "Chips/Borrelhapjes",
    "topCategoryId": "306",
    "businessDomain": "RETAIL_BE",
    "IsPrivateLabel": false,
    "IsBiffe": false,
    "WeightconversionFactor": "0",
    "IsWeightArticle": false,
    "nutriscoreLabel": "D",
    "IsBio": false,
    "CountryOfOrigin": "SPANJE",
    "IsExclusivelySoldInLuxembourg": false,
    "OrderUnit": "P",
    "ShortName": "G.B.TAPAS QUESO 150G",
    "IsNew": false,
    "EcoscoreLabel": "D",
    "RecentQuanityOfStockUnits": "1",
    "LongName": "GARCIA BAQUERO tapas de queso 150g",
    "AlcoholVolume": "0",
    "FicCode": "E",
    "EcoscoreValue": "27"
  },
  {
    "productId": "131616",
    "technicalArticleNumber": "3185332",
    "commercialArticleNumber": "3230",
    "name": "pomp ketchup",
    "description": "*Altijd met factuur",
    "brand": "HEINZ",
    "seoBrand": "Heinz",
    "thumbNail": "https://static.colruytgroup.com/images/200x200/std.lang.all/41/07/asset-1734107.jpg",
    "fullImage": "https://static.colruytgroup.com/images/500x500/std.lang.all/41/07/asset-1734107.jpg",
    "squareImage": "https://static.colruytgroup.com/images/500x500sq/std.lang.all/41/07/asset-1734107.jpg",
    "walkRouteSequenceNumber": 8200,
    "price": {
      "basicPrice": 4.18,
      "recommendedQuantity": "1.0",
      "measurementUnitPrice": 4.18,
      "measurementUnit": "S",
      "isRedPrice": false,
      "pricePerUOM": 4.18,
      "activationDate": "05-11-2022",
      "isPromoActive": "N",
      "priceChangeCode": "E"
    },
    "isAvailable": true,
    "isPriceAvailable": true,
    "inPromo": false,
    "gtin": [
      "08715700200002",
      "08715700700007"
    ],
    "topCategoryName": "Kruidenierswaren/Droge voeding",
    "topCategoryId": "233",
    "businessDomain": "RETAIL_BE",
    "IsPrivateLabel": false,
    "IsBiffe": false,
    "WeightconversionFactor": "0",
    "IsWeightArticle": false,
    "IsBio": false,
    "CountryOfOrigin": "EUROPA",
    "IsExclusivelySoldInLuxembourg": false,
    "OrderUnit": "P",
    "ShortName": "HC POMP KETCH HEINZ",
    "IsNew": false,
    "RecentQuanityOfStockUnits": "1",
    "LongName": "HEINZ pomp ketchup",
    "AlcoholVolume": "0",
    "FicCode": "E"
  },
  {
    "productId": "17473",
    "technicalArticleNumber": "1715298",
    "commercialArticleNumber": "6098",
    "name": "zoetstof sticks",
    "description": "*500 sticks 0,5g\n*Ideaal voor horeca\n*Altijd met factuur",
    "brand": "CANDEREL",
    "seoBrand": "Canderel",
    "thumbNail": "https://static.colruytgroup.com/images/200x200/std.lang.all/87/96/asset-1718796.jpg",
    "fullImage": "https://static.colruytgroup.com/images/500x500/std.lang.all/87/96/asset-1718796.jpg",
    "squareImage": "https://static.colruytgroup.com/images/500x500sq/std.lang.all/87/96/asset-1718796.jpg",
    "content": "500st",
    "walkRouteSequenceNumber": 9185,
    "price": {
      "basicPrice": 15.62,
      "recommendedQuantity": "1.0",
      "measurementUnitPrice": 62.48,
      "measurementUnit": "K",
      "isRedPrice": false,
      "pricePerUOM": 62.48,
      "activationDate": "14-11-2023",
      "isPromoActive": "N",
      "priceChangeCode": "E"
    },
    "isAvailable": true,
    "isPriceAvailable": true,
    "inPromo": false,
    "gtin": [
      "07640110700952"
    ],
    "topCategoryName": "Kruidenierswaren/Droge voeding",
    "topCategoryId": "233",
    "businessDomain": "RETAIL_BE",
    "IsPrivateLabel": false,
    "IsBiffe": false,
    "WeightconversionFactor": "0",
    "IsWeightArticle": false,
    "nutriscoreLabel": "E",
    "IsBio": false,
    "CountryOfOrigin": "BELGIË",
    "IsExclusivelySoldInLuxembourg": false,
    "OrderUnit": "P",
    "ShortName": "HC CANDER STIC 500X0 5G",
    "IsNew": false,
    "RecentQuanityOfStockUnits": "1",
    "LongName": "CANDEREL zoetstof sticks 500st",
    "AlcoholVolume": "0",
    "FicCode": "E"
  },
  {
    "productId": "843",
    "technicalArticleNumber": "13128",
    "commercialArticleNumber": "13128",
    "name": "frituur olijfolie",
    "description": "*Frituren\n*95% geraffineerde\nolijfolie,\n5% extra olijfolie",
    "brand": "BONI",
    "seoBrand": "Boni Selection",
    "thumbNail": "https://static.colruytgroup.com/images/200x200/std.lang.all/57/37/asset-1755737.jpg",
    "fullImage": "https://static.colruytgroup.com/images/500x500/std.lang.all/57/37/asset-1755737.jpg",
    "squareImage": "https://static.colruytgroup.com/images/500x500sq/std.lang.all/57/37/asset-1755737.jpg",
    "content": "3L",
    "walkRouteSequenceNumber": 9152,
    "price": {
      "basicPrice": 29.99,
      "recommendedQuantity": "1.0",
      "measurementUnitPrice": 10,
      "measurementUnit": "L",
      "isRedPrice": false,
      "pricePerUOM": 10,
      "activationDate": "13-03-2024",
      "isPromoActive": "N",
      "priceChangeCode": "H"
    },
    "isAvailable": true,
    "isPriceAvailable": true,
    "inPromo": false,
    "gtin": [
      "05400141193633",
      "05400141216486",
      "15400141193630",
      "15400141216483"
    ],
    "topCategoryName": "Kruidenierswaren/Droge voeding",
    "topCategoryId": "233",
    "businessDomain": "RETAIL_BE",
    "IsPrivateLabel": true,
    "IsBiffe": false,
    "WeightconversionFactor": "0",
    "IsWeightArticle": false,
    "nutriscoreLabel": "B",
    "IsBio": false,
    "CountryOfOrigin": "SPANJE",
    "IsExclusivelySoldInLuxembourg": false,
    "OrderUnit": "P",
    "ShortName": "BONI OLIVOFRIT FRIT3L",
    "IsNew": false,
    "EcoscoreLabel": "D",
    "RecentQuanityOfStockUnits": "1",
    "LongName": "BONI frituur olijfolie 3L",
    "AlcoholVolume": "0",
    "FicCode": "I",
    "EcoscoreValue": "39"
  },
  {
    "productId": "837",
    "technicalArticleNumber": "13121",
    "commercialArticleNumber": "13121",
    "name": "olijfolie extra vierge",
    "description": "*Koude en warme\nbereidingen,\nafwerking\n*Spanje en Tunesië",
    "brand": "BONI BIO",
    "seoBrand": "Boni Selection Bio",
    "thumbNail": "https://static.colruytgroup.com/images/200x200/std.lang.all/66/64/asset-2416664.jpg",
    "fullImage": "https://static.colruytgroup.com/images/500x500/std.lang.all/66/64/asset-2416664.jpg",
    "squareImage": "https://static.colruytgroup.com/images/500x500sq/std.lang.all/66/64/asset-2416664.jpg",
    "content": "1L",
    "walkRouteSequenceNumber": 8792,
    "price": {
      "basicPrice": 5.38,
      "recommendedQuantity": "1.0",
      "measurementUnitPrice": 5.38,
      "measurementUnit": "L",
      "isRedPrice": false,
      "pricePerUOM": 5.38,
      "activationDate": "16-01-2024",
      "recordSource": "Offline",
      "isPromoActive": "N",
      "priceChangeCode": "L"
    },
    "isAvailable": true,
    "isPriceAvailable": true,
    "inPromo": false,
    "gtin": [
      "05400141031218",
      "05400141034073",
      "05400141192452",
      "05400141208672",
      "15400141192459",
      "05400141385861",
      "15400141385868"
    ],
    "topCategoryName": "Kruidenierswaren/Droge voeding",
    "topCategoryId": "233",
    "businessDomain": "RETAIL_BE",
    "IsPrivateLabel": true,
    "IsBiffe": false,
    "WeightconversionFactor": "0",
    "IsWeightArticle": false,
    "nutriscoreLabel": "B",
    "IsBio": true,
    "CountryOfOrigin": "ITALIË",
    "IsExclusivelySoldInLuxembourg": false,
    "OrderUnit": "P",
    "ShortName": "BONI BIO OLIJFOL.EV 1L",
    "IsNew": false,
    "EcoscoreLabel": "C",
    "RecentQuanityOfStockUnits": "1",
    "LongName": "BONI BIO olijfolie extra vierge 1L",
    "AlcoholVolume": "0",
    "FicCode": "I",
    "EcoscoreValue": "54"
  },
  {
    "productId": "11541",
    "technicalArticleNumber": "1374216",
    "commercialArticleNumber": "14213",
    "name": "rijst basmati FT",
    "description": "*Losse rijst\n*kooktijd:\n13-15minuten",
    "brand": "BONI BIO",
    "seoBrand": "Boni Selection Bio",
    "thumbNail": "https://static.colruytgroup.com/images/200x200/std.lang.all/81/46/asset-2488146.jpg",
    "fullImage": "https://static.colruytgroup.com/images/500x500/std.lang.all/81/46/asset-2488146.jpg",
    "squareImage": "https://static.colruytgroup.com/images/500x500sq/std.lang.all/81/46/asset-2488146.jpg",
    "content": "1kg",
    "walkRouteSequenceNumber": 8320,
    "price": {
      "basicPrice": 2.48,
      "recommendedQuantity": "1.0",
      "measurementUnitPrice": 2.48,
      "measurementUnit": "K",
      "isRedPrice": false,
      "pricePerUOM": 2.48,
      "activationDate": "20-03-2024",
      "recordSource": "Folder",
      "isPromoActive": "N",
      "priceChangeCode": "E"
    },
    "isAvailable": true,
    "isPriceAvailable": true,
    "inPromo": false,
    "gtin": [
      "05400141415742",
      "05400141127645",
      "05400141142136",
      "15400141240815",
      "05400141240818",
      "05400141142143",
      "15400141415749"
    ],
    "topCategoryName": "Kruidenierswaren/Droge voeding",
    "topCategoryId": "233",
    "businessDomain": "RETAIL_BE",
    "IsPrivateLabel": true,
    "IsBiffe": false,
    "WeightconversionFactor": "0",
    "IsWeightArticle": false,
    "nutriscoreLabel": "A",
    "IsBio": true,
    "CountryOfOrigin": "INDIA",
    "IsExclusivelySoldInLuxembourg": false,
    "OrderUnit": "P",
    "ShortName": "BS BIO FT BASM.RIJST 1K",
    "IsNew": false,
    "EcoscoreLabel": "D",
    "RecentQuanityOfStockUnits": "1",
    "LongName": "BONI BIO rijst basmati FT 1kg",
    "AlcoholVolume": "0",
    "FicCode": "I",
    "EcoscoreValue": "33"
  },
  {
    "productId": "642213",
    "technicalArticleNumber": "4336406",
    "commercialArticleNumber": "21226",
    "name": "peper in porties",
    "brand": "ISFI",
    "seoBrand": "Isfi",
    "thumbNail": "https://static.colruytgroup.com/images/200x200/std.lang.all/36/86/asset-2243686.jpg",
    "fullImage": "https://static.colruytgroup.com/images/500x500/std.lang.all/36/86/asset-2243686.jpg",
    "squareImage": "https://static.colruytgroup.com/images/500x500sq/std.lang.all/36/86/asset-2243686.jpg",
    "content": "2000st",
    "walkRouteSequenceNumber": 6504,
    "price": {
      "basicPrice": 13.99,
      "recommendedQuantity": "1.0",
      "measurementUnitPrice": 0.007,
      "measurementUnit": "S",
      "isRedPrice": false,
      "pricePerUOM": 0.007,
      "activationDate": "30-12-2022",
      "isPromoActive": "N",
      "priceChangeCode": "E"
    },
    "isAvailable": true,
    "isPriceAvailable": true,
    "inPromo": false,
    "gtin": [
      "03344540128808"
    ],
    "topCategoryName": "Kruidenierswaren/Droge voeding",
    "topCategoryId": "233",
    "businessDomain": "RETAIL_BE",
    "IsPrivateLabel": false,
    "IsBiffe": false,
    "WeightconversionFactor": "0",
    "IsWeightArticle": false,
    "nutriscoreLabel": "A",
    "IsBio": false,
    "CountryOfOrigin": "VIETNAM",
    "IsExclusivelySoldInLuxembourg": false,
    "OrderUnit": "P",
    "ShortName": "HC ISFI PEPER PORTI2000",
    "IsNew": false,
    "EcoscoreLabel": "E",
    "RecentQuanityOfStockUnits": "1",
    "LongName": "ISFI peper in porties 2000st",
    "FicCode": "E",
    "EcoscoreValue": "17"
  },
  {
    "productId": "13414",
    "technicalArticleNumber": "1341056",
    "commercialArticleNumber": "12326",
    "name": "bouillon kip",
    "description": "*Kippenbouillon in\nblokjes",
    "brand": "EVERYDAY",
    "seoBrand": "Everyday",
    "thumbNail": "https://static.colruytgroup.com/images/200x200/std.lang.all/93/26/asset-3159326.jpg",
    "fullImage": "https://static.colruytgroup.com/images/500x500/std.lang.all/93/26/asset-3159326.jpg",
    "squareImage": "https://static.colruytgroup.com/images/500x500sq/std.lang.all/93/26/asset-3159326.jpg",
    "content": "12st",
    "walkRouteSequenceNumber": 6549,
    "price": {
      "basicPrice": 0.39,
      "recommendedQuantity": "1.0",
      "measurementUnitPrice": 3.25,
      "measurementUnit": "K",
      "isRedPrice": false,
      "pricePerUOM": 3.25,
      "activationDate": "14-11-2023",
      "recordSource": "Offline",
      "isPromoActive": "N",
      "priceChangeCode": "E"
    },
    "isAvailable": true,
    "isPriceAvailable": true,
    "inPromo": false,
    "gtin": [
      "15400141834694",
      "05400141377217",
      "05400141222326",
      "15400141421931",
      "15400141588375",
      "05400141588378",
      "05400141421934"
    ],
    "topCategoryName": "Kruidenierswaren/Droge voeding",
    "topCategoryId": "233",
    "businessDomain": "RETAIL_BE",
    "IsPrivateLabel": true,
    "IsBiffe": false,
    "WeightconversionFactor": "0",
    "IsWeightArticle": false,
    "IsBio": false,
    "CountryOfOrigin": "DUITSLAND",
    "IsExclusivelySoldInLuxembourg": false,
    "OrderUnit": "P",
    "ShortName": "EVD KIPPENBOUILLON 12ST",
    "InSeason": true,
    "IsNew": false,
    "EcoscoreLabel": "B",
    "RecentQuanityOfStockUnits": "1",
    "LongName": "EVERYDAY bouillon kip 12st",
    "AlcoholVolume": "0",
    "StartSeasonDate": "28/01/2009",
    "FicCode": "I",
    "EcoscoreValue": "79"
  },
  {
    "productId": "13244",
    "technicalArticleNumber": "1241017",
    "commercialArticleNumber": "14752",
    "name": "bloem wit brood",
    "description": "*Wit tarwebloem\n*Geschikt voor wit\nbrood",
    "brand": "BONI BIO",
    "seoBrand": "Boni Selection Bio",
    "thumbNail": "https://static.colruytgroup.com/images/200x200/std.lang.all/27/43/asset-2932743.jpg",
    "fullImage": "https://static.colruytgroup.com/images/500x500/std.lang.all/27/43/asset-2932743.jpg",
    "squareImage": "https://static.colruytgroup.com/images/500x500sq/std.lang.all/27/43/asset-2932743.jpg",
    "content": "5kg",
    "walkRouteSequenceNumber": 9716,
    "price": {
      "basicPrice": 9.99,
      "recommendedQuantity": "1.0",
      "measurementUnitPrice": 2,
      "measurementUnit": "K",
      "isRedPrice": false,
      "pricePerUOM": 2,
      "activationDate": "14-11-2023",
      "isPromoActive": "N",
      "priceChangeCode": "E"
    },
    "isAvailable": true,
    "isPriceAvailable": true,
    "inPromo": false,
    "gtin": [
      "15400141436478",
      "05400141368277",
      "05400141436471",
      "15400141920977",
      "05400141255317",
      "05400141164633",
      "15400141144236",
      "05400141144239",
      "05400141923469",
      "15400141368274"
    ],
    "topCategoryName": "Kruidenierswaren/Droge voeding",
    "topCategoryId": "233",
    "businessDomain": "RETAIL_BE",
    "IsPrivateLabel": true,
    "IsBiffe": false,
    "WeightconversionFactor": "0",
    "IsWeightArticle": false,
    "nutriscoreLabel": "A",
    "IsBio": true,
    "CountryOfOrigin": "BELGIË",
    "IsExclusivelySoldInLuxembourg": false,
    "OrderUnit": "P",
    "ShortName": "BONI BIO BLOEM WIT BR5K",
    "InSeason": true,
    "IsNew": false,
    "EcoscoreLabel": "A",
    "RecentQuanityOfStockUnits": "1",
    "LongName": "BONI BIO bloem wit brood 5kg",
    "AlcoholVolume": "0",
    "StartSeasonDate": "02/02/2024",
    "FicCode": "I",
    "EcoscoreValue": "100"
  }
]