[
  {
    "productId": "7086",
    "technicalArticleNumber": "1168689",
    "commercialArticleNumber": "6061",
    "name": "Toiletpapier 4l 152v",
    "description": "*152 vellen\n*4-lagig\n*100 % cellulose\n*PEFC-certificaat\n*Extra dik",
    "brand": "EVERYDAY",
    "seoBrand": "Everyday",
    "thumbNail": "https://static.colruytgroup.com/images/200x200/std.lang.all/46/33/asset-2964633.jpg",
    "fullImage": "https://static.colruytgroup.com/images/500x500/std.lang.all/46/33/asset-2964633.jpg",
    "squareImage": "https://static.colruytgroup.com/images/500x500sq/std.lang.all/46/33/asset-2964633.jpg",
    "content": "6r",
    "walkRouteSequenceNumber": 3887,
    "price": {
      "basicPrice": 2.36,
      "recommendedQuantity": "1.0",
      "measurementUnitPrice": 0.394,
      "measurementUnit": "S",
      "isRedPrice": false,
      "pricePerUOM": 0.394,
      "activationDate": "23-03-2024",
      "recordSource": "Offline",
      "isPromoActive": "N",
      "priceChangeCode": "E"
    },
    "isAvailable": true,
    "isPriceAvailable": true,
    "inPromo": false,
    "gtin": [
      "05400141292879",
      "15400141012603",
      "05400141606102",
      "05400141053647",
      "05400141012606",
      "05400141715279",
      "15400141715276",
      "15400141606109",
      "45400141715277"
    ],
    "topCategoryName": "Lichaamsverzorging/Parfumerie",
    "topCategoryId": "591",
    "businessDomain": "RETAIL_BE",
    "IsPrivateLabel": true,
    "IsBiffe": false,
    "WeightconversionFactor": "0",
    "IsWeightArticle": false,
    "IsBio": false,
    "CountryOfOrigin": "ITALIË",
    "IsExclusivelySoldInLuxembourg": false,
    "OrderUnit": "P",
    "ShortName": "EVD TP WC 4L 152V 6R",
    "IsNew": false,
    "RecentQuanityOfStockUnits": "7,1",
    "LongName": "EVERYDAY Toiletpapier 4l 152v 6r",
    "AlcoholVolume": "0",
    "FicCode": "N"
  },
  {
    "productId": "22435",
    "technicalArticleNumber": "1924019",
    "commercialArticleNumber": "6105",
    "name": "toiletpapier Décor 4l 150v",
    "description": "*150 vellen\n*4-lagig\n*100 % cellulose\n*PEFC-certificaat\n*Decor",
    "brand": "BONI",
    "seoBrand": "Boni Selection",
    "thumbNail": "https://static.colruytgroup.com/images/200x200/std.lang.all/07/81/asset-3220781.jpg",
    "fullImage": "https://static.colruytgroup.com/images/500x500/std.lang.all/07/81/asset-3220781.jpg",
    "squareImage": "https://static.colruytgroup.com/images/500x500sq/std.lang.all/07/81/asset-3220781.jpg",
    "content": "16r",
    "walkRouteSequenceNumber": 3897,
    "price": {
      "basicPrice": 6.55,
      "recommendedQuantity": "1.0",
      "measurementUnitPrice": 0.41,
      "measurementUnit": "S",
      "isRedPrice": false,
      "pricePerUOM": 0.41,
      "activationDate": "19-01-2024",
      "recordSource": "Offline",
      "isPromoActive": "N",
      "priceChangeCode": "E"
    },
    "isAvailable": true,
    "isPriceAvailable": true,
    "inPromo": false,
    "gtin": [
      "05400141536041",
      "05400141034356",
      "05400141061154"
    ],
    "topCategoryName": "Lichaamsverzorging/Parfumerie",
    "topCategoryId": "591",
    "businessDomain": "RETAIL_BE",
    "IsPrivateLabel": true,
    "IsBiffe": false,
    "WeightconversionFactor": "0",
    "IsWeightArticle": false,
    "IsBio": false,
    "CountryOfOrigin": "DUITSLAND",
    "IsExclusivelySoldInLuxembourg": false,
    "OrderUnit": "P",
    "ShortName": "BONI DECOR 4L 150V 16R",
    "IsNew": false,
    "RecentQuanityOfStockUnits": "1",
    "LongName": "BONI toiletpapier Décor 4l 150v 16r",
    "AlcoholVolume": "0",
    "FicCode": "N"
  },
  {
    "productId": "623",
    "technicalArticleNumber": "6814",
    "commercialArticleNumber": "6814",
    "name": "zakdoekjes box 2l",
    "description": "*150 zakdoekjes\n*100 % cellulose\n*PEFC-certificaat\n*2 lagen",
    "brand": "EVERYDAY",
    "seoBrand": "Everyday",
    "thumbNail": "https://static.colruytgroup.com/images/200x200/std.lang.all/00/48/asset-600048.jpg",
    "fullImage": "https://static.colruytgroup.com/images/500x500/std.lang.all/00/48/asset-600048.jpg",
    "squareImage": "https://static.colruytgroup.com/images/500x500sq/std.lang.all/00/48/asset-600048.jpg",
    "content": "150st",
    "walkRouteSequenceNumber": 3945,
    "price": {
      "basicPrice": 0.79,
      "recommendedQuantity": "1.0",
      "measurementUnitPrice": 0.006,
      "measurementUnit": "S",
      "isRedPrice": false,
      "pricePerUOM": 0.006,
      "activationDate": "09-01-2024",
      "recordSource": "Offline",
      "isPromoActive": "N",
      "priceChangeCode": "E"
    },
    "isAvailable": true,
    "isPriceAvailable": true,
    "inPromo": false,
    "gtin": [
      "15400141864103",
      "15400141906810",
      "05400141068146",
      "05400141074215",
      "05400141150704",
      "05400141268140",
      "05400141864106"
    ],
    "topCategoryName": "Lichaamsverzorging/Parfumerie",
    "topCategoryId": "591",
    "businessDomain": "RETAIL_BE",
    "IsPrivateLabel": true,
    "IsBiffe": false,
    "WeightconversionFactor": "0",
    "IsWeightArticle": false,
    "IsBio": false,
    "CountryOfOrigin": "ITALIË",
    "IsExclusivelySoldInLuxembourg": false,
    "OrderUnit": "P",
    "ShortName": "EVD ZAK.DS 150 2L",
    "IsNew": false,
    "RecentQuanityOfStockUnits": "30,1",
    "LongName": "EVERYDAY zakdoekjes box 2l 150st",
    "AlcoholVolume": "0",
    "FicCode": "N"
  },
  {
    "productId": "474438",
    "technicalArticleNumber": "4065822",
    "commercialArticleNumber": "7162",
    "name": "Tissuebox Ultrasoft 3l",
    "description": "*100 zakdoekjes\n*3 Lagen",
    "brand": "BONI",
    "seoBrand": "Boni Selection",
    "thumbNail": "https://static.colruytgroup.com/images/200x200/std.lang.all/61/11/asset-3306111.jpg",
    "fullImage": "https://static.colruytgroup.com/images/500x500/std.lang.all/61/11/asset-3306111.jpg",
    "squareImage": "https://static.colruytgroup.com/images/500x500sq/std.lang.all/61/11/asset-3306111.jpg",
    "content": "110st",
    "walkRouteSequenceNumber": 3903,
    "price": {
      "basicPrice": 0.87,
      "recommendedQuantity": "4.0",
      "quantityPrice": 0.833,
      "quantityPriceQuantity": "6.0",
      "measurementUnitPrice": 0.008,
      "measurementUnitQuantityPrice": 0.008,
      "measurementUnit": "S",
      "isRedPrice": false,
      "pricePerUOM": 0.008,
      "activationDate": "20-03-2024",
      "recordSource": "Offline",
      "isPromoActive": "N",
      "priceChangeCode": "E",
      "quantityPricePerUOM": 0.008,
      "quantityActivationDate": "20-03-2024",
      "quantityPriceChangeCode": "H"
    },
    "isAvailable": true,
    "isPriceAvailable": true,
    "inPromo": false,
    "gtin": [
      "75400141271927",
      "15400141268307",
      "05400141268300",
      "15400141539629",
      "05400141539622",
      "25400141539626",
      "25400141268304"
    ],
    "topCategoryName": "Lichaamsverzorging/Parfumerie",
    "topCategoryId": "591",
    "businessDomain": "RETAIL_BE",
    "IsPrivateLabel": true,
    "IsBiffe": false,
    "WeightconversionFactor": "0",
    "IsWeightArticle": false,
    "IsBio": false,
    "CountryOfOrigin": "BELGIË",
    "IsExclusivelySoldInLuxembourg": false,
    "OrderUnit": "P",
    "ShortName": "BONI TISSUEBOX 3L 110ST",
    "InSeason": true,
    "IsNew": false,
    "RecentQuanityOfStockUnits": "4,27,1,1",
    "LongName": "BONI Tissuebox Ultrasoft 3l 110st",
    "StartSeasonDate": "16/03/2023",
    "FicCode": "N"
  },
  {
    "productId": "100870",
    "technicalArticleNumber": "2916720",
    "commercialArticleNumber": "7847",
    "name": "Toiletpapier sterk 3l 180v",
    "description": "*180 vellen\n*3 lagen: 2l.100%\ngerecycleerd,\n1l.100% cellulose\n*FSC-certificaat",
    "brand": "EVERYDAY",
    "seoBrand": "Everyday",
    "thumbNail": "https://static.colruytgroup.com/images/200x200/std.lang.all/59/74/asset-1625974.jpg",
    "fullImage": "https://static.colruytgroup.com/images/500x500/std.lang.all/59/74/asset-1625974.jpg",
    "squareImage": "https://static.colruytgroup.com/images/500x500sq/std.lang.all/59/74/asset-1625974.jpg",
    "content": "12r",
    "walkRouteSequenceNumber": 3952,
    "price": {
      "basicPrice": 3.99,
      "recommendedQuantity": "1.0",
      "measurementUnitPrice": 0.333,
      "measurementUnit": "S",
      "isRedPrice": false,
      "pricePerUOM": 0.333,
      "activationDate": "13-03-2024",
      "recordSource": "Offline",
      "isPromoActive": "N",
      "priceChangeCode": "L"
    },
    "isAvailable": true,
    "isPriceAvailable": true,
    "inPromo": false,
    "gtin": [
      "15400141536062",
      "05400141536065",
      "05400141217216",
      "15400141217213",
      "05400141038880"
    ],
    "topCategoryName": "Lichaamsverzorging/Parfumerie",
    "topCategoryId": "591",
    "businessDomain": "RETAIL_BE",
    "IsPrivateLabel": true,
    "IsBiffe": false,
    "WeightconversionFactor": "0",
    "IsWeightArticle": false,
    "IsBio": false,
    "CountryOfOrigin": "DUITSLAND",
    "IsExclusivelySoldInLuxembourg": false,
    "OrderUnit": "P",
    "ShortName": "EVD TP STERK 3L180V12R",
    "IsNew": false,
    "RecentQuanityOfStockUnits": "4,1,1",
    "LongName": "EVERYDAY Toiletpapier sterk 3l 180v 12r",
    "AlcoholVolume": "0",
    "FicCode": "N"
  },
  {
    "productId": "100878",
    "technicalArticleNumber": "2921199",
    "commercialArticleNumber": "7819",
    "name": "Toiletpapier Maxi 2l 396v",
    "description": "*396 vellen\n*2-lagig\n*100 % gerecycleerd\n*PEFC-certificaat\n*Maxi-rol",
    "brand": "EVERYDAY",
    "seoBrand": "Everyday",
    "thumbNail": "https://static.colruytgroup.com/images/200x200/std.lang.all/79/90/asset-1417990.jpg",
    "fullImage": "https://static.colruytgroup.com/images/500x500/std.lang.all/79/90/asset-1417990.jpg",
    "squareImage": "https://static.colruytgroup.com/images/500x500sq/std.lang.all/79/90/asset-1417990.jpg",
    "content": "12r",
    "walkRouteSequenceNumber": 3991,
    "price": {
      "basicPrice": 3.75,
      "recommendedQuantity": "1.0",
      "measurementUnitPrice": 0.313,
      "measurementUnit": "S",
      "isRedPrice": false,
      "pricePerUOM": 0.313,
      "activationDate": "27-01-2024",
      "recordSource": "Offline",
      "isPromoActive": "N",
      "priceChangeCode": "L"
    },
    "isAvailable": true,
    "isPriceAvailable": true,
    "inPromo": false,
    "gtin": [
      "05400141536058",
      "05400141034257",
      "05400141217223"
    ],
    "topCategoryName": "Lichaamsverzorging/Parfumerie",
    "topCategoryId": "591",
    "businessDomain": "RETAIL_BE",
    "IsPrivateLabel": true,
    "IsBiffe": false,
    "WeightconversionFactor": "0",
    "IsWeightArticle": false,
    "IsBio": false,
    "CountryOfOrigin": "DUITSLAND",
    "IsExclusivelySoldInLuxembourg": false,
    "OrderUnit": "P",
    "ShortName": "EVD MAX.ROL TP2L396V12R",
    "IsNew": false,
    "RecentQuanityOfStockUnits": "1",
    "LongName": "EVERYDAY Toiletpapier Maxi 2l 396v 12r",
    "AlcoholVolume": "0",
    "FicCode": "N"
  },
  {
    "productId": "672733",
    "technicalArticleNumber": "4386713",
    "commercialArticleNumber": "3763",
    "name": "toiletpapier comfort 2l 162v",
    "description": "*162 vellen\n*2-lalig\n*100 % cellulose\n*FSC label",
    "brand": "BONI",
    "seoBrand": "Boni Selection",
    "thumbNail": "https://static.colruytgroup.com/images/200x200/std.lang.all/31/67/asset-2443167.jpg",
    "fullImage": "https://static.colruytgroup.com/images/500x500/std.lang.all/31/67/asset-2443167.jpg",
    "squareImage": "https://static.colruytgroup.com/images/500x500sq/std.lang.all/31/67/asset-2443167.jpg",
    "content": "16r",
    "walkRouteSequenceNumber": 3964,
    "price": {
      "basicPrice": 6.84,
      "recommendedQuantity": "1.0",
      "measurementUnitPrice": 0.428,
      "measurementUnit": "S",
      "isRedPrice": false,
      "pricePerUOM": 0.428,
      "activationDate": "13-03-2024",
      "recordSource": "Offline",
      "isPromoActive": "N",
      "priceChangeCode": "E"
    },
    "isAvailable": true,
    "isPriceAvailable": true,
    "inPromo": false,
    "gtin": [
      "15400141546030",
      "05400141546033",
      "35400141546034",
      "15400141706014",
      "05400141706017"
    ],
    "topCategoryName": "Lichaamsverzorging/Parfumerie",
    "topCategoryId": "591",
    "businessDomain": "RETAIL_BE",
    "IsPrivateLabel": true,
    "IsBiffe": false,
    "WeightconversionFactor": "0",
    "IsWeightArticle": false,
    "IsBio": false,
    "CountryOfOrigin": "ITALIË",
    "IsExclusivelySoldInLuxembourg": false,
    "OrderUnit": "P",
    "ShortName": "BONI TP COMFORT2L162V16",
    "IsNew": false,
    "RecentQuanityOfStockUnits": "1,3",
    "LongName": "BONI toiletpapier comfort 2l 162v 16r",
    "FicCode": "N"
  },
  {
    "productId": "577936",
    "technicalArticleNumber": "4227888",
    "commercialArticleNumber": "7496",
    "name": "wattenstaafjes bamboe",
    "description": "*Wattenstaafjes bamboe\n7496\n*Niet in oor of\nneus duwen",
    "brand": "EVERYDAY",
    "seoBrand": "Everyday",
    "thumbNail": "https://static.colruytgroup.com/images/200x200/std.lang.all/67/45/asset-2416745.jpg",
    "fullImage": "https://static.colruytgroup.com/images/500x500/std.lang.all/67/45/asset-2416745.jpg",
    "squareImage": "https://static.colruytgroup.com/images/500x500sq/std.lang.all/67/45/asset-2416745.jpg",
    "content": "200st",
    "walkRouteSequenceNumber": 15664,
    "price": {
      "basicPrice": 0.5,
      "recommendedQuantity": "1.0",
      "measurementUnitPrice": 0.003,
      "measurementUnit": "S",
      "isRedPrice": false,
      "pricePerUOM": 0.003,
      "activationDate": "05-07-2023",
      "recordSource": "Offline",
      "isPromoActive": "N",
      "priceChangeCode": "E"
    },
    "isAvailable": true,
    "isPriceAvailable": true,
    "inPromo": false,
    "gtin": [
      "15400141358183",
      "05400141358186"
    ],
    "topCategoryName": "Lichaamsverzorging/Parfumerie",
    "topCategoryId": "591",
    "businessDomain": "RETAIL_BE",
    "IsPrivateLabel": true,
    "IsBiffe": false,
    "WeightconversionFactor": "0",
    "IsWeightArticle": false,
    "IsBio": false,
    "CountryOfOrigin": "CHINA (VOLKSREBUPLIEK)",
    "IsExclusivelySoldInLuxembourg": false,
    "OrderUnit": "P",
    "ShortName": "EVD BAMB.WATTENSTAAF200",
    "IsNew": false,
    "RecentQuanityOfStockUnits": "1,36",
    "LongName": "EVERYDAY wattenstaafjes bamboe 200st",
    "FicCode": "N"
  },
  {
    "productId": "3272",
    "technicalArticleNumber": "1044936",
    "commercialArticleNumber": "6824",
    "name": "zakdoekjes 4l",
    "description": "*10 stuks per pakje\n*30 pakjes\n*100 % cellulose\n*FSC-certificaat\n*4 lagen",
    "brand": "EVERYDAY",
    "seoBrand": "Everyday",
    "thumbNail": "https://static.colruytgroup.com/images/200x200/std.lang.all/34/46/asset-2703446.jpg",
    "fullImage": "https://static.colruytgroup.com/images/500x500/std.lang.all/34/46/asset-2703446.jpg",
    "squareImage": "https://static.colruytgroup.com/images/500x500sq/std.lang.all/34/46/asset-2703446.jpg",
    "content": "30x10st",
    "walkRouteSequenceNumber": 3907,
    "price": {
      "basicPrice": 2.49,
      "recommendedQuantity": "1.0",
      "measurementUnitPrice": 0.083,
      "measurementUnit": "S",
      "isRedPrice": false,
      "pricePerUOM": 0.083,
      "activationDate": "14-11-2023",
      "recordSource": "Offline",
      "isPromoActive": "N",
      "priceChangeCode": "E"
    },
    "isAvailable": true,
    "isPriceAvailable": true,
    "inPromo": false,
    "gtin": [
      "05400141053654",
      "05400141068245",
      "05400141126303",
      "05400141186734",
      "05400141862409",
      "15400141345121",
      "25400141345128",
      "15400141721215",
      "05400141721218"
    ],
    "topCategoryName": "Lichaamsverzorging/Parfumerie",
    "topCategoryId": "591",
    "businessDomain": "RETAIL_BE",
    "IsPrivateLabel": true,
    "IsBiffe": false,
    "WeightconversionFactor": "0",
    "IsWeightArticle": false,
    "IsBio": false,
    "CountryOfOrigin": "DUITSLAND",
    "IsExclusivelySoldInLuxembourg": false,
    "OrderUnit": "P",
    "ShortName": "EVD 30X10 ZAKD.4L",
    "IsNew": false,
    "RecentQuanityOfStockUnits": "1,8,288",
    "LongName": "EVERYDAY zakdoekjes 4l 30x10st",
    "AlcoholVolume": "0",
    "FicCode": "N"
  },
  {
    "productId": "13333",
    "technicalArticleNumber": "1222723",
    "commercialArticleNumber": "23725",
    "name": "wattenschijfjes",
    "description": "*Wattenschijfjes\n*100 stuks\n*100 % katoen",
    "brand": "EVERYDAY",
    "seoBrand": "Everyday",
    "thumbNail": "https://static.colruytgroup.com/images/200x200/std.lang.all/37/62/asset-3213762.jpg",
    "fullImage": "https://static.colruytgroup.com/images/500x500/std.lang.all/37/62/asset-3213762.jpg",
    "squareImage": "https://static.colruytgroup.com/images/500x500sq/std.lang.all/37/62/asset-3213762.jpg",
    "content": "100st",
    "walkRouteSequenceNumber": 15671,
    "price": {
      "basicPrice": 0.421,
      "recommendedQuantity": "1.0",
      "measurementUnitPrice": 0.005,
      "measurementUnit": "S",
      "isRedPrice": false,
      "pricePerUOM": 0.005,
      "activationDate": "28-02-2024",
      "recordSource": "Offline",
      "isPromoActive": "N",
      "priceChangeCode": "E"
    },
    "isAvailable": true,
    "isPriceAvailable": true,
    "inPromo": false,
    "gtin": [
      "15400141532279",
      "05400141532272",
      "05400141237252",
      "25400141532276"
    ],
    "topCategoryName": "Lichaamsverzorging/Parfumerie",
    "topCategoryId": "591",
    "businessDomain": "RETAIL_BE",
    "IsPrivateLabel": true,
    "IsBiffe": false,
    "WeightconversionFactor": "0",
    "IsWeightArticle": false,
    "IsBio": false,
    "CountryOfOrigin": "NEDERLAND",
    "IsExclusivelySoldInLuxembourg": false,
    "OrderUnit": "P",
    "ShortName": "EVD WATTENSCHIJFJES 100",
    "IsNew": false,
    "RecentQuanityOfStockUnits": "28,1",
    "LongName": "EVERYDAY wattenschijfjes 100st",
    "AlcoholVolume": "0",
    "FicCode": "N"
  },
  {
    "productId": "16655",
    "technicalArticleNumber": "1471085",
    "commercialArticleNumber": "23013",
    "name": "handzeep sinaas/lavendel",
    "description": "*2 parfums:\n-Sinaasappel, perzik\n-Lavendel",
    "brand": "BONI",
    "seoBrand": "Boni Selection",
    "thumbNail": "https://static.colruytgroup.com/images/200x200/std.lang.all/51/47/asset-2845147.jpg",
    "fullImage": "https://static.colruytgroup.com/images/500x500/std.lang.all/51/47/asset-2845147.jpg",
    "squareImage": "https://static.colruytgroup.com/images/500x500sq/std.lang.all/51/47/asset-2845147.jpg",
    "content": "500ml",
    "walkRouteSequenceNumber": 15064,
    "price": {
      "basicPrice": 0.99,
      "recommendedQuantity": "1.0",
      "measurementUnitPrice": 1.98,
      "measurementUnit": "L",
      "isRedPrice": false,
      "pricePerUOM": 1.98,
      "activationDate": "14-11-2023",
      "recordSource": "Offline",
      "isPromoActive": "N",
      "priceChangeCode": "E"
    },
    "isAvailable": true,
    "isPriceAvailable": true,
    "inPromo": false,
    "gtin": [
      "05400141232295",
      "15400141796077",
      "05400141411256",
      "05400141233100"
    ],
    "topCategoryName": "Lichaamsverzorging/Parfumerie",
    "topCategoryId": "591",
    "businessDomain": "RETAIL_BE",
    "IsPrivateLabel": true,
    "IsBiffe": false,
    "WeightconversionFactor": "0",
    "IsWeightArticle": false,
    "IsBio": false,
    "CountryOfOrigin": "BELGIË",
    "IsExclusivelySoldInLuxembourg": false,
    "OrderUnit": "P",
    "ShortName": "BONI VL.ZEEP ASS.500 ML",
    "IsNew": false,
    "RecentQuanityOfStockUnits": "1,16,1",
    "LongName": "BONI handzeep sinaas/lavendel 500ml",
    "AlcoholVolume": "0",
    "FicCode": "N"
  },
  {
    "productId": "56324",
    "technicalArticleNumber": "2318697",
    "commercialArticleNumber": "18241",
    "name": "toiletpapier 3l 127v",
    "description": "*127 vellen\n*3-lagig\n*100% cellulose\n*FSC-certificaat",
    "brand": "COSYNEL",
    "seoBrand": "Cosynel",
    "thumbNail": "https://static.colruytgroup.com/images/200x200/std.lang.all/12/50/asset-3441250.jpg",
    "fullImage": "https://static.colruytgroup.com/images/500x500/std.lang.all/12/50/asset-3441250.jpg",
    "squareImage": "https://static.colruytgroup.com/images/500x500sq/std.lang.all/12/50/asset-3441250.jpg",
    "content": "18r",
    "walkRouteSequenceNumber": 3938,
    "price": {
      "basicPrice": 10.99,
      "recommendedQuantity": "1.0",
      "measurementUnitPrice": 0.62,
      "measurementUnit": "S",
      "isRedPrice": false,
      "pricePerUOM": 0.62,
      "activationDate": "22-03-2024",
      "recordSource": "Offline",
      "isPromoActive": "Y",
      "priceChangeCode": "H"
    },
    "isAvailable": true,
    "isPriceAvailable": true,
    "inPromo": true,
    "promotion": [
      {
        "techPromoId": "100837COLR",
        "promotionId": "100837",
        "promotionType": "3",
        "isPersonalized": "N",
        "publicationStartDate": "13-03-2024",
        "publicationEndDate": "26-03-2024"
      }
    ],
    "gtin": [
      "08004260230995",
      "03133200035804",
      "08004260230940"
    ],
    "topCategoryName": "Lichaamsverzorging/Parfumerie",
    "topCategoryId": "591",
    "businessDomain": "RETAIL_BE",
    "IsPrivateLabel": false,
    "IsBiffe": false,
    "WeightconversionFactor": "0",
    "IsWeightArticle": false,
    "IsBio": false,
    "CountryOfOrigin": "FRANKRIJK",
    "IsExclusivelySoldInLuxembourg": false,
    "OrderUnit": "P",
    "ShortName": "COSYNEL JUMBO 3L127V18R",
    "InSeason": true,
    "IsNew": false,
    "RecentQuanityOfStockUnits": "56,1",
    "LongName": "COSYNEL toiletpapier 3l 127v 18r",
    "AlcoholVolume": "0",
    "StartSeasonDate": "26/06/2015",
    "FicCode": "N"
  },
  {
    "productId": "12035",
    "technicalArticleNumber": "1393716",
    "commercialArticleNumber": "24672",
    "name": "handzeep vloeibaar",
    "brand": "EVERYDAY",
    "seoBrand": "Everyday",
    "thumbNail": "https://static.colruytgroup.com/images/200x200/std.lang.all/73/74/asset-2367374.jpg",
    "fullImage": "https://static.colruytgroup.com/images/500x500/std.lang.all/73/74/asset-2367374.jpg",
    "squareImage": "https://static.colruytgroup.com/images/500x500sq/std.lang.all/73/74/asset-2367374.jpg",
    "content": "500ml",
    "walkRouteSequenceNumber": 15070,
    "price": {
      "basicPrice": 0.59,
      "recommendedQuantity": "1.0",
      "measurementUnitPrice": 1.18,
      "measurementUnit": "L",
      "isRedPrice": false,
      "pricePerUOM": 1.18,
      "activationDate": "03-01-2024",
      "recordSource": "Offline",
      "isPromoActive": "N",
      "priceChangeCode": "H"
    },
    "isAvailable": true,
    "isPriceAvailable": true,
    "inPromo": false,
    "gtin": [
      "05400141788723",
      "15400141788720",
      "05400141246728",
      "05400141293944",
      "15400141293941",
      "05400141672244"
    ],
    "topCategoryName": "Lichaamsverzorging/Parfumerie",
    "topCategoryId": "591",
    "businessDomain": "RETAIL_BE",
    "IsPrivateLabel": true,
    "IsBiffe": false,
    "WeightconversionFactor": "0",
    "IsWeightArticle": false,
    "IsBio": false,
    "CountryOfOrigin": "BELGIË",
    "IsExclusivelySoldInLuxembourg": false,
    "OrderUnit": "P",
    "ShortName": "EVD VLOEIB.ZEEP 500ML",
    "InSeason": true,
    "IsNew": false,
    "RecentQuanityOfStockUnits": "1,15,1",
    "LongName": "EVERYDAY handzeep vloeibaar 500ml",
    "AlcoholVolume": "0",
    "StartSeasonDate": "09/04/2020",
    "FicCode": "N"
  },
  {
    "productId": "12036",
    "technicalArticleNumber": "1393720",
    "commercialArticleNumber": "24674",
    "name": "handzeep amandel/honing/hyg.",
    "description": "* 3 parfums:\n- Melk & Honing\n- Amandel\n- Hygiëne",
    "brand": "BONI",
    "seoBrand": "Boni Selection",
    "thumbNail": "https://static.colruytgroup.com/images/200x200/std.lang.all/39/56/asset-2453956.jpg",
    "fullImage": "https://static.colruytgroup.com/images/500x500/std.lang.all/39/56/asset-2453956.jpg",
    "squareImage": "https://static.colruytgroup.com/images/500x500sq/std.lang.all/39/56/asset-2453956.jpg",
    "content": "300ml",
    "walkRouteSequenceNumber": 15065,
    "price": {
      "basicPrice": 0.89,
      "recommendedQuantity": "1.0",
      "measurementUnitPrice": 2.97,
      "measurementUnit": "L",
      "isRedPrice": false,
      "pricePerUOM": 2.97,
      "activationDate": "19-03-2024",
      "recordSource": "Offline",
      "isPromoActive": "N",
      "priceChangeCode": "E"
    },
    "isAvailable": true,
    "isPriceAvailable": true,
    "inPromo": false,
    "gtin": [
      "05400141244762",
      "05400141424768",
      "05400141467420",
      "05400141700244",
      "15400141624479",
      "05400141624472",
      "05400141818703",
      "05400141867466",
      "05400141874655",
      "15400141818700",
      "05400141570458"
    ],
    "topCategoryName": "Lichaamsverzorging/Parfumerie",
    "topCategoryId": "591",
    "businessDomain": "RETAIL_BE",
    "IsPrivateLabel": true,
    "IsBiffe": false,
    "WeightconversionFactor": "0",
    "IsWeightArticle": false,
    "IsBio": false,
    "CountryOfOrigin": "BELGIË",
    "IsExclusivelySoldInLuxembourg": false,
    "OrderUnit": "P",
    "ShortName": "BONI VL.ZEEP ASS 300 ML",
    "InSeason": true,
    "IsNew": false,
    "RecentQuanityOfStockUnits": "1,1,1,12",
    "LongName": "BONI handzeep amandel/honing/hyg. 300ml",
    "AlcoholVolume": "0",
    "StartSeasonDate": "21/10/2003",
    "FicCode": "N"
  },
  {
    "productId": "45843",
    "technicalArticleNumber": "2528673",
    "commercialArticleNumber": "19603",
    "name": "tandpasta Fresh Mint",
    "description": "*Gevoelige tanden,\nverwijdert tandplak\n*Met fluor\n*Fresh mint",
    "brand": "SENSODYNE",
    "seoBrand": "Sensodyne",
    "thumbNail": "https://static.colruytgroup.com/images/200x200/std.lang.all/87/74/asset-2378774.jpg",
    "fullImage": "https://static.colruytgroup.com/images/500x500/std.lang.all/87/74/asset-2378774.jpg",
    "squareImage": "https://static.colruytgroup.com/images/500x500sq/std.lang.all/87/74/asset-2378774.jpg",
    "content": "75ml",
    "walkRouteSequenceNumber": 14337,
    "price": {
      "basicPrice": 2.79,
      "recommendedQuantity": "1.0",
      "measurementUnitPrice": 37.2,
      "measurementUnit": "L",
      "isRedPrice": false,
      "pricePerUOM": 37.2,
      "activationDate": "16-03-2024",
      "recordSource": "Offline",
      "isPromoActive": "N",
      "priceChangeCode": "H"
    },
    "isAvailable": true,
    "isPriceAvailable": true,
    "inPromo": false,
    "gtin": [
      "08710464085759",
      "08710464484750",
      "15054563039238",
      "08710464085131",
      "05054563039217",
      "08710464120825",
      "05400141005172"
    ],
    "topCategoryName": "Lichaamsverzorging/Parfumerie",
    "topCategoryId": "591",
    "businessDomain": "RETAIL_BE",
    "IsPrivateLabel": false,
    "IsBiffe": false,
    "WeightconversionFactor": "0",
    "IsWeightArticle": false,
    "IsBio": false,
    "CountryOfOrigin": "VERENIGD KONINKRIJK",
    "IsExclusivelySoldInLuxembourg": false,
    "OrderUnit": "P",
    "ShortName": "SENSODYNE FRESH MINT 75",
    "IsNew": false,
    "RecentQuanityOfStockUnits": "1,2,12",
    "LongName": "SENSODYNE tandpasta Fresh Mint 75ml",
    "AlcoholVolume": "0",
    "FicCode": "N"
  },
  {
    "productId": "86425",
    "technicalArticleNumber": "3017010",
    "commercialArticleNumber": "14493",
    "name": "zakdoekjes 4l Kids",
    "description": "*10 stuks per pakje\n*15 pakjes\n*100% cellulose\n*PEFC-certificaat\n*4 lagen",
    "brand": "BONI",
    "seoBrand": "Boni Selection",
    "thumbNail": "https://static.colruytgroup.com/images/200x200/std.lang.all/90/73/asset-2939073.jpg",
    "fullImage": "https://static.colruytgroup.com/images/500x500/std.lang.all/90/73/asset-2939073.jpg",
    "squareImage": "https://static.colruytgroup.com/images/500x500sq/std.lang.all/90/73/asset-2939073.jpg",
    "content": "15x10st",
    "walkRouteSequenceNumber": 3904,
    "price": {
      "basicPrice": 1.89,
      "recommendedQuantity": "1.0",
      "measurementUnitPrice": 0.126,
      "measurementUnit": "S",
      "isRedPrice": false,
      "pricePerUOM": 0.126,
      "activationDate": "17-11-2023",
      "isPromoActive": "N",
      "priceChangeCode": "E"
    },
    "isAvailable": true,
    "isPriceAvailable": true,
    "inPromo": false,
    "gtin": [
      "05400141837827",
      "15400141837824",
      "15400141981312",
      "05400141053739"
    ],
    "topCategoryName": "Lichaamsverzorging/Parfumerie",
    "topCategoryId": "591",
    "businessDomain": "RETAIL_BE",
    "IsPrivateLabel": true,
    "IsBiffe": false,
    "WeightconversionFactor": "0",
    "IsWeightArticle": false,
    "IsBio": false,
    "CountryOfOrigin": "FRANKRIJK",
    "IsExclusivelySoldInLuxembourg": false,
    "OrderUnit": "P",
    "ShortName": "BONI ZAK.KIDS 4L 15X10",
    "IsNew": false,
    "RecentQuanityOfStockUnits": "1",
    "LongName": "BONI zakdoekjes 4l Kids 15x10st",
    "AlcoholVolume": "0",
    "FicCode": "N"
  },
  {
    "productId": "17031",
    "technicalArticleNumber": "1552290",
    "commercialArticleNumber": "23437",
    "name": "wattenschijfjes",
    "description": "*Wattenschijfjes\n*2x70 stuks\n*100 % katoen",
    "brand": "BONI",
    "seoBrand": "Boni Selection",
    "thumbNail": "https://static.colruytgroup.com/images/200x200/std.lang.all/32/65/asset-1663265.jpg",
    "fullImage": "https://static.colruytgroup.com/images/500x500/std.lang.all/32/65/asset-1663265.jpg",
    "squareImage": "https://static.colruytgroup.com/images/500x500sq/std.lang.all/32/65/asset-1663265.jpg",
    "content": "2x70st",
    "walkRouteSequenceNumber": 15668,
    "price": {
      "basicPrice": 0.954,
      "recommendedQuantity": "1.0",
      "measurementUnitPrice": 0.007,
      "measurementUnit": "S",
      "isRedPrice": false,
      "pricePerUOM": 0.007,
      "activationDate": "02-01-2024",
      "recordSource": "Offline",
      "isPromoActive": "N",
      "priceChangeCode": "E"
    },
    "isAvailable": true,
    "isPriceAvailable": true,
    "inPromo": false,
    "gtin": [
      "05400141193695",
      "15400141193692",
      "05400141128499",
      "05400141058062"
    ],
    "topCategoryName": "Lichaamsverzorging/Parfumerie",
    "topCategoryId": "591",
    "businessDomain": "RETAIL_BE",
    "IsPrivateLabel": true,
    "IsBiffe": false,
    "WeightconversionFactor": "0",
    "IsWeightArticle": false,
    "IsBio": false,
    "CountryOfOrigin": "NEDERLAND",
    "IsExclusivelySoldInLuxembourg": false,
    "OrderUnit": "P",
    "ShortName": "BONI WATTENSCHIJF.2X70",
    "IsNew": false,
    "RecentQuanityOfStockUnits": "1,12",
    "LongName": "BONI wattenschijfjes 2x70st",
    "AlcoholVolume": "0",
    "FicCode": "N"
  },
  {
    "productId": "571084",
    "technicalArticleNumber": "4216261",
    "commercialArticleNumber": "6359",
    "name": "papieren wattenstaafjes",
    "description": "*Papieren\nwattenstaafjes\n*100% papier\n*Niet in oor of\nneus duwen",
    "brand": "BONI",
    "seoBrand": "Boni Selection",
    "thumbNail": "https://static.colruytgroup.com/images/200x200/std.lang.all/97/02/asset-2979702.jpg",
    "fullImage": "https://static.colruytgroup.com/images/500x500/std.lang.all/97/02/asset-2979702.jpg",
    "squareImage": "https://static.colruytgroup.com/images/500x500sq/std.lang.all/97/02/asset-2979702.jpg",
    "content": "160st",
    "walkRouteSequenceNumber": 15665,
    "price": {
      "basicPrice": 0.75,
      "recommendedQuantity": "1.0",
      "measurementUnitPrice": 0.005,
      "measurementUnit": "S",
      "isRedPrice": false,
      "pricePerUOM": 0.005,
      "activationDate": "11-03-2024",
      "recordSource": "Offline",
      "isPromoActive": "N",
      "priceChangeCode": "E"
    },
    "isAvailable": true,
    "isPriceAvailable": true,
    "inPromo": false,
    "gtin": [
      "15400141352570",
      "05400141352573",
      "15400141704799",
      "05400141704792"
    ],
    "topCategoryName": "Lichaamsverzorging/Parfumerie",
    "topCategoryId": "591",
    "businessDomain": "RETAIL_BE",
    "IsPrivateLabel": true,
    "IsBiffe": false,
    "WeightconversionFactor": "0",
    "IsWeightArticle": false,
    "IsBio": false,
    "CountryOfOrigin": "CHINA (VOLKSREBUPLIEK)",
    "IsExclusivelySoldInLuxembourg": false,
    "OrderUnit": "P",
    "ShortName": "BONI PAP.WATTENST.160ST",
    "IsNew": false,
    "RecentQuanityOfStockUnits": "30,1,1",
    "LongName": "BONI papieren wattenstaafjes 160st",
    "FicCode": "N"
  },
  {
    "productId": "17675",
    "technicalArticleNumber": "1560920",
    "commercialArticleNumber": "23583",
    "name": "wattenschijfjes maxi",
    "description": "*Wattenschijfjes\n*50 stuks\n*100 % katoen",
    "brand": "BONI",
    "seoBrand": "Boni Selection",
    "thumbNail": "https://static.colruytgroup.com/images/200x200/std.lang.all/65/15/asset-1546515.jpg",
    "fullImage": "https://static.colruytgroup.com/images/500x500/std.lang.all/65/15/asset-1546515.jpg",
    "squareImage": "https://static.colruytgroup.com/images/500x500sq/std.lang.all/65/15/asset-1546515.jpg",
    "content": "50st",
    "walkRouteSequenceNumber": 15663,
    "price": {
      "basicPrice": 0.734,
      "recommendedQuantity": "1.0",
      "measurementUnitPrice": 0.015,
      "measurementUnit": "S",
      "isRedPrice": false,
      "pricePerUOM": 0.015,
      "activationDate": "20-03-2024",
      "recordSource": "Folder",
      "isPromoActive": "N",
      "priceChangeCode": "L"
    },
    "isAvailable": true,
    "isPriceAvailable": true,
    "inPromo": false,
    "gtin": [
      "05400141128482",
      "15400141193685",
      "05400141193688"
    ],
    "topCategoryName": "Lichaamsverzorging/Parfumerie",
    "topCategoryId": "591",
    "businessDomain": "RETAIL_BE",
    "IsPrivateLabel": true,
    "IsBiffe": false,
    "WeightconversionFactor": "0",
    "IsWeightArticle": false,
    "IsBio": false,
    "CountryOfOrigin": "NEDERLAND",
    "IsExclusivelySoldInLuxembourg": false,
    "OrderUnit": "P",
    "ShortName": "BONI MAX WATTENSCH.50ST",
    "IsNew": false,
    "RecentQuanityOfStockUnits": "1,24",
    "LongName": "BONI wattenschijfjes maxi 50st",
    "AlcoholVolume": "0",
    "FicCode": "N"
  },
  {
    "productId": "756406",
    "technicalArticleNumber": "4531222",
    "commercialArticleNumber": "9921",
    "name": "zakdoekjes family box",
    "description": "*128 zakdoekjes\n*100% recycleerbaar\n*FCS-certificaat\n*Grote verpakking\n*Zacht en sterk",
    "brand": "KLEENEX",
    "seoBrand": "Kleenex",
    "thumbNail": "https://static.colruytgroup.com/images/200x200/std.lang.all/81/02/asset-3358102.jpg",
    "fullImage": "https://static.colruytgroup.com/images/500x500/std.lang.all/81/02/asset-3358102.jpg",
    "squareImage": "https://static.colruytgroup.com/images/500x500sq/std.lang.all/81/02/asset-3358102.jpg",
    "content": "128st",
    "walkRouteSequenceNumber": 3924,
    "price": {
      "basicPrice": 2.49,
      "recommendedQuantity": "1.0",
      "measurementUnitPrice": 0.02,
      "measurementUnit": "S",
      "isRedPrice": false,
      "pricePerUOM": 0.02,
      "activationDate": "11-03-2024",
      "recordSource": "Offline",
      "isPromoActive": "N",
      "priceChangeCode": "E"
    },
    "isAvailable": true,
    "isPriceAvailable": true,
    "inPromo": false,
    "gtin": [
      "05029053579276",
      "05029054236338"
    ],
    "topCategoryName": "Lichaamsverzorging/Parfumerie",
    "topCategoryId": "591",
    "businessDomain": "RETAIL_BE",
    "IsPrivateLabel": false,
    "IsBiffe": false,
    "WeightconversionFactor": "0",
    "IsWeightArticle": false,
    "IsBio": false,
    "CountryOfOrigin": "FRANKRIJK",
    "IsExclusivelySoldInLuxembourg": false,
    "OrderUnit": "P",
    "ShortName": "KLEENEX FAM.ZAKD.BOX128",
    "IsNew": false,
    "RecentQuanityOfStockUnits": "10,1",
    "LongName": "KLEENEX zakdoekjes family box 128st",
    "FicCode": "N"
  },
  {
    "productId": "789047",
    "technicalArticleNumber": "4593567",
    "commercialArticleNumber": "29267",
    "name": "wattenstaafjes navulling",
    "description": "*Wattenstaafjes\n*160 stuks\n*Navulling\n*100% Katoen vezels\n*FSC Papierstaafjes",
    "brand": "LOTUS",
    "seoBrand": "Lotus",
    "thumbNail": "https://static.colruytgroup.com/images/200x200/std.lang.all/08/94/asset-3310894.jpg",
    "fullImage": "https://static.colruytgroup.com/images/500x500/std.lang.all/08/94/asset-3310894.jpg",
    "squareImage": "https://static.colruytgroup.com/images/500x500sq/std.lang.all/08/94/asset-3310894.jpg",
    "content": "160st",
    "walkRouteSequenceNumber": 15666,
    "price": {
      "basicPrice": 1.95,
      "recommendedQuantity": "1.0",
      "measurementUnitPrice": 0.013,
      "measurementUnit": "S",
      "isRedPrice": false,
      "pricePerUOM": 0.013,
      "activationDate": "15-03-2024",
      "recordSource": "Offline",
      "isPromoActive": "N",
      "priceChangeCode": "H"
    },
    "isAvailable": true,
    "isPriceAvailable": true,
    "inPromo": false,
    "gtin": [
      "07322541086507",
      "07322541086514"
    ],
    "topCategoryName": "Lichaamsverzorging/Parfumerie",
    "topCategoryId": "591",
    "businessDomain": "RETAIL_BE",
    "IsPrivateLabel": false,
    "IsBiffe": false,
    "WeightconversionFactor": "0",
    "IsWeightArticle": false,
    "IsBio": false,
    "CountryOfOrigin": "GRIEKENLAND",
    "IsExclusivelySoldInLuxembourg": false,
    "OrderUnit": "P",
    "ShortName": "LOTU WATTENSTAAFJES 160",
    "IsNew": false,
    "RecentQuanityOfStockUnits": "1",
    "LongName": "LOTUS wattenstaafjes navulling 160st",
    "FicCode": "N"
  },
  {
    "productId": "856003",
    "technicalArticleNumber": "4705361",
    "commercialArticleNumber": "31379",
    "name": "sensation white",
    "description": "*Whitening tandpasta\n*Tegen gaatjes\n*Dagelijkse\nzekerheid",
    "brand": "COLGATE",
    "seoBrand": "Colgate",
    "thumbNail": "https://static.colruytgroup.com/images/200x200/std.lang.all/79/58/asset-3237958.jpg",
    "fullImage": "https://static.colruytgroup.com/images/500x500/std.lang.all/79/58/asset-3237958.jpg",
    "squareImage": "https://static.colruytgroup.com/images/500x500sq/std.lang.all/79/58/asset-3237958.jpg",
    "content": "75ml",
    "walkRouteSequenceNumber": 14375,
    "price": {
      "basicPrice": 1.79,
      "recommendedQuantity": "1.0",
      "quantityPrice": 0.895,
      "quantityPriceQuantity": "2.0",
      "measurementUnitPrice": 23.87,
      "measurementUnitQuantityPrice": 11.94,
      "measurementUnit": "L",
      "isRedPrice": false,
      "pricePerUOM": 23.87,
      "activationDate": "18-03-2024",
      "recordSource": "Offline",
      "isPromoActive": "N",
      "priceChangeCode": "E",
      "quantityPricePerUOM": 11.94,
      "quantityActivationDate": "18-03-2024",
      "quantityPriceChangeCode": "L"
    },
    "isAvailable": true,
    "isPriceAvailable": true,
    "inPromo": false,
    "gtin": [
      "08718951589391",
      "08718951589407",
      "08718951580909"
    ],
    "topCategoryName": "Lichaamsverzorging/Parfumerie",
    "topCategoryId": "591",
    "businessDomain": "RETAIL_BE",
    "IsPrivateLabel": false,
    "IsBiffe": false,
    "WeightconversionFactor": "0",
    "IsWeightArticle": false,
    "IsBio": false,
    "CountryOfOrigin": "POLEN",
    "IsExclusivelySoldInLuxembourg": false,
    "OrderUnit": "P",
    "ShortName": "COLG TP SENS.WHITE 75",
    "IsNew": false,
    "RecentQuanityOfStockUnits": "16,2,1",
    "LongName": "COLGATE sensation white 75ml",
    "FicCode": "N"
  },
  {
    "productId": "767750",
    "technicalArticleNumber": "4551961",
    "commercialArticleNumber": "16114",
    "name": "inlegkruisjes normaal",
    "description": "*Inlegkruisjes (60st)\n*Dagelijks gebruik",
    "brand": "BONI",
    "seoBrand": "Boni Selection",
    "thumbNail": "https://static.colruytgroup.com/images/200x200/std.lang.all/23/41/asset-2852341.jpg",
    "fullImage": "https://static.colruytgroup.com/images/500x500/std.lang.all/23/41/asset-2852341.jpg",
    "squareImage": "https://static.colruytgroup.com/images/500x500sq/std.lang.all/23/41/asset-2852341.jpg",
    "content": "60st",
    "walkRouteSequenceNumber": 14277,
    "price": {
      "basicPrice": 1.32,
      "recommendedQuantity": "1.0",
      "quantityPrice": 1.08,
      "quantityPriceQuantity": "2.0",
      "measurementUnitPrice": 0.022,
      "measurementUnitQuantityPrice": 0.018,
      "measurementUnit": "S",
      "isRedPrice": false,
      "pricePerUOM": 0.022,
      "activationDate": "20-03-2024",
      "recordSource": "Offline",
      "isPromoActive": "N",
      "priceChangeCode": "E",
      "quantityPricePerUOM": 0.018,
      "quantityActivationDate": "20-03-2024",
      "quantityPriceChangeCode": "H"
    },
    "isAvailable": true,
    "isPriceAvailable": true,
    "inPromo": false,
    "gtin": [
      "15400141925262",
      "05400141925265"
    ],
    "topCategoryName": "Lichaamsverzorging/Parfumerie",
    "topCategoryId": "591",
    "businessDomain": "RETAIL_BE",
    "IsPrivateLabel": true,
    "IsBiffe": false,
    "WeightconversionFactor": "0",
    "IsWeightArticle": false,
    "IsBio": false,
    "CountryOfOrigin": "TSJECHIË (REPUBLIEK)",
    "IsExclusivelySoldInLuxembourg": false,
    "OrderUnit": "P",
    "ShortName": "BONI ILK NORMAAL 60ST",
    "IsNew": false,
    "RecentQuanityOfStockUnits": "1,10",
    "LongName": "BONI inlegkruisjes normaal 60st",
    "FicCode": "N"
  },
  {
    "productId": "176488",
    "technicalArticleNumber": "3376078",
    "commercialArticleNumber": "9532",
    "name": "tandpasta Junior 6-12j",
    "description": "*Tegen gaatjes\n*Kinderen 6-12 jaar\n*Dagelijks gebruik",
    "brand": "ELMEX",
    "seoBrand": "Elmex",
    "thumbNail": "https://static.colruytgroup.com/images/200x200/nl_be/91/80/asset-679180.jpg",
    "fullImage": "https://static.colruytgroup.com/images/500x500/nl_be/91/80/asset-679180.jpg",
    "squareImage": "https://static.colruytgroup.com/images/500x500sq/nl_be/91/80/asset-679180.jpg",
    "content": "75ml",
    "walkRouteSequenceNumber": 14208,
    "price": {
      "basicPrice": 2.23,
      "recommendedQuantity": "1.0",
      "measurementUnitPrice": 29.74,
      "measurementUnit": "L",
      "isRedPrice": false,
      "pricePerUOM": 29.74,
      "activationDate": "23-03-2024",
      "recordSource": "Folder",
      "isPromoActive": "N",
      "priceChangeCode": "E"
    },
    "isAvailable": true,
    "isPriceAvailable": true,
    "inPromo": true,
    "promotion": [
      {
        "techPromoId": "100891COLR",
        "promotionId": "100891",
        "promotionType": "3",
        "isPersonalized": "N",
        "publicationStartDate": "13-03-2024",
        "publicationEndDate": "26-03-2024"
      }
    ],
    "gtin": [
      "08718951071643",
      "08718951084049",
      "08718951084056",
      "04007965507403",
      "08718951171589"
    ],
    "topCategoryName": "Lichaamsverzorging/Parfumerie",
    "topCategoryId": "591",
    "businessDomain": "RETAIL_BE",
    "IsPrivateLabel": false,
    "IsBiffe": false,
    "WeightconversionFactor": "0",
    "IsWeightArticle": false,
    "IsBio": false,
    "CountryOfOrigin": "POLEN",
    "IsExclusivelySoldInLuxembourg": false,
    "OrderUnit": "P",
    "ShortName": "ELMEX JUNIOR TP 75 ML",
    "IsNew": false,
    "RecentQuanityOfStockUnits": "1,12",
    "LongName": "ELMEX tandpasta Junior 6-12j 75ml",
    "AlcoholVolume": "0",
    "FicCode": "N"
  },
  {
    "productId": "761090",
    "technicalArticleNumber": "4539719",
    "commercialArticleNumber": "28345",
    "name": "toiletpapier decor 3l 180v",
    "brand": "BONI",
    "seoBrand": "Boni Selection",
    "thumbNail": "https://static.colruytgroup.com/images/200x200/std.lang.all/46/44/asset-3284644.jpg",
    "fullImage": "https://static.colruytgroup.com/images/500x500/std.lang.all/46/44/asset-3284644.jpg",
    "squareImage": "https://static.colruytgroup.com/images/500x500sq/std.lang.all/46/44/asset-3284644.jpg",
    "content": "16r",
    "walkRouteSequenceNumber": 3918,
    "price": {
      "basicPrice": 6.99,
      "recommendedQuantity": "1.0",
      "measurementUnitPrice": 0.437,
      "measurementUnit": "S",
      "isRedPrice": false,
      "pricePerUOM": 0.437,
      "activationDate": "12-05-2023",
      "isPromoActive": "N",
      "priceChangeCode": "H"
    },
    "isAvailable": true,
    "isPriceAvailable": true,
    "inPromo": false,
    "gtin": [
      "05400141598704",
      "05400141536133"
    ],
    "topCategoryName": "Lichaamsverzorging/Parfumerie",
    "topCategoryId": "591",
    "businessDomain": "RETAIL_BE",
    "IsPrivateLabel": true,
    "IsBiffe": false,
    "WeightconversionFactor": "0",
    "IsWeightArticle": false,
    "IsBio": false,
    "CountryOfOrigin": "DUITSLAND",
    "IsExclusivelySoldInLuxembourg": false,
    "OrderUnit": "P",
    "ShortName": "BONI TP DEC3L16R180V 16",
    "IsNew": false,
    "RecentQuanityOfStockUnits": "1",
    "LongName": "BONI toiletpapier decor 3l 180v 16r",
    "FicCode": "N"
  },
  {
    "productId": "700868",
    "technicalArticleNumber": "4433362",
    "commercialArticleNumber": "15641",
    "name": "toiletpapier decor 2l 140v",
    "brand": "SCOTTEX",
    "seoBrand": "Scottex",
    "thumbNail": "https://static.colruytgroup.com/images/200x200/std.lang.all/94/91/asset-3459491.jpg",
    "fullImage": "https://static.colruytgroup.com/images/500x500/std.lang.all/94/91/asset-3459491.jpg",
    "squareImage": "https://static.colruytgroup.com/images/500x500sq/std.lang.all/94/91/asset-3459491.jpg",
    "content": "24r",
    "walkRouteSequenceNumber": 3979,
    "price": {
      "basicPrice": 10.19,
      "recommendedQuantity": "1.0",
      "measurementUnitPrice": 0.425,
      "measurementUnit": "S",
      "isRedPrice": false,
      "pricePerUOM": 0.425,
      "activationDate": "23-03-2024",
      "recordSource": "Folder",
      "isPromoActive": "N",
      "priceChangeCode": "E"
    },
    "isAvailable": true,
    "isPriceAvailable": true,
    "inPromo": false,
    "gtin": [
      "05029054232057",
      "05029053576510"
    ],
    "topCategoryName": "Lichaamsverzorging/Parfumerie",
    "topCategoryId": "591",
    "businessDomain": "RETAIL_BE",
    "IsPrivateLabel": false,
    "IsBiffe": false,
    "WeightconversionFactor": "0",
    "IsWeightArticle": false,
    "IsBio": false,
    "CountryOfOrigin": "DUITSLAND",
    "IsExclusivelySoldInLuxembourg": false,
    "OrderUnit": "P",
    "ShortName": "SCOT TP DECOR 2L 140V24",
    "IsNew": false,
    "RecentQuanityOfStockUnits": "1,4",
    "LongName": "SCOTTEX toiletpapier decor 2l 140v 24r",
    "FicCode": "N"
  },
  {
    "productId": "609078",
    "technicalArticleNumber": "4280989",
    "commercialArticleNumber": "11821",
    "name": "douchegel passion/shea",
    "brand": "BONI",
    "seoBrand": "Boni Selection",
    "thumbNail": "https://static.colruytgroup.com/images/200x200/std.lang.all/90/27/asset-3359027.jpg",
    "fullImage": "https://static.colruytgroup.com/images/500x500/std.lang.all/90/27/asset-3359027.jpg",
    "squareImage": "https://static.colruytgroup.com/images/500x500sq/std.lang.all/90/27/asset-3359027.jpg",
    "content": "500ml",
    "walkRouteSequenceNumber": 14618,
    "price": {
      "basicPrice": 1.65,
      "recommendedQuantity": "1.0",
      "measurementUnitPrice": 3.3,
      "measurementUnit": "L",
      "isRedPrice": false,
      "pricePerUOM": 3.3,
      "activationDate": "11-03-2024",
      "recordSource": "Offline",
      "isPromoActive": "N",
      "priceChangeCode": "E"
    },
    "isAvailable": true,
    "isPriceAvailable": true,
    "inPromo": false,
    "gtin": [
      "15400141413790",
      "05400141413793",
      "35400141413794",
      "05400141413755",
      "05400141788686",
      "15400141788683"
    ],
    "topCategoryName": "Lichaamsverzorging/Parfumerie",
    "topCategoryId": "591",
    "businessDomain": "RETAIL_BE",
    "IsPrivateLabel": true,
    "IsBiffe": false,
    "WeightconversionFactor": "0",
    "IsWeightArticle": false,
    "IsBio": false,
    "CountryOfOrigin": "BELGIË",
    "IsExclusivelySoldInLuxembourg": false,
    "OrderUnit": "P",
    "ShortName": "BONI DCH PAS/GALAM.500",
    "InSeason": true,
    "IsNew": false,
    "RecentQuanityOfStockUnits": "1,1,12",
    "LongName": "BONI douchegel passion/shea 500ml",
    "StartSeasonDate": "03/12/2020",
    "FicCode": "N"
  },
  {
    "productId": "40997",
    "technicalArticleNumber": "2484034",
    "commercialArticleNumber": "39148",
    "name": "tp Repair&Protect",
    "description": "*Gevoelige tanden\n*Met fluor",
    "brand": "SENSODYNE",
    "seoBrand": "Sensodyne Repair & Protect",
    "thumbNail": "https://static.colruytgroup.com/images/200x200/std.lang.all/17/65/asset-2661765.jpg",
    "fullImage": "https://static.colruytgroup.com/images/500x500/std.lang.all/17/65/asset-2661765.jpg",
    "squareImage": "https://static.colruytgroup.com/images/500x500sq/std.lang.all/17/65/asset-2661765.jpg",
    "content": "75ml",
    "walkRouteSequenceNumber": 14343,
    "price": {
      "basicPrice": 4.99,
      "recommendedQuantity": "1.0",
      "measurementUnitPrice": 66.54,
      "measurementUnit": "L",
      "isRedPrice": false,
      "pricePerUOM": 66.54,
      "activationDate": "13-03-2024",
      "recordSource": "Offline",
      "isPromoActive": "N",
      "priceChangeCode": "H"
    },
    "isAvailable": true,
    "isPriceAvailable": true,
    "inPromo": false,
    "gtin": [
      "08710464085742",
      "08710464484743",
      "08710464484118",
      "08710464085117",
      "05054563097910",
      "08710464749149",
      "08710464483371",
      "08710464115883",
      "08710464084370",
      "05054563006592",
      "08710464749576",
      "15054563097931"
    ],
    "topCategoryName": "Lichaamsverzorging/Parfumerie",
    "topCategoryId": "591",
    "businessDomain": "RETAIL_BE",
    "IsPrivateLabel": false,
    "IsBiffe": false,
    "WeightconversionFactor": "0",
    "IsWeightArticle": false,
    "IsBio": false,
    "CountryOfOrigin": "VERENIGD KONINKRIJK",
    "IsExclusivelySoldInLuxembourg": false,
    "OrderUnit": "P",
    "ShortName": "SENSODYNE REPAIR TP75ML",
    "IsNew": false,
    "RecentQuanityOfStockUnits": "1,2,12",
    "LongName": "SENSODYNE tp Repair&Protect 75ml",
    "AlcoholVolume": "0",
    "FicCode": "N"
  },
  {
    "productId": "854472",
    "technicalArticleNumber": "4703457",
    "commercialArticleNumber": "31249",
    "name": "tandpasta Sensitive",
    "description": "*Gevoelige tanden\n*Tegen gaatjes\n*24u bescherming",
    "brand": "ELMEX",
    "seoBrand": "Elmex",
    "thumbNail": "https://static.colruytgroup.com/images/200x200/std.lang.all/35/36/asset-3153536.jpg",
    "fullImage": "https://static.colruytgroup.com/images/500x500/std.lang.all/35/36/asset-3153536.jpg",
    "squareImage": "https://static.colruytgroup.com/images/500x500sq/std.lang.all/35/36/asset-3153536.jpg",
    "content": "75ml",
    "walkRouteSequenceNumber": 14348,
    "price": {
      "basicPrice": 4.38,
      "recommendedQuantity": "1.0",
      "measurementUnitPrice": 58.4,
      "measurementUnit": "L",
      "isRedPrice": false,
      "pricePerUOM": 58.4,
      "activationDate": "14-03-2024",
      "recordSource": "Folder",
      "isPromoActive": "Y",
      "priceChangeCode": "E"
    },
    "isAvailable": true,
    "isPriceAvailable": true,
    "inPromo": true,
    "promotion": [
      {
        "techPromoId": "100891COLR",
        "promotionId": "100891",
        "promotionType": "3",
        "isPersonalized": "N",
        "publicationStartDate": "13-03-2024",
        "publicationEndDate": "26-03-2024"
      }
    ],
    "gtin": [
      "08718951548701",
      "08718951544239",
      "08718951548695"
    ],
    "topCategoryName": "Lichaamsverzorging/Parfumerie",
    "topCategoryId": "591",
    "businessDomain": "RETAIL_BE",
    "IsPrivateLabel": false,
    "IsBiffe": false,
    "WeightconversionFactor": "0",
    "IsWeightArticle": false,
    "IsBio": false,
    "CountryOfOrigin": "POLEN",
    "IsExclusivelySoldInLuxembourg": false,
    "OrderUnit": "P",
    "ShortName": "ELME TP SENSITIVE 75ML",
    "IsNew": false,
    "RecentQuanityOfStockUnits": "2,1",
    "LongName": "ELMEX tandpasta Sensitive 75ml",
    "FicCode": "N"
  },
  {
    "productId": "629922",
    "technicalArticleNumber": "4315216",
    "commercialArticleNumber": "2357",
    "name": "inlegkruisjes Extra Long",
    "description": "*Inlegkruisjes (26s)\n*Lichte menstruatie\n*Zachte bovenlaag\n*Discreet, xtra lang\n*Parfumvrij",
    "brand": "BONI",
    "seoBrand": "Boni Selection",
    "thumbNail": "https://static.colruytgroup.com/images/200x200/std.lang.all/17/21/asset-3031721.jpg",
    "fullImage": "https://static.colruytgroup.com/images/500x500/std.lang.all/17/21/asset-3031721.jpg",
    "squareImage": "https://static.colruytgroup.com/images/500x500sq/std.lang.all/17/21/asset-3031721.jpg",
    "content": "26st",
    "walkRouteSequenceNumber": 14279,
    "price": {
      "basicPrice": 0.99,
      "recommendedQuantity": "2.0",
      "measurementUnitPrice": 0.039,
      "measurementUnit": "S",
      "isRedPrice": false,
      "pricePerUOM": 0.039,
      "activationDate": "07-02-2024",
      "recordSource": "Offline",
      "isPromoActive": "N",
      "priceChangeCode": "L"
    },
    "isAvailable": true,
    "isPriceAvailable": true,
    "inPromo": false,
    "gtin": [
      "05400141635218",
      "15400141635215",
      "35400141460200",
      "15400141600626",
      "25400141635212",
      "15400141460206",
      "05400141460209",
      "05400141600629"
    ],
    "topCategoryName": "Lichaamsverzorging/Parfumerie",
    "topCategoryId": "591",
    "businessDomain": "RETAIL_BE",
    "IsPrivateLabel": true,
    "IsBiffe": false,
    "WeightconversionFactor": "0",
    "IsWeightArticle": false,
    "IsBio": false,
    "CountryOfOrigin": "DUITSLAND",
    "IsExclusivelySoldInLuxembourg": false,
    "OrderUnit": "P",
    "ShortName": "BONI ILK EXT.LONG 26ST",
    "IsNew": false,
    "RecentQuanityOfStockUnits": "2,1,10",
    "LongName": "BONI inlegkruisjes Extra Long 26st",
    "FicCode": "N"
  },
  {
    "productId": "793403",
    "technicalArticleNumber": "4601295",
    "commercialArticleNumber": "8748",
    "name": "tandpasta pure adem",
    "description": "*Tandpasta\n*Mondhygiëne\n*Witte tanden\n*Anticariës\n*Gezond tandvlees",
    "brand": "SIGNAL",
    "seoBrand": "Signal",
    "thumbNail": "https://static.colruytgroup.com/images/200x200/nl_be/36/62/asset-2843662.jpg",
    "fullImage": "https://static.colruytgroup.com/images/500x500/nl_be/36/62/asset-2843662.jpg",
    "squareImage": "https://static.colruytgroup.com/images/500x500sq/nl_be/36/62/asset-2843662.jpg",
    "content": "75ml",
    "walkRouteSequenceNumber": 14338,
    "price": {
      "basicPrice": 1.69,
      "recommendedQuantity": "1.0",
      "measurementUnitPrice": 22.54,
      "measurementUnit": "L",
      "isRedPrice": false,
      "pricePerUOM": 22.54,
      "activationDate": "26-02-2024",
      "recordSource": "Offline",
      "isPromoActive": "N",
      "priceChangeCode": "H"
    },
    "isAvailable": true,
    "isPriceAvailable": true,
    "inPromo": false,
    "gtin": [
      "15400141659341",
      "08720181242397",
      "08720181242403"
    ],
    "topCategoryName": "Lichaamsverzorging/Parfumerie",
    "topCategoryId": "591",
    "businessDomain": "RETAIL_BE",
    "IsPrivateLabel": false,
    "IsBiffe": false,
    "WeightconversionFactor": "0",
    "IsWeightArticle": false,
    "IsBio": false,
    "CountryOfOrigin": "FRANKRIJK",
    "IsExclusivelySoldInLuxembourg": false,
    "OrderUnit": "P",
    "ShortName": "SIGN TP PURE ADEM 75ML",
    "IsNew": false,
    "RecentQuanityOfStockUnits": "2,1",
    "LongName": "SIGNAL tandpasta pure adem 75ml",
    "FicCode": "N"
  },
  {
    "productId": "46489",
    "technicalArticleNumber": "2536550",
    "commercialArticleNumber": "14778",
    "name": "tandenborstel medium",
    "description": "*Medium\n*Met ergonomische\nsteel,\nvoor volwassenen",
    "brand": "EVERYDAY",
    "seoBrand": "Everyday",
    "thumbNail": "https://static.colruytgroup.com/images/200x200/std.lang.all/25/00/asset-2822500.jpg",
    "fullImage": "https://static.colruytgroup.com/images/500x500/std.lang.all/25/00/asset-2822500.jpg",
    "squareImage": "https://static.colruytgroup.com/images/500x500sq/std.lang.all/25/00/asset-2822500.jpg",
    "content": "4st",
    "walkRouteSequenceNumber": 14192,
    "price": {
      "basicPrice": 0.66,
      "recommendedQuantity": "1.0",
      "quantityPrice": 0.495,
      "quantityPriceQuantity": "2.0",
      "measurementUnitPrice": 0.165,
      "measurementUnitQuantityPrice": 0.124,
      "measurementUnit": "S",
      "isRedPrice": false,
      "pricePerUOM": 0.165,
      "activationDate": "01-03-2024",
      "recordSource": "Offline",
      "isPromoActive": "N",
      "priceChangeCode": "H",
      "quantityPricePerUOM": 0.124,
      "quantityActivationDate": "01-03-2024",
      "quantityPriceChangeCode": "E"
    },
    "isAvailable": true,
    "isPriceAvailable": true,
    "inPromo": false,
    "gtin": [
      "15400141778141",
      "05400141778144",
      "05400141059663"
    ],
    "topCategoryName": "Lichaamsverzorging/Parfumerie",
    "topCategoryId": "591",
    "businessDomain": "RETAIL_BE",
    "IsPrivateLabel": true,
    "IsBiffe": false,
    "WeightconversionFactor": "0",
    "IsWeightArticle": false,
    "IsBio": false,
    "CountryOfOrigin": "BELGIË",
    "IsExclusivelySoldInLuxembourg": false,
    "OrderUnit": "P",
    "ShortName": "EVD TANDENBORSTEL 4ST",
    "IsNew": false,
    "RecentQuanityOfStockUnits": "1,24",
    "LongName": "EVERYDAY tandenborstel medium 4st",
    "AlcoholVolume": "0",
    "FicCode": "N"
  },
  {
    "productId": "858311",
    "technicalArticleNumber": "4708691",
    "commercialArticleNumber": "31647",
    "name": "toiletpapier 3l 200v",
    "description": "*3 lagen\n*200 vellen\n*6 rollen\n*100% gerec. Papier\n*EU Ecolabel",
    "brand": "BONI ECO",
    "seoBrand": "Boni Selection Eco",
    "thumbNail": "https://static.colruytgroup.com/images/200x200/std.lang.all/66/80/asset-3336680.jpg",
    "fullImage": "https://static.colruytgroup.com/images/500x500/std.lang.all/66/80/asset-3336680.jpg",
    "squareImage": "https://static.colruytgroup.com/images/500x500sq/std.lang.all/66/80/asset-3336680.jpg",
    "content": "6r",
    "walkRouteSequenceNumber": 10176,
    "price": {
      "basicPrice": 2.39,
      "recommendedQuantity": "1.0",
      "measurementUnitPrice": 0.399,
      "measurementUnit": "S",
      "isRedPrice": false,
      "pricePerUOM": 0.399,
      "activationDate": "20-03-2024",
      "recordSource": "Offline",
      "isPromoActive": "N",
      "priceChangeCode": "H"
    },
    "isAvailable": true,
    "isPriceAvailable": true,
    "inPromo": false,
    "gtin": [
      "05400141441727",
      "15400141441724"
    ],
    "topCategoryName": "Lichaamsverzorging/Parfumerie",
    "topCategoryId": "591",
    "businessDomain": "RETAIL_BE",
    "IsPrivateLabel": true,
    "IsBiffe": false,
    "WeightconversionFactor": "0",
    "IsWeightArticle": false,
    "IsBio": false,
    "CountryOfOrigin": "EUROPA",
    "IsExclusivelySoldInLuxembourg": false,
    "OrderUnit": "P",
    "ShortName": "BONI ECO TP 3L 200V 6R",
    "IsNew": false,
    "RecentQuanityOfStockUnits": "1,7",
    "LongName": "BONI ECO toiletpapier 3l 200v 6r",
    "AlcoholVolume": "0",
    "FicCode": "N"
  },
  {
    "productId": "340723",
    "technicalArticleNumber": "3741720",
    "commercialArticleNumber": "16605",
    "name": "inlegkruisjes Large",
    "description": "*Inlegkruisjes (50s)\n*Lichte menstruatie\n*Zachte bovenlaag\n*Discreet, Large\n*Parfumvrij",
    "brand": "BONI",
    "seoBrand": "Boni Selection",
    "thumbNail": "https://static.colruytgroup.com/images/200x200/std.lang.all/69/69/asset-2856969.jpg",
    "fullImage": "https://static.colruytgroup.com/images/500x500/std.lang.all/69/69/asset-2856969.jpg",
    "squareImage": "https://static.colruytgroup.com/images/500x500sq/std.lang.all/69/69/asset-2856969.jpg",
    "content": "50st",
    "walkRouteSequenceNumber": 14280,
    "price": {
      "basicPrice": 1.39,
      "recommendedQuantity": "1.0",
      "quantityPrice": 1.23,
      "quantityPriceQuantity": "2.0",
      "measurementUnitPrice": 0.028,
      "measurementUnitQuantityPrice": 0.025,
      "measurementUnit": "S",
      "isRedPrice": false,
      "pricePerUOM": 0.028,
      "activationDate": "20-03-2024",
      "recordSource": "Offline",
      "isPromoActive": "N",
      "priceChangeCode": "E",
      "quantityPricePerUOM": 0.025,
      "quantityActivationDate": "20-03-2024",
      "quantityPriceChangeCode": "H"
    },
    "isAvailable": true,
    "isPriceAvailable": true,
    "inPromo": false,
    "gtin": [
      "15400141635222",
      "05400141635225",
      "05400141760156",
      "15400141760153",
      "05400141056631",
      "15400141056638"
    ],
    "topCategoryName": "Lichaamsverzorging/Parfumerie",
    "topCategoryId": "591",
    "businessDomain": "RETAIL_BE",
    "IsPrivateLabel": true,
    "IsBiffe": false,
    "WeightconversionFactor": "0",
    "IsWeightArticle": false,
    "IsBio": false,
    "CountryOfOrigin": "BELGIË",
    "IsExclusivelySoldInLuxembourg": false,
    "OrderUnit": "P",
    "ShortName": "BONI ILK LARGE Z.AL.50S",
    "IsNew": false,
    "RecentQuanityOfStockUnits": "1,10",
    "LongName": "BONI inlegkruisjes Large 50st",
    "AlcoholVolume": "0",
    "FicCode": "N"
  },
  {
    "productId": "687193",
    "technicalArticleNumber": "4411488",
    "commercialArticleNumber": "25459",
    "name": "deo bodyspray marine",
    "description": "*Man deodorant\n*Anti-transpiratie\n*Aantrekkelijke geur\n*24u bescherming\n*Tegen zweet",
    "brand": "AXE",
    "seoBrand": "Axe",
    "thumbNail": "https://static.colruytgroup.com/images/200x200/std.lang.all/69/99/asset-2376999.jpg",
    "fullImage": "https://static.colruytgroup.com/images/500x500/std.lang.all/69/99/asset-2376999.jpg",
    "squareImage": "https://static.colruytgroup.com/images/500x500sq/std.lang.all/69/99/asset-2376999.jpg",
    "content": "150ml",
    "walkRouteSequenceNumber": 14665,
    "price": {
      "basicPrice": 2.72,
      "recommendedQuantity": "1.0",
      "measurementUnitPrice": 18.14,
      "measurementUnit": "L",
      "isRedPrice": false,
      "pricePerUOM": 18.14,
      "activationDate": "21-03-2024",
      "recordSource": "Folder",
      "isPromoActive": "N",
      "priceChangeCode": "L"
    },
    "isAvailable": true,
    "isPriceAvailable": true,
    "inPromo": true,
    "promotion": [
      {
        "techPromoId": "100896COLR",
        "promotionId": "100896",
        "promotionType": "4",
        "isPersonalized": "N",
        "publicationStartDate": "13-03-2024",
        "publicationEndDate": "26-03-2024"
      }
    ],
    "gtin": [
      "08720181028076",
      "08720181027789",
      "85400141446971",
      "45400141540718"
    ],
    "topCategoryName": "Lichaamsverzorging/Parfumerie",
    "topCategoryId": "591",
    "businessDomain": "RETAIL_BE",
    "IsPrivateLabel": false,
    "IsBiffe": false,
    "WeightconversionFactor": "0",
    "IsWeightArticle": false,
    "IsBio": false,
    "CountryOfOrigin": "VERENIGD KONINKRIJK",
    "IsExclusivelySoldInLuxembourg": false,
    "OrderUnit": "P",
    "ShortName": "AXE DEO MARINE 150ML",
    "IsNew": false,
    "RecentQuanityOfStockUnits": "1,2,12",
    "LongName": "AXE deo bodyspray marine 150ml",
    "AlcoholVolume": "0",
    "FicCode": "N"
  },
  {
    "productId": "565681",
    "technicalArticleNumber": "4207229",
    "commercialArticleNumber": "16033",
    "name": "maandverband Ultra Normal+",
    "description": "*Ultra Normal+ (20s)\n*Normale menstruatie\n*3 in 1 bescherming\n*Met vleugels\n*Parfumvrij",
    "brand": "BONI",
    "seoBrand": "Boni Selection",
    "thumbNail": "https://static.colruytgroup.com/images/200x200/std.lang.all/23/88/asset-2852388.jpg",
    "fullImage": "https://static.colruytgroup.com/images/500x500/std.lang.all/23/88/asset-2852388.jpg",
    "squareImage": "https://static.colruytgroup.com/images/500x500sq/std.lang.all/23/88/asset-2852388.jpg",
    "content": "20st",
    "walkRouteSequenceNumber": 14409,
    "price": {
      "basicPrice": 0.99,
      "recommendedQuantity": "2.0",
      "measurementUnitPrice": 0.05,
      "measurementUnit": "S",
      "isRedPrice": false,
      "pricePerUOM": 0.05,
      "activationDate": "19-03-2024",
      "recordSource": "Offline",
      "isPromoActive": "N",
      "priceChangeCode": "E"
    },
    "isAvailable": true,
    "isPriceAvailable": true,
    "inPromo": false,
    "gtin": [
      "05400141634686",
      "15400141634683",
      "25400141634680",
      "05400141600520",
      "15400141600527",
      "65400141387980",
      "15400141343516",
      "05400141343519"
    ],
    "topCategoryName": "Lichaamsverzorging/Parfumerie",
    "topCategoryId": "591",
    "businessDomain": "RETAIL_BE",
    "IsPrivateLabel": true,
    "IsBiffe": false,
    "WeightconversionFactor": "0",
    "IsWeightArticle": false,
    "IsBio": false,
    "CountryOfOrigin": "BELGIË",
    "IsExclusivelySoldInLuxembourg": false,
    "OrderUnit": "P",
    "ShortName": "BONI MVB NORM.PLUS 20ST",
    "IsNew": false,
    "RecentQuanityOfStockUnits": "2,1,12",
    "LongName": "BONI maandverband Ultra Normal+ 20st",
    "FicCode": "N"
  },
  {
    "productId": "183549",
    "technicalArticleNumber": "3470325",
    "commercialArticleNumber": "12091",
    "name": "tandenborstel medium",
    "description": "*Assortiment: Medium\n*Antislip handgreep,\nmet tongcleaner",
    "brand": "BONI",
    "seoBrand": "Boni Selection",
    "thumbNail": "https://static.colruytgroup.com/images/200x200/std.lang.all/44/25/asset-3244425.jpg",
    "fullImage": "https://static.colruytgroup.com/images/500x500/std.lang.all/44/25/asset-3244425.jpg",
    "squareImage": "https://static.colruytgroup.com/images/500x500sq/std.lang.all/44/25/asset-3244425.jpg",
    "content": "2st",
    "walkRouteSequenceNumber": 14191,
    "price": {
      "basicPrice": 0.89,
      "recommendedQuantity": "1.0",
      "measurementUnitPrice": 0.445,
      "measurementUnit": "S",
      "isRedPrice": false,
      "pricePerUOM": 0.445,
      "activationDate": "21-03-2024",
      "recordSource": "Offline",
      "isPromoActive": "N",
      "priceChangeCode": "L"
    },
    "isAvailable": true,
    "isPriceAvailable": true,
    "inPromo": false,
    "gtin": [
      "05400141389777",
      "15400141817314"
    ],
    "topCategoryName": "Lichaamsverzorging/Parfumerie",
    "topCategoryId": "591",
    "businessDomain": "RETAIL_BE",
    "IsPrivateLabel": true,
    "IsBiffe": false,
    "WeightconversionFactor": "0",
    "IsWeightArticle": false,
    "IsBio": false,
    "CountryOfOrigin": "CHINA (VOLKSREBUPLIEK)",
    "IsExclusivelySoldInLuxembourg": false,
    "OrderUnit": "P",
    "ShortName": "BONI TB MEDIUM 2 STUKS",
    "IsNew": false,
    "RecentQuanityOfStockUnits": "1,24",
    "LongName": "BONI tandenborstel medium 2st",
    "AlcoholVolume": "0",
    "FicCode": "N"
  },
  {
    "productId": "53437",
    "technicalArticleNumber": "2395270",
    "commercialArticleNumber": "6014",
    "name": "inlegkruisjes Normal Aloe Vera",
    "description": "*Inlegkruisjes (50s)\n*Lichte menstruatie\n*Zachte bovenlaag\n*Discreet, normaal\n*Aloë Vera-extract",
    "brand": "BONI",
    "seoBrand": "Boni Selection",
    "thumbNail": "https://static.colruytgroup.com/images/200x200/std.lang.all/22/32/asset-2852232.jpg",
    "fullImage": "https://static.colruytgroup.com/images/500x500/std.lang.all/22/32/asset-2852232.jpg",
    "squareImage": "https://static.colruytgroup.com/images/500x500sq/std.lang.all/22/32/asset-2852232.jpg",
    "content": "50st",
    "walkRouteSequenceNumber": 14282,
    "price": {
      "basicPrice": 1.09,
      "recommendedQuantity": "2.0",
      "measurementUnitPrice": 0.022,
      "measurementUnit": "S",
      "isRedPrice": false,
      "pricePerUOM": 0.022,
      "activationDate": "19-03-2024",
      "recordSource": "Offline",
      "isPromoActive": "N",
      "priceChangeCode": "L"
    },
    "isAvailable": true,
    "isPriceAvailable": true,
    "inPromo": false,
    "gtin": [
      "15400141600633",
      "05400141600636",
      "25400141635236",
      "15400141635239",
      "05400141078596",
      "05400141189421",
      "15400141189428",
      "05400141391626",
      "05400141635232"
    ],
    "topCategoryName": "Lichaamsverzorging/Parfumerie",
    "topCategoryId": "591",
    "businessDomain": "RETAIL_BE",
    "IsPrivateLabel": true,
    "IsBiffe": false,
    "WeightconversionFactor": "0",
    "IsWeightArticle": false,
    "IsBio": false,
    "CountryOfOrigin": "BELGIË",
    "IsExclusivelySoldInLuxembourg": false,
    "OrderUnit": "P",
    "ShortName": "BONI ILK.ALOE NORMAL 50",
    "IsNew": false,
    "RecentQuanityOfStockUnits": "1,2,10",
    "LongName": "BONI inlegkruisjes Normal Aloe Vera 50st",
    "AlcoholVolume": "0",
    "FicCode": "N"
  },
  {
    "productId": "131774",
    "technicalArticleNumber": "3229969",
    "commercialArticleNumber": "22083",
    "name": "vochtig toiletpapier Sensitive",
    "brand": "BONI",
    "seoBrand": "Boni Selection",
    "thumbNail": "https://ecgproductmw.colruytgroup.com/ecgproductmw/noPicForArticle_2.jpg",
    "fullImage": "https://ecgproductmw.colruytgroup.com/ecgproductmw/noPicForArticle_5.jpg",
    "squareImage": "https://ecgproductmw.colruytgroup.com/ecgproductmw/noPicForArticle_5.jpg",
    "content": "70r",
    "walkRouteSequenceNumber": 3998,
    "price": {
      "basicPrice": 0.95,
      "recommendedQuantity": "2.0",
      "measurementUnitPrice": 0.014,
      "measurementUnit": "S",
      "isRedPrice": false,
      "pricePerUOM": 0.014,
      "activationDate": "18-03-2024",
      "isPromoActive": "N",
      "priceChangeCode": "E"
    },
    "isAvailable": true,
    "isPriceAvailable": true,
    "inPromo": false,
    "gtin": [
      "05400141193848",
      "05400141189957",
      "05400141554526",
      "15400141193845",
      "25400141193842",
      "05400141510102",
      "15400141804291",
      "05400141804294"
    ],
    "topCategoryName": "Lichaamsverzorging/Parfumerie",
    "topCategoryId": "591",
    "businessDomain": "RETAIL_BE",
    "IsPrivateLabel": true,
    "IsBiffe": false,
    "WeightconversionFactor": "0",
    "IsWeightArticle": false,
    "IsBio": false,
    "CountryOfOrigin": "TURKIJE",
    "IsExclusivelySoldInLuxembourg": false,
    "OrderUnit": "P",
    "ShortName": "BONI VOCHT TP SENS.70ST",
    "IsNew": false,
    "RecentQuanityOfStockUnits": "2,12,1",
    "LongName": "BONI vochtig toiletpapier Sensitive 70r",
    "AlcoholVolume": "0",
    "FicCode": "N"
  },
  {
    "productId": "907410",
    "technicalArticleNumber": "4758804",
    "commercialArticleNumber": "2198",
    "name": "original met bio koko",
    "brand": "TAHITI",
    "seoBrand": "Tahiti",
    "thumbNail": "https://static.colruytgroup.com/images/200x200/std.lang.all/85/40/asset-3318540.jpg",
    "fullImage": "https://static.colruytgroup.com/images/500x500/std.lang.all/85/40/asset-3318540.jpg",
    "squareImage": "https://static.colruytgroup.com/images/500x500sq/std.lang.all/85/40/asset-3318540.jpg",
    "content": "300ml",
    "walkRouteSequenceNumber": 14620,
    "price": {
      "basicPrice": 2.19,
      "recommendedQuantity": "1.0",
      "measurementUnitPrice": 7.3,
      "measurementUnit": "L",
      "isRedPrice": false,
      "pricePerUOM": 7.3,
      "activationDate": "21-02-2024",
      "recordSource": "Offline",
      "isPromoActive": "N",
      "priceChangeCode": "H"
    },
    "isAvailable": true,
    "isPriceAvailable": true,
    "inPromo": false,
    "gtin": [
      "08718951576674",
      "75400141610528",
      "08718951576681"
    ],
    "topCategoryName": "Lichaamsverzorging/Parfumerie",
    "topCategoryId": "591",
    "businessDomain": "RETAIL_BE",
    "IsPrivateLabel": false,
    "IsBiffe": false,
    "WeightconversionFactor": "0",
    "IsWeightArticle": false,
    "IsBio": false,
    "CountryOfOrigin": "FRANKRIJK",
    "IsExclusivelySoldInLuxembourg": false,
    "OrderUnit": "P",
    "ShortName": "TAHI DCH KOKO 300ML",
    "IsNew": false,
    "RecentQuanityOfStockUnits": "3,1",
    "LongName": "TAHITI original met bio koko 300ml",
    "FicCode": "N"
  },
  {
    "productId": "339807",
    "technicalArticleNumber": "3741171",
    "commercialArticleNumber": "15600",
    "name": "maandverband Ultra All night",
    "description": "*Ultra nacht (9s)\n*Zeer hoog absorptie\n*3 in 1 bescherming\n*Met vleugels\n*Parfumvrij",
    "brand": "BONI",
    "seoBrand": "Boni Selection",
    "thumbNail": "https://static.colruytgroup.com/images/200x200/std.lang.all/22/34/asset-2852234.jpg",
    "fullImage": "https://static.colruytgroup.com/images/500x500/std.lang.all/22/34/asset-2852234.jpg",
    "squareImage": "https://static.colruytgroup.com/images/500x500sq/std.lang.all/22/34/asset-2852234.jpg",
    "content": "9st",
    "walkRouteSequenceNumber": 14418,
    "price": {
      "basicPrice": 0.708,
      "recommendedQuantity": "1.0",
      "measurementUnitPrice": 0.079,
      "measurementUnit": "S",
      "isRedPrice": false,
      "pricePerUOM": 0.079,
      "activationDate": "20-03-2024",
      "recordSource": "Offline",
      "isPromoActive": "N",
      "priceChangeCode": "L"
    },
    "isAvailable": true,
    "isPriceAvailable": true,
    "inPromo": false,
    "gtin": [
      "15400141600534",
      "15400141635192",
      "15400141990918",
      "05400141056624",
      "05400141361339",
      "15400141056621",
      "05400141635195",
      "05400141990911",
      "05400141600537"
    ],
    "topCategoryName": "Lichaamsverzorging/Parfumerie",
    "topCategoryId": "591",
    "businessDomain": "RETAIL_BE",
    "IsPrivateLabel": true,
    "IsBiffe": false,
    "WeightconversionFactor": "0",
    "IsWeightArticle": false,
    "IsBio": false,
    "CountryOfOrigin": "DUITSLAND",
    "IsExclusivelySoldInLuxembourg": false,
    "OrderUnit": "P",
    "ShortName": "BONI MVB ULTRA NIGHT 9S",
    "IsNew": false,
    "RecentQuanityOfStockUnits": "16,1",
    "LongName": "BONI maandverband Ultra All night 9st",
    "AlcoholVolume": "0",
    "FicCode": "N"
  },
  {
    "productId": "349941",
    "technicalArticleNumber": "3852938",
    "commercialArticleNumber": "10227",
    "name": "tp gentle whitening",
    "description": "*Gevoelige tanden,\nwittere tanden",
    "brand": "SENSODYNE",
    "seoBrand": "Sensodyne",
    "thumbNail": "https://static.colruytgroup.com/images/200x200/std.lang.all/86/81/asset-2378681.jpg",
    "fullImage": "https://static.colruytgroup.com/images/500x500/std.lang.all/86/81/asset-2378681.jpg",
    "squareImage": "https://static.colruytgroup.com/images/500x500sq/std.lang.all/86/81/asset-2378681.jpg",
    "content": "75ml",
    "walkRouteSequenceNumber": 14336,
    "price": {
      "basicPrice": 3.59,
      "recommendedQuantity": "1.0",
      "measurementUnitPrice": 47.87,
      "measurementUnit": "L",
      "isRedPrice": false,
      "pricePerUOM": 47.87,
      "activationDate": "13-03-2024",
      "recordSource": "Offline",
      "isPromoActive": "N",
      "priceChangeCode": "H"
    },
    "isAvailable": true,
    "isPriceAvailable": true,
    "inPromo": false,
    "gtin": [
      "08710464085148",
      "15054563040586",
      "05054563040565",
      "05400141238020",
      "08710464484774",
      "08710464085773"
    ],
    "topCategoryName": "Lichaamsverzorging/Parfumerie",
    "topCategoryId": "591",
    "businessDomain": "RETAIL_BE",
    "IsPrivateLabel": false,
    "IsBiffe": false,
    "WeightconversionFactor": "0",
    "IsWeightArticle": false,
    "IsBio": false,
    "CountryOfOrigin": "VERENIGD KONINKRIJK",
    "IsExclusivelySoldInLuxembourg": false,
    "OrderUnit": "P",
    "ShortName": "SENS TP WHITENING 75ML",
    "IsNew": false,
    "RecentQuanityOfStockUnits": "2,1,12",
    "LongName": "SENSODYNE tp gentle whitening 75ml",
    "AlcoholVolume": "0",
    "FicCode": "N"
  },
  {
    "productId": "115747",
    "technicalArticleNumber": "3007578",
    "commercialArticleNumber": "1753",
    "name": "badschuim Relax/Pacific",
    "description": "*Badschuim\n*2 parfums:\n-Relax\n-Pacific",
    "brand": "EVERYDAY",
    "seoBrand": "Everyday",
    "thumbNail": "https://static.colruytgroup.com/images/200x200/std.lang.all/29/57/asset-3042957.jpg",
    "fullImage": "https://static.colruytgroup.com/images/500x500/std.lang.all/29/57/asset-3042957.jpg",
    "squareImage": "https://static.colruytgroup.com/images/500x500sq/std.lang.all/29/57/asset-3042957.jpg",
    "content": "1L",
    "walkRouteSequenceNumber": 14722,
    "price": {
      "basicPrice": 1.32,
      "recommendedQuantity": "1.0",
      "measurementUnitPrice": 1.32,
      "measurementUnit": "L",
      "isRedPrice": false,
      "pricePerUOM": 1.32,
      "activationDate": "22-12-2023",
      "recordSource": "Offline",
      "isPromoActive": "N",
      "priceChangeCode": "L"
    },
    "isAvailable": true,
    "isPriceAvailable": true,
    "inPromo": false,
    "gtin": [
      "05400141357103",
      "05400141175301",
      "15400141793366",
      "05400141426533",
      "05400141704822",
      "05400141704808",
      "15400141704805"
    ],
    "topCategoryName": "Lichaamsverzorging/Parfumerie",
    "topCategoryId": "591",
    "businessDomain": "RETAIL_BE",
    "IsPrivateLabel": true,
    "IsBiffe": false,
    "WeightconversionFactor": "0",
    "IsWeightArticle": false,
    "IsBio": false,
    "CountryOfOrigin": "BELGIË",
    "IsExclusivelySoldInLuxembourg": false,
    "OrderUnit": "P",
    "ShortName": "EVD BAD PACIFIC/RELAX1L",
    "IsNew": false,
    "RecentQuanityOfStockUnits": "1,1,12,1",
    "LongName": "EVERYDAY badschuim Relax/Pacific 1L",
    "AlcoholVolume": "0",
    "FicCode": "N"
  },
  {
    "productId": "742200",
    "technicalArticleNumber": "4507942",
    "commercialArticleNumber": "28083",
    "name": "Kussenzacht 135v",
    "description": "*ultiem comfort\n*Air Pocket-textuur\n*verpakking 100% rec.b.\n*30% gerec. plastic",
    "brand": "SCOTTEX",
    "seoBrand": "Scottex",
    "thumbNail": "https://static.colruytgroup.com/images/200x200/std.lang.all/01/15/asset-3350115.jpg",
    "fullImage": "https://static.colruytgroup.com/images/500x500/std.lang.all/01/15/asset-3350115.jpg",
    "squareImage": "https://static.colruytgroup.com/images/500x500sq/std.lang.all/01/15/asset-3350115.jpg",
    "content": "18r",
    "walkRouteSequenceNumber": 3936,
    "price": {
      "basicPrice": 9.55,
      "recommendedQuantity": "1.0",
      "measurementUnitPrice": 0.54,
      "measurementUnit": "S",
      "isRedPrice": false,
      "pricePerUOM": 0.54,
      "activationDate": "23-03-2024",
      "recordSource": "Folder",
      "isPromoActive": "N",
      "priceChangeCode": "E"
    },
    "isAvailable": true,
    "isPriceAvailable": true,
    "inPromo": false,
    "gtin": [
      "05029053578491",
      "05029054235218"
    ],
    "topCategoryName": "Lichaamsverzorging/Parfumerie",
    "topCategoryId": "591",
    "businessDomain": "RETAIL_BE",
    "IsPrivateLabel": false,
    "IsBiffe": false,
    "WeightconversionFactor": "0",
    "IsWeightArticle": false,
    "IsBio": false,
    "CountryOfOrigin": "SPANJE",
    "IsExclusivelySoldInLuxembourg": false,
    "OrderUnit": "P",
    "ShortName": "SCOT TP KUS.Z. 135F 18R",
    "IsNew": false,
    "RecentQuanityOfStockUnits": "1",
    "LongName": "SCOTTEX Kussenzacht 135v 18r",
    "FicCode": "N"
  },
  {
    "productId": "855632",
    "technicalArticleNumber": "4704983",
    "commercialArticleNumber": "31358",
    "name": "tandpasta maxfresh",
    "description": "*Verfrist en reinigt\n*10x langere\nfrisheid\n*Cooling Crystals\n*Recycleerbare tube",
    "brand": "COLGATE",
    "seoBrand": "Colgate",
    "thumbNail": "https://static.colruytgroup.com/images/200x200/std.lang.all/23/05/asset-3242305.jpg",
    "fullImage": "https://static.colruytgroup.com/images/500x500/std.lang.all/23/05/asset-3242305.jpg",
    "squareImage": "https://static.colruytgroup.com/images/500x500sq/std.lang.all/23/05/asset-3242305.jpg",
    "content": "75ml",
    "walkRouteSequenceNumber": 14373,
    "price": {
      "basicPrice": 2.99,
      "recommendedQuantity": "1.0",
      "quantityPrice": 1.49,
      "quantityPriceQuantity": "2.0",
      "measurementUnitPrice": 39.87,
      "measurementUnitQuantityPrice": 19.87,
      "measurementUnit": "L",
      "isRedPrice": false,
      "pricePerUOM": 39.87,
      "activationDate": "23-03-2024",
      "recordSource": "Offline",
      "isPromoActive": "N",
      "priceChangeCode": "E",
      "quantityPricePerUOM": 19.87,
      "quantityActivationDate": "23-03-2024",
      "quantityPriceChangeCode": "E"
    },
    "isAvailable": true,
    "isPriceAvailable": true,
    "inPromo": false,
    "gtin": [
      "08718951571389",
      "08718951552623",
      "08718951571372"
    ],
    "topCategoryName": "Lichaamsverzorging/Parfumerie",
    "topCategoryId": "591",
    "businessDomain": "RETAIL_BE",
    "IsPrivateLabel": false,
    "IsBiffe": false,
    "WeightconversionFactor": "0",
    "IsWeightArticle": false,
    "IsBio": false,
    "CountryOfOrigin": "POLEN",
    "IsExclusivelySoldInLuxembourg": false,
    "OrderUnit": "P",
    "ShortName": "COLG TP MAXFRESH 75ML",
    "IsNew": false,
    "RecentQuanityOfStockUnits": "1,2,16",
    "LongName": "COLGATE tandpasta maxfresh 75ml",
    "AlcoholVolume": "0",
    "FicCode": "N"
  },
  {
    "productId": "97695",
    "technicalArticleNumber": "2882868",
    "commercialArticleNumber": "23699",
    "name": "tp Repair&Protect White",
    "description": "*Herstelt gevoelige\ntanden, wittere\ntanden",
    "brand": "SENSODYNE",
    "seoBrand": "Sensodyne Repair & Protect",
    "thumbNail": "https://static.colruytgroup.com/images/200x200/nl_be/43/51/asset-2444351.jpg",
    "fullImage": "https://static.colruytgroup.com/images/500x500/nl_be/43/51/asset-2444351.jpg",
    "squareImage": "https://static.colruytgroup.com/images/500x500sq/nl_be/43/51/asset-2444351.jpg",
    "content": "75ml",
    "walkRouteSequenceNumber": 14344,
    "price": {
      "basicPrice": 4.79,
      "recommendedQuantity": "1.0",
      "measurementUnitPrice": 63.87,
      "measurementUnit": "L",
      "isRedPrice": false,
      "pricePerUOM": 63.87,
      "activationDate": "14-03-2024",
      "recordSource": "Online",
      "isPromoActive": "N",
      "priceChangeCode": "E"
    },
    "isAvailable": true,
    "isPriceAvailable": true,
    "inPromo": false,
    "gtin": [
      "08710464484767",
      "08710464085766",
      "15054563097979",
      "05054563097958",
      "05400141230758",
      "05054563010391",
      "15054563010398",
      "08710464483388",
      "08710464085186",
      "08710464084387"
    ],
    "topCategoryName": "Lichaamsverzorging/Parfumerie",
    "topCategoryId": "591",
    "businessDomain": "RETAIL_BE",
    "IsPrivateLabel": false,
    "IsBiffe": false,
    "WeightconversionFactor": "0",
    "IsWeightArticle": false,
    "IsBio": false,
    "CountryOfOrigin": "VERENIGD KONINKRIJK",
    "IsExclusivelySoldInLuxembourg": false,
    "OrderUnit": "P",
    "ShortName": "SENS.REP.PROT.WH TP75ML",
    "IsNew": false,
    "RecentQuanityOfStockUnits": "1,2,12",
    "LongName": "SENSODYNE tp Repair&Protect White 75ml",
    "AlcoholVolume": "0",
    "FicCode": "N"
  },
  {
    "productId": "687198",
    "technicalArticleNumber": "4411493",
    "commercialArticleNumber": "25464",
    "name": "deo bodyspray apollo",
    "description": "*Man deodorant\n*Anti-transpiratie\n*Aantrekkelijke geur\n*48u bescherming\n*Tegen zweet",
    "brand": "AXE",
    "seoBrand": "Axe",
    "thumbNail": "https://static.colruytgroup.com/images/200x200/std.lang.all/72/00/asset-2377200.jpg",
    "fullImage": "https://static.colruytgroup.com/images/500x500/std.lang.all/72/00/asset-2377200.jpg",
    "squareImage": "https://static.colruytgroup.com/images/500x500sq/std.lang.all/72/00/asset-2377200.jpg",
    "content": "150ml",
    "walkRouteSequenceNumber": 14655,
    "price": {
      "basicPrice": 2.72,
      "recommendedQuantity": "1.0",
      "measurementUnitPrice": 18.14,
      "measurementUnit": "L",
      "isRedPrice": false,
      "pricePerUOM": 18.14,
      "activationDate": "21-03-2024",
      "recordSource": "Folder",
      "isPromoActive": "N",
      "priceChangeCode": "L"
    },
    "isAvailable": true,
    "isPriceAvailable": true,
    "inPromo": true,
    "promotion": [
      {
        "techPromoId": "100896COLR",
        "promotionId": "100896",
        "promotionType": "4",
        "isPersonalized": "N",
        "publicationStartDate": "13-03-2024",
        "publicationEndDate": "26-03-2024"
      }
    ],
    "gtin": [
      "08720181031823",
      "08720181031625",
      "55400141540715",
      "15400141535959"
    ],
    "topCategoryName": "Lichaamsverzorging/Parfumerie",
    "topCategoryId": "591",
    "businessDomain": "RETAIL_BE",
    "IsPrivateLabel": false,
    "IsBiffe": false,
    "WeightconversionFactor": "0",
    "IsWeightArticle": false,
    "IsBio": false,
    "CountryOfOrigin": "VERENIGD KONINKRIJK",
    "IsExclusivelySoldInLuxembourg": false,
    "OrderUnit": "P",
    "ShortName": "AXE DEO APOLLO 150ML",
    "InSeason": true,
    "IsNew": false,
    "RecentQuanityOfStockUnits": "1,2,12",
    "LongName": "AXE deo bodyspray apollo 150ml",
    "AlcoholVolume": "0",
    "StartSeasonDate": "13/10/2022",
    "FicCode": "N"
  },
  {
    "productId": "421419",
    "technicalArticleNumber": "3946959",
    "commercialArticleNumber": "1722",
    "name": "vochtig toiletpapier kids",
    "brand": "BONI",
    "seoBrand": "Boni Selection",
    "thumbNail": "https://static.colruytgroup.com/images/200x200/std.lang.all/05/51/asset-3120551.jpg",
    "fullImage": "https://static.colruytgroup.com/images/500x500/std.lang.all/05/51/asset-3120551.jpg",
    "squareImage": "https://static.colruytgroup.com/images/500x500sq/std.lang.all/05/51/asset-3120551.jpg",
    "content": "60st",
    "walkRouteSequenceNumber": 3999,
    "price": {
      "basicPrice": 0.99,
      "recommendedQuantity": "2.0",
      "measurementUnitPrice": 0.017,
      "measurementUnit": "S",
      "isRedPrice": false,
      "pricePerUOM": 0.017,
      "activationDate": "30-08-2023",
      "recordSource": "Offline",
      "isPromoActive": "N",
      "priceChangeCode": "H"
    },
    "isAvailable": true,
    "isPriceAvailable": true,
    "inPromo": false,
    "gtin": [
      "15400141585954",
      "05400141804270",
      "15400141804277",
      "05400141024333",
      "15400141024330",
      "15400141412588",
      "25400141024337",
      "25400141412585",
      "05400141412581"
    ],
    "topCategoryName": "Lichaamsverzorging/Parfumerie",
    "topCategoryId": "591",
    "businessDomain": "RETAIL_BE",
    "IsPrivateLabel": true,
    "IsBiffe": false,
    "WeightconversionFactor": "0",
    "IsWeightArticle": false,
    "IsBio": false,
    "CountryOfOrigin": "TURKIJE",
    "IsExclusivelySoldInLuxembourg": false,
    "OrderUnit": "P",
    "ShortName": "BONI VOCHT.TP KIDS 60S",
    "IsNew": false,
    "RecentQuanityOfStockUnits": "2,1,12",
    "LongName": "BONI vochtig toiletpapier kids 60st",
    "FicCode": "N"
  },
  {
    "productId": "757156",
    "technicalArticleNumber": "4533324",
    "commercialArticleNumber": "13808",
    "name": "zakdoekjes 3 lagen cube",
    "brand": "BONI",
    "seoBrand": "Boni Selection",
    "thumbNail": "https://static.colruytgroup.com/images/200x200/std.lang.all/21/89/asset-3342189.jpg",
    "fullImage": "https://static.colruytgroup.com/images/500x500/std.lang.all/21/89/asset-3342189.jpg",
    "squareImage": "https://static.colruytgroup.com/images/500x500sq/std.lang.all/21/89/asset-3342189.jpg",
    "content": "70st",
    "walkRouteSequenceNumber": 3923,
    "price": {
      "basicPrice": 1.15,
      "recommendedQuantity": "1.0",
      "measurementUnitPrice": 0.017,
      "measurementUnit": "S",
      "isRedPrice": false,
      "pricePerUOM": 0.017,
      "activationDate": "06-03-2024",
      "recordSource": "Offline",
      "isPromoActive": "N",
      "priceChangeCode": "E"
    },
    "isAvailable": true,
    "isPriceAvailable": true,
    "inPromo": false,
    "gtin": [
      "05400141602043",
      "15400141602040",
      "45400141762318"
    ],
    "topCategoryName": "Lichaamsverzorging/Parfumerie",
    "topCategoryId": "591",
    "businessDomain": "RETAIL_BE",
    "IsPrivateLabel": true,
    "IsBiffe": false,
    "WeightconversionFactor": "0",
    "IsWeightArticle": false,
    "IsBio": false,
    "CountryOfOrigin": "DUITSLAND",
    "IsExclusivelySoldInLuxembourg": false,
    "OrderUnit": "P",
    "ShortName": "BONI ZAKD.3L.CUBE 70ST",
    "IsNew": false,
    "RecentQuanityOfStockUnits": "3,1,18",
    "LongName": "BONI zakdoekjes 3 lagen cube 70st",
    "FicCode": "N"
  },
  {
    "productId": "577924",
    "technicalArticleNumber": "4227876",
    "commercialArticleNumber": "7267",
    "name": "tandenborstel triple action",
    "description": "*Medium\n*Voor moeilijke\nzones\n*Verwijdert vlekken",
    "brand": "COLGATE",
    "seoBrand": "Colgate",
    "thumbNail": "https://static.colruytgroup.com/images/200x200/std.lang.all/57/35/asset-2005735.jpg",
    "fullImage": "https://static.colruytgroup.com/images/500x500/std.lang.all/57/35/asset-2005735.jpg",
    "squareImage": "https://static.colruytgroup.com/images/500x500sq/std.lang.all/57/35/asset-2005735.jpg",
    "content": "4st",
    "walkRouteSequenceNumber": 14201,
    "price": {
      "basicPrice": 2.99,
      "recommendedQuantity": "1.0",
      "measurementUnitPrice": 0.75,
      "measurementUnit": "S",
      "isRedPrice": false,
      "pricePerUOM": 0.75,
      "activationDate": "28-02-2024",
      "recordSource": "Offline",
      "isPromoActive": "N",
      "priceChangeCode": "E"
    },
    "isAvailable": true,
    "isPriceAvailable": true,
    "inPromo": false,
    "gtin": [
      "08714789738512",
      "08714789738536"
    ],
    "topCategoryName": "Lichaamsverzorging/Parfumerie",
    "topCategoryId": "591",
    "businessDomain": "RETAIL_BE",
    "IsPrivateLabel": false,
    "IsBiffe": false,
    "WeightconversionFactor": "0",
    "IsWeightArticle": false,
    "IsBio": false,
    "CountryOfOrigin": "VIETNAM",
    "IsExclusivelySoldInLuxembourg": false,
    "OrderUnit": "P",
    "ShortName": "COLG TB TRIPLE ACTION4S",
    "IsNew": false,
    "RecentQuanityOfStockUnits": "1,6",
    "LongName": "COLGATE tandenborstel triple action 4st",
    "FicCode": "N"
  },
  {
    "productId": "840441",
    "technicalArticleNumber": "4684495",
    "commercialArticleNumber": "14866",
    "name": "maandverband super",
    "description": "*Super\n*12st",
    "brand": "BONI",
    "seoBrand": "Boni Selection",
    "thumbNail": "https://static.colruytgroup.com/images/200x200/std.lang.all/55/75/asset-3275575.jpg",
    "fullImage": "https://static.colruytgroup.com/images/500x500/std.lang.all/55/75/asset-3275575.jpg",
    "squareImage": "https://static.colruytgroup.com/images/500x500sq/std.lang.all/55/75/asset-3275575.jpg",
    "content": "12st",
    "walkRouteSequenceNumber": 14417,
    "price": {
      "basicPrice": 0.677,
      "recommendedQuantity": "1.0",
      "measurementUnitPrice": 0.057,
      "measurementUnit": "S",
      "isRedPrice": false,
      "pricePerUOM": 0.057,
      "activationDate": "16-09-2023",
      "recordSource": "Offline",
      "isPromoActive": "N",
      "priceChangeCode": "E"
    },
    "isAvailable": true,
    "isPriceAvailable": true,
    "inPromo": false,
    "gtin": [
      "15400141504214",
      "05400141504217"
    ],
    "topCategoryName": "Lichaamsverzorging/Parfumerie",
    "topCategoryId": "591",
    "businessDomain": "RETAIL_BE",
    "IsPrivateLabel": true,
    "IsBiffe": false,
    "WeightconversionFactor": "0",
    "IsWeightArticle": false,
    "IsBio": false,
    "CountryOfOrigin": "TSJECHIË (REPUBLIEK)",
    "IsExclusivelySoldInLuxembourg": false,
    "OrderUnit": "P",
    "ShortName": "BONI MVB SUPER 12ST",
    "IsNew": false,
    "RecentQuanityOfStockUnits": "1,16",
    "LongName": "BONI maandverband super 12st",
    "FicCode": "N"
  },
  {
    "productId": "39952",
    "technicalArticleNumber": "1791006",
    "commercialArticleNumber": "23942",
    "name": "tp Proglasur Daily Prot.",
    "description": "*Beschermen tegen\nerosie en\ntandgevoeligheid",
    "brand": "SENSODYNE",
    "seoBrand": "Sensodyne Proglasur",
    "thumbNail": "https://static.colruytgroup.com/images/200x200/std.lang.all/40/89/asset-2454089.jpg",
    "fullImage": "https://static.colruytgroup.com/images/500x500/std.lang.all/40/89/asset-2454089.jpg",
    "squareImage": "https://static.colruytgroup.com/images/500x500sq/std.lang.all/40/89/asset-2454089.jpg",
    "content": "75ml",
    "walkRouteSequenceNumber": 14345,
    "price": {
      "basicPrice": 4.19,
      "recommendedQuantity": "1.0",
      "measurementUnitPrice": 55.87,
      "measurementUnit": "L",
      "isRedPrice": false,
      "pricePerUOM": 55.87,
      "activationDate": "14-03-2024",
      "recordSource": "Offline",
      "isPromoActive": "N",
      "priceChangeCode": "E"
    },
    "isAvailable": true,
    "isPriceAvailable": true,
    "inPromo": false,
    "gtin": [
      "08710464085261",
      "08710464120900",
      "08710464140021",
      "08710464724634",
      "08710464758653",
      "08710464484262",
      "08710464085797",
      "08710464484798",
      "18710464140028",
      "08710464085421",
      "08710464484422"
    ],
    "topCategoryName": "Lichaamsverzorging/Parfumerie",
    "topCategoryId": "591",
    "businessDomain": "RETAIL_BE",
    "IsPrivateLabel": false,
    "IsBiffe": false,
    "WeightconversionFactor": "0",
    "IsWeightArticle": false,
    "IsBio": false,
    "CountryOfOrigin": "VERENIGD KONINKRIJK",
    "IsExclusivelySoldInLuxembourg": false,
    "OrderUnit": "P",
    "ShortName": "SENSODYNE PRO GLASUR 75",
    "IsNew": false,
    "RecentQuanityOfStockUnits": "2,1,12",
    "LongName": "SENSODYNE tp Proglasur Daily Prot. 75ml",
    "AlcoholVolume": "0",
    "FicCode": "N"
  },
  {
    "productId": "73491",
    "technicalArticleNumber": "2575552",
    "commercialArticleNumber": "26126",
    "name": "handzeep blok olijf",
    "description": "*Parfum: olijfolie",
    "brand": "PALMOLIVE",
    "seoBrand": "Palmolive",
    "thumbNail": "https://static.colruytgroup.com/images/200x200/std.lang.all/53/24/asset-1075324.jpg",
    "fullImage": "https://static.colruytgroup.com/images/500x500/std.lang.all/53/24/asset-1075324.jpg",
    "squareImage": "https://static.colruytgroup.com/images/500x500sq/std.lang.all/53/24/asset-1075324.jpg",
    "content": "4x90g",
    "walkRouteSequenceNumber": 18672,
    "price": {
      "basicPrice": 2.38,
      "recommendedQuantity": "1.0",
      "quantityPrice": 1.37,
      "quantityPriceQuantity": "4.0",
      "measurementUnitPrice": 6.62,
      "measurementUnitQuantityPrice": 3.81,
      "measurementUnit": "K",
      "isRedPrice": false,
      "pricePerUOM": 6.62,
      "activationDate": "21-03-2024",
      "recordSource": "Offline",
      "isPromoActive": "N",
      "priceChangeCode": "E",
      "quantityPricePerUOM": 3.81,
      "quantityActivationDate": "21-03-2024",
      "quantityPriceChangeCode": "H"
    },
    "isAvailable": true,
    "isPriceAvailable": true,
    "inPromo": false,
    "gtin": [
      "08714789702995",
      "08714789703046",
      "08714789703015"
    ],
    "topCategoryName": "Lichaamsverzorging/Parfumerie",
    "topCategoryId": "591",
    "businessDomain": "RETAIL_BE",
    "IsPrivateLabel": false,
    "IsBiffe": false,
    "WeightconversionFactor": "0",
    "IsWeightArticle": false,
    "IsBio": false,
    "CountryOfOrigin": "ITALIË",
    "IsExclusivelySoldInLuxembourg": false,
    "OrderUnit": "P",
    "ShortName": "PALMOL.ZEEP OLIJF 4X90",
    "IsNew": false,
    "RecentQuanityOfStockUnits": "18,1",
    "LongName": "PALMOLIVE handzeep blok olijf 4x90g",
    "AlcoholVolume": "0",
    "FicCode": "N"
  },
  {
    "productId": "841607",
    "technicalArticleNumber": "4686469",
    "commercialArticleNumber": "23428",
    "name": "tandpasta original",
    "description": "*Versterkt het\ntandvlees\n*Met minerale zouten",
    "brand": "PARODONTAX",
    "seoBrand": "Parodontax",
    "thumbNail": "https://static.colruytgroup.com/images/200x200/std.lang.all/15/36/asset-3021536.jpg",
    "fullImage": "https://static.colruytgroup.com/images/500x500/std.lang.all/15/36/asset-3021536.jpg",
    "squareImage": "https://static.colruytgroup.com/images/500x500sq/std.lang.all/15/36/asset-3021536.jpg",
    "content": "75ml",
    "walkRouteSequenceNumber": 14351,
    "price": {
      "basicPrice": 4.46,
      "recommendedQuantity": "1.0",
      "measurementUnitPrice": 59.47,
      "measurementUnit": "L",
      "isRedPrice": false,
      "pricePerUOM": 59.47,
      "activationDate": "13-03-2024",
      "recordSource": "Online",
      "isPromoActive": "N",
      "priceChangeCode": "H"
    },
    "isAvailable": true,
    "isPriceAvailable": true,
    "inPromo": false,
    "gtin": [
      "25400141688096",
      "15054563148466",
      "05054563148445"
    ],
    "topCategoryName": "Lichaamsverzorging/Parfumerie",
    "topCategoryId": "591",
    "businessDomain": "RETAIL_BE",
    "IsPrivateLabel": false,
    "IsBiffe": false,
    "WeightconversionFactor": "0",
    "IsWeightArticle": false,
    "IsBio": false,
    "CountryOfOrigin": "SLOVENIË",
    "IsExclusivelySoldInLuxembourg": false,
    "OrderUnit": "P",
    "ShortName": "PARO TP ORIGINAL 75ML",
    "IsNew": false,
    "RecentQuanityOfStockUnits": "1,2",
    "LongName": "PARODONTAX tandpasta original 75ml",
    "FicCode": "N"
  },
  {
    "productId": "612605",
    "technicalArticleNumber": "4286545",
    "commercialArticleNumber": "21743",
    "name": "dch/shamp.2in1 man",
    "brand": "BONI",
    "seoBrand": "Boni Selection",
    "thumbNail": "https://static.colruytgroup.com/images/200x200/std.lang.all/99/31/asset-2329931.jpg",
    "fullImage": "https://static.colruytgroup.com/images/500x500/std.lang.all/99/31/asset-2329931.jpg",
    "squareImage": "https://static.colruytgroup.com/images/500x500sq/std.lang.all/99/31/asset-2329931.jpg",
    "content": "300ml",
    "walkRouteSequenceNumber": 14443,
    "price": {
      "basicPrice": 1.49,
      "recommendedQuantity": "1.0",
      "measurementUnitPrice": 4.97,
      "measurementUnit": "L",
      "isRedPrice": false,
      "pricePerUOM": 4.97,
      "activationDate": "11-03-2024",
      "recordSource": "Offline",
      "isPromoActive": "N",
      "priceChangeCode": "E"
    },
    "isAvailable": true,
    "isPriceAvailable": true,
    "inPromo": false,
    "gtin": [
      "05400141554151",
      "15400141554158",
      "15400141415121",
      "05400141415124"
    ],
    "topCategoryName": "Lichaamsverzorging/Parfumerie",
    "topCategoryId": "591",
    "businessDomain": "RETAIL_BE",
    "IsPrivateLabel": true,
    "IsBiffe": false,
    "WeightconversionFactor": "0",
    "IsWeightArticle": false,
    "IsBio": false,
    "CountryOfOrigin": "BELGIË",
    "IsExclusivelySoldInLuxembourg": false,
    "OrderUnit": "P",
    "ShortName": "BONI DCH MAN 2IN1 300ML",
    "IsNew": false,
    "RecentQuanityOfStockUnits": "1,12",
    "LongName": "BONI dch/shamp.2in1 man 300ml",
    "AlcoholVolume": "0",
    "FicCode": "N"
  },
  {
    "productId": "778760",
    "technicalArticleNumber": "4572411",
    "commercialArticleNumber": "28570",
    "name": "zeep original 90g",
    "description": "*Handzeep\n*Zachte huid\n*Frisse geur\n*Voedend\n*Dermatologisch",
    "brand": "DOVE",
    "seoBrand": "Dove",
    "thumbNail": "https://ecgproductmw.colruytgroup.com/ecgproductmw/noPicForArticle_2.jpg",
    "fullImage": "https://ecgproductmw.colruytgroup.com/ecgproductmw/noPicForArticle_5.jpg",
    "squareImage": "https://ecgproductmw.colruytgroup.com/ecgproductmw/noPicForArticle_5.jpg",
    "content": "4st",
    "walkRouteSequenceNumber": 18670,
    "price": {
      "basicPrice": 4.98,
      "recommendedQuantity": "1.0",
      "measurementUnitPrice": 1.25,
      "measurementUnit": "S",
      "isRedPrice": false,
      "pricePerUOM": 1.25,
      "activationDate": "21-03-2024",
      "recordSource": "Offline",
      "isPromoActive": "N",
      "priceChangeCode": "E"
    },
    "isAvailable": true,
    "isPriceAvailable": true,
    "inPromo": false,
    "gtin": [
      "08720182266125",
      "08720182266132"
    ],
    "topCategoryName": "Lichaamsverzorging/Parfumerie",
    "topCategoryId": "591",
    "businessDomain": "RETAIL_BE",
    "IsPrivateLabel": false,
    "IsBiffe": false,
    "WeightconversionFactor": "0",
    "IsWeightArticle": false,
    "IsBio": false,
    "CountryOfOrigin": "DUITSLAND",
    "IsExclusivelySoldInLuxembourg": false,
    "OrderUnit": "P",
    "ShortName": "DOVE ZEEP ORIG.4X90GR",
    "IsNew": false,
    "RecentQuanityOfStockUnits": "1,12",
    "LongName": "DOVE zeep original 90g 4st",
    "FicCode": "N"
  },
  {
    "productId": "180032",
    "technicalArticleNumber": "3357140",
    "commercialArticleNumber": "13143",
    "name": "toiletpapier Soft 2l 130v",
    "description": "*130 vellen\n*2-lagig\n*100 % cellulose\n*FSC-certificaat",
    "brand": "NALYS",
    "seoBrand": "Nalys",
    "thumbNail": "https://static.colruytgroup.com/images/200x200/std.lang.all/02/56/asset-2930256.jpg",
    "fullImage": "https://static.colruytgroup.com/images/500x500/std.lang.all/02/56/asset-2930256.jpg",
    "squareImage": "https://static.colruytgroup.com/images/500x500sq/std.lang.all/02/56/asset-2930256.jpg",
    "content": "24r",
    "walkRouteSequenceNumber": 3978,
    "price": {
      "basicPrice": 12.62,
      "recommendedQuantity": "1.0",
      "measurementUnitPrice": 0.53,
      "measurementUnit": "S",
      "isRedPrice": false,
      "pricePerUOM": 0.53,
      "activationDate": "18-03-2024",
      "isPromoActive": "N",
      "priceChangeCode": "H"
    },
    "isAvailable": true,
    "isPriceAvailable": true,
    "inPromo": false,
    "gtin": [
      "08004260636926",
      "08004260583961",
      "05414913000500",
      "08004260236928",
      "08004260536943"
    ],
    "topCategoryName": "Lichaamsverzorging/Parfumerie",
    "topCategoryId": "591",
    "businessDomain": "RETAIL_BE",
    "IsPrivateLabel": false,
    "IsBiffe": false,
    "WeightconversionFactor": "0",
    "IsWeightArticle": false,
    "IsBio": false,
    "CountryOfOrigin": "FRANKRIJK",
    "IsExclusivelySoldInLuxembourg": false,
    "OrderUnit": "P",
    "ShortName": "NALYS MEGA SFT2L130V24R",
    "IsNew": false,
    "RecentQuanityOfStockUnits": "1",
    "LongName": "NALYS toiletpapier Soft 2l 130v 24r",
    "AlcoholVolume": "0",
    "FicCode": "N"
  },
  {
    "productId": "609084",
    "technicalArticleNumber": "4280995",
    "commercialArticleNumber": "11824",
    "name": "douchecrème kokos",
    "description": "*Kokosnoot",
    "brand": "BONI",
    "seoBrand": "Boni Selection",
    "thumbNail": "https://static.colruytgroup.com/images/200x200/std.lang.all/40/97/asset-2294097.jpg",
    "fullImage": "https://static.colruytgroup.com/images/500x500/std.lang.all/40/97/asset-2294097.jpg",
    "squareImage": "https://static.colruytgroup.com/images/500x500sq/std.lang.all/40/97/asset-2294097.jpg",
    "content": "500ml",
    "walkRouteSequenceNumber": 14621,
    "price": {
      "basicPrice": 1.65,
      "recommendedQuantity": "1.0",
      "measurementUnitPrice": 3.3,
      "measurementUnit": "L",
      "isRedPrice": false,
      "pricePerUOM": 3.3,
      "activationDate": "30-01-2024",
      "recordSource": "Offline",
      "isPromoActive": "N",
      "priceChangeCode": "E"
    },
    "isAvailable": true,
    "isPriceAvailable": true,
    "inPromo": false,
    "gtin": [
      "05400141413762",
      "15400141413769"
    ],
    "topCategoryName": "Lichaamsverzorging/Parfumerie",
    "topCategoryId": "591",
    "businessDomain": "RETAIL_BE",
    "IsPrivateLabel": true,
    "IsBiffe": false,
    "WeightconversionFactor": "0",
    "IsWeightArticle": false,
    "IsBio": false,
    "CountryOfOrigin": "BELGIË",
    "IsExclusivelySoldInLuxembourg": false,
    "OrderUnit": "P",
    "ShortName": "BONI DCH CR.KOKO 500ML",
    "IsNew": false,
    "RecentQuanityOfStockUnits": "1,6",
    "LongName": "BONI douchecrème kokos 500ml",
    "FicCode": "N"
  },
  {
    "productId": "83949",
    "technicalArticleNumber": "2955307",
    "commercialArticleNumber": "40191",
    "name": "deo Glamorous/Divine Moments",
    "description": "*Assorti:\n*48u bescherming\n-Zwarte Orchidee\n-Wilde Camelia",
    "brand": "FA",
    "seoBrand": "Fa",
    "thumbNail": "https://static.colruytgroup.com/images/200x200/std.lang.all/49/41/asset-2634941.jpg",
    "fullImage": "https://static.colruytgroup.com/images/500x500/std.lang.all/49/41/asset-2634941.jpg",
    "squareImage": "https://static.colruytgroup.com/images/500x500sq/std.lang.all/49/41/asset-2634941.jpg",
    "content": "150ml",
    "walkRouteSequenceNumber": 14753,
    "price": {
      "basicPrice": 2.39,
      "recommendedQuantity": "1.0",
      "quantityPrice": 1.19,
      "quantityPriceQuantity": "2.0",
      "measurementUnitPrice": 15.94,
      "measurementUnitQuantityPrice": 7.94,
      "measurementUnit": "L",
      "isRedPrice": false,
      "pricePerUOM": 15.94,
      "activationDate": "23-03-2024",
      "recordSource": "Offline",
      "isPromoActive": "N",
      "priceChangeCode": "E",
      "quantityPricePerUOM": 7.94,
      "quantityActivationDate": "23-03-2024",
      "quantityPriceChangeCode": "E"
    },
    "isAvailable": true,
    "isPriceAvailable": true,
    "inPromo": false,
    "gtin": [
      "15400141994749",
      "05400141024890",
      "05410091734367",
      "05410091719838",
      "05412530862372",
      "05412530834096",
      "05410091662394"
    ],
    "topCategoryName": "Lichaamsverzorging/Parfumerie",
    "topCategoryId": "591",
    "businessDomain": "RETAIL_BE",
    "IsPrivateLabel": false,
    "IsBiffe": false,
    "WeightconversionFactor": "0",
    "IsWeightArticle": false,
    "IsBio": false,
    "CountryOfOrigin": "DUITSLAND",
    "IsExclusivelySoldInLuxembourg": false,
    "OrderUnit": "P",
    "ShortName": "FA DEO GLAM/DIVINE 150",
    "IsNew": false,
    "RecentQuanityOfStockUnits": "2,1,1",
    "LongName": "FA deo Glamorous/Divine Moments 150ml",
    "AlcoholVolume": "0",
    "FicCode": "N"
  },
  {
    "productId": "846833",
    "technicalArticleNumber": "4693246",
    "commercialArticleNumber": "14781",
    "name": "tp prof.bescherm.",
    "brand": "ORAL-B",
    "seoBrand": "Oral-B Pro-Expert",
    "thumbNail": "https://static.colruytgroup.com/images/200x200/std.lang.all/96/06/asset-3309606.jpg",
    "fullImage": "https://static.colruytgroup.com/images/500x500/std.lang.all/96/06/asset-3309606.jpg",
    "squareImage": "https://static.colruytgroup.com/images/500x500sq/std.lang.all/96/06/asset-3309606.jpg",
    "content": "75ml",
    "walkRouteSequenceNumber": 14378,
    "price": {
      "basicPrice": 2.89,
      "recommendedQuantity": "1.0",
      "measurementUnitPrice": 38.54,
      "measurementUnit": "L",
      "isRedPrice": false,
      "pricePerUOM": 38.54,
      "activationDate": "23-03-2024",
      "recordSource": "Offline",
      "isPromoActive": "N",
      "priceChangeCode": "E"
    },
    "isAvailable": true,
    "isPriceAvailable": true,
    "inPromo": false,
    "gtin": [
      "08001090577184",
      "08001090577115",
      "08001090577122"
    ],
    "topCategoryName": "Lichaamsverzorging/Parfumerie",
    "topCategoryId": "591",
    "businessDomain": "RETAIL_BE",
    "IsPrivateLabel": false,
    "IsBiffe": false,
    "WeightconversionFactor": "0",
    "IsWeightArticle": false,
    "IsBio": false,
    "CountryOfOrigin": "DUITSLAND",
    "IsExclusivelySoldInLuxembourg": false,
    "OrderUnit": "P",
    "ShortName": "ORALB PRO EXP.PR.BES.75",
    "IsNew": false,
    "RecentQuanityOfStockUnits": "1,4",
    "LongName": "ORAL-B tp prof.bescherm. 75ml",
    "AlcoholVolume": "0",
    "FicCode": "N"
  },
  {
    "productId": "339394",
    "technicalArticleNumber": "3741700",
    "commercialArticleNumber": "16466",
    "name": "inlegkruisjes Normal Multiform",
    "description": "*Inlegkruisjes (50s)\n*Lichte menstruatie\n*Zachte bovenlaag\n*Discreet, normaal\n*Parfumvrij",
    "brand": "BONI",
    "seoBrand": "Boni Selection",
    "thumbNail": "https://static.colruytgroup.com/images/200x200/std.lang.all/41/38/asset-2894138.jpg",
    "fullImage": "https://static.colruytgroup.com/images/500x500/std.lang.all/41/38/asset-2894138.jpg",
    "squareImage": "https://static.colruytgroup.com/images/500x500sq/std.lang.all/41/38/asset-2894138.jpg",
    "content": "50st",
    "walkRouteSequenceNumber": 14278,
    "price": {
      "basicPrice": 1.1,
      "recommendedQuantity": "1.0",
      "measurementUnitPrice": 0.022,
      "measurementUnit": "S",
      "isRedPrice": false,
      "pricePerUOM": 0.022,
      "activationDate": "20-02-2024",
      "recordSource": "Offline",
      "isPromoActive": "N",
      "priceChangeCode": "E"
    },
    "isAvailable": true,
    "isPriceAvailable": true,
    "inPromo": false,
    "gtin": [
      "05400141055429",
      "15400141055426",
      "05400141760163",
      "15400141760160",
      "15400141635208",
      "05400141635201"
    ],
    "topCategoryName": "Lichaamsverzorging/Parfumerie",
    "topCategoryId": "591",
    "businessDomain": "RETAIL_BE",
    "IsPrivateLabel": true,
    "IsBiffe": false,
    "WeightconversionFactor": "0",
    "IsWeightArticle": false,
    "IsBio": false,
    "CountryOfOrigin": "BELGIË",
    "IsExclusivelySoldInLuxembourg": false,
    "OrderUnit": "P",
    "ShortName": "BONI ILK MULTIF.NOR50",
    "IsNew": false,
    "RecentQuanityOfStockUnits": "1,10",
    "LongName": "BONI inlegkruisjes Normal Multiform 50st",
    "AlcoholVolume": "0",
    "FicCode": "N"
  },
  {
    "productId": "176492",
    "technicalArticleNumber": "3376083",
    "commercialArticleNumber": "9213",
    "name": "tandpasta kinderen 2-6j",
    "description": "*Tegen gaatjes\n*Kinderen 2-6 jaar\n*Dagelijks gebruik",
    "brand": "ELMEX",
    "seoBrand": "Elmex",
    "thumbNail": "https://static.colruytgroup.com/images/200x200/std.lang.all/09/83/asset-2490983.jpg",
    "fullImage": "https://static.colruytgroup.com/images/500x500/std.lang.all/09/83/asset-2490983.jpg",
    "squareImage": "https://static.colruytgroup.com/images/500x500sq/std.lang.all/09/83/asset-2490983.jpg",
    "content": "50ml",
    "walkRouteSequenceNumber": 14209,
    "price": {
      "basicPrice": 2.79,
      "recommendedQuantity": "1.0",
      "measurementUnitPrice": 55.8,
      "measurementUnit": "L",
      "isRedPrice": false,
      "pricePerUOM": 55.8,
      "activationDate": "23-03-2024",
      "recordSource": "Folder",
      "isPromoActive": "N",
      "priceChangeCode": "E"
    },
    "isAvailable": true,
    "isPriceAvailable": true,
    "inPromo": true,
    "promotion": [
      {
        "techPromoId": "100891COLR",
        "promotionId": "100891",
        "promotionType": "3",
        "isPersonalized": "N",
        "publicationStartDate": "13-03-2024",
        "publicationEndDate": "26-03-2024"
      }
    ],
    "gtin": [
      "08718951294844",
      "08718951146280",
      "08718951084131",
      "08714789731025",
      "08718951383555",
      "08718951383548"
    ],
    "topCategoryName": "Lichaamsverzorging/Parfumerie",
    "topCategoryId": "591",
    "businessDomain": "RETAIL_BE",
    "IsPrivateLabel": false,
    "IsBiffe": false,
    "WeightconversionFactor": "0",
    "IsWeightArticle": false,
    "IsBio": false,
    "CountryOfOrigin": "POLEN",
    "IsExclusivelySoldInLuxembourg": false,
    "OrderUnit": "P",
    "ShortName": "ELME TP KIND.2-6J 50ML",
    "IsNew": false,
    "RecentQuanityOfStockUnits": "1",
    "LongName": "ELMEX tandpasta kinderen 2-6j 50ml",
    "AlcoholVolume": "0",
    "FicCode": "N"
  },
  {
    "productId": "14381",
    "technicalArticleNumber": "1575351",
    "commercialArticleNumber": "23303",
    "name": "deo Pink Passion",
    "description": "*Deospray\n*Assorti:\n48u bescherming,\n-Rozen",
    "brand": "FA",
    "seoBrand": "Fa",
    "thumbNail": "https://static.colruytgroup.com/images/200x200/std.lang.all/78/72/asset-2747872.jpg",
    "fullImage": "https://static.colruytgroup.com/images/500x500/std.lang.all/78/72/asset-2747872.jpg",
    "squareImage": "https://static.colruytgroup.com/images/500x500sq/std.lang.all/78/72/asset-2747872.jpg",
    "content": "150ml",
    "walkRouteSequenceNumber": 14741,
    "price": {
      "basicPrice": 2.19,
      "recommendedQuantity": "1.0",
      "quantityPrice": 1.49,
      "quantityPriceQuantity": "2.0",
      "measurementUnitPrice": 14.6,
      "measurementUnitQuantityPrice": 9.94,
      "measurementUnit": "L",
      "isRedPrice": false,
      "pricePerUOM": 14.6,
      "activationDate": "23-03-2024",
      "recordSource": "Offline",
      "isPromoActive": "N",
      "priceChangeCode": "E",
      "quantityPricePerUOM": 9.94,
      "quantityActivationDate": "23-03-2024",
      "quantityPriceChangeCode": "E"
    },
    "isAvailable": true,
    "isPriceAvailable": true,
    "inPromo": false,
    "gtin": [
      "05400141233032",
      "05410091643157",
      "05410091683580",
      "05412530769527",
      "05412530852137",
      "15400141655626",
      "05410091729745"
    ],
    "topCategoryName": "Lichaamsverzorging/Parfumerie",
    "topCategoryId": "591",
    "businessDomain": "RETAIL_BE",
    "IsPrivateLabel": false,
    "IsBiffe": false,
    "WeightconversionFactor": "0",
    "IsWeightArticle": false,
    "IsBio": false,
    "CountryOfOrigin": "DUITSLAND",
    "IsExclusivelySoldInLuxembourg": false,
    "OrderUnit": "P",
    "ShortName": "FA DEO PINK PASSION 150",
    "IsNew": false,
    "RecentQuanityOfStockUnits": "1,6,2,12",
    "LongName": "FA deo Pink Passion 150ml",
    "AlcoholVolume": "0",
    "FicCode": "N"
  },
  {
    "productId": "762745",
    "technicalArticleNumber": "4542857",
    "commercialArticleNumber": "6168",
    "name": "maandverband Night",
    "brand": "BONI",
    "seoBrand": "Boni Selection",
    "thumbNail": "https://static.colruytgroup.com/images/200x200/std.lang.all/39/63/asset-2833963.jpg",
    "fullImage": "https://static.colruytgroup.com/images/500x500/std.lang.all/39/63/asset-2833963.jpg",
    "squareImage": "https://static.colruytgroup.com/images/500x500sq/std.lang.all/39/63/asset-2833963.jpg",
    "content": "14st",
    "walkRouteSequenceNumber": 14423,
    "price": {
      "basicPrice": 1.1,
      "recommendedQuantity": "1.0",
      "quantityPrice": 1.04,
      "quantityPriceQuantity": "3.0",
      "measurementUnitPrice": 0.079,
      "measurementUnitQuantityPrice": 0.075,
      "measurementUnit": "S",
      "isRedPrice": false,
      "pricePerUOM": 0.079,
      "activationDate": "20-03-2024",
      "recordSource": "Offline",
      "isPromoActive": "N",
      "priceChangeCode": "E",
      "quantityPricePerUOM": 0.075,
      "quantityActivationDate": "20-03-2024",
      "quantityPriceChangeCode": "H"
    },
    "isAvailable": true,
    "isPriceAvailable": true,
    "inPromo": false,
    "gtin": [
      "15400141762058",
      "05400141762051"
    ],
    "topCategoryName": "Lichaamsverzorging/Parfumerie",
    "topCategoryId": "591",
    "businessDomain": "RETAIL_BE",
    "IsPrivateLabel": true,
    "IsBiffe": false,
    "WeightconversionFactor": "0",
    "IsWeightArticle": false,
    "IsBio": false,
    "CountryOfOrigin": "TSJECHIË (REPUBLIEK)",
    "IsExclusivelySoldInLuxembourg": false,
    "OrderUnit": "P",
    "ShortName": "BONI MVB NIGHT 14ST",
    "IsNew": false,
    "RecentQuanityOfStockUnits": "8,1",
    "LongName": "BONI maandverband Night 14st",
    "FicCode": "N"
  },
  {
    "productId": "150530",
    "technicalArticleNumber": "3322742",
    "commercialArticleNumber": "12963",
    "name": "douche Dark Temptation",
    "description": "*Man douchegel\n*Aantrekkelijke geur\n*Nieuwe formula\n*12u lang fris\n*Chocoladegeur",
    "brand": "AXE",
    "seoBrand": "Axe",
    "thumbNail": "https://static.colruytgroup.com/images/200x200/std.lang.all/87/47/asset-1418747.jpg",
    "fullImage": "https://static.colruytgroup.com/images/500x500/std.lang.all/87/47/asset-1418747.jpg",
    "squareImage": "https://static.colruytgroup.com/images/500x500sq/std.lang.all/87/47/asset-1418747.jpg",
    "content": "400ml",
    "walkRouteSequenceNumber": 14448,
    "price": {
      "basicPrice": 3.19,
      "recommendedQuantity": "1.0",
      "quantityPrice": 2.92,
      "quantityPriceQuantity": "2.0",
      "measurementUnitPrice": 7.98,
      "measurementUnitQuantityPrice": 7.3,
      "measurementUnit": "L",
      "isRedPrice": false,
      "pricePerUOM": 7.98,
      "activationDate": "21-03-2024",
      "recordSource": "Offline",
      "isPromoActive": "Y",
      "priceChangeCode": "E",
      "quantityPricePerUOM": 7.3,
      "quantityActivationDate": "21-03-2024",
      "quantityPriceChangeCode": "L"
    },
    "isAvailable": true,
    "isPriceAvailable": true,
    "inPromo": true,
    "promotion": [
      {
        "techPromoId": "100896COLR",
        "promotionId": "100896",
        "promotionType": "4",
        "isPersonalized": "N",
        "publicationStartDate": "13-03-2024",
        "publicationEndDate": "26-03-2024"
      }
    ],
    "gtin": [
      "05400141231731",
      "08710447284094",
      "08710447288023",
      "00000042153153",
      "08710447284377"
    ],
    "topCategoryName": "Lichaamsverzorging/Parfumerie",
    "topCategoryId": "591",
    "businessDomain": "RETAIL_BE",
    "IsPrivateLabel": false,
    "IsBiffe": false,
    "WeightconversionFactor": "0",
    "IsWeightArticle": false,
    "IsBio": false,
    "CountryOfOrigin": "DUITSLAND",
    "IsExclusivelySoldInLuxembourg": false,
    "OrderUnit": "P",
    "ShortName": "AXE DCH DARK TEMPT.400",
    "IsNew": false,
    "RecentQuanityOfStockUnits": "1,6,2,12",
    "LongName": "AXE douche Dark Temptation 400ml",
    "AlcoholVolume": "0",
    "FicCode": "N"
  },
  {
    "productId": "885398",
    "technicalArticleNumber": "4744335",
    "commercialArticleNumber": "32560",
    "name": "Blok Classic",
    "brand": "SUNLIGHT",
    "seoBrand": "Sunlight",
    "thumbNail": "https://static.colruytgroup.com/images/200x200/std.lang.all/39/47/asset-3253947.jpg",
    "fullImage": "https://static.colruytgroup.com/images/500x500/std.lang.all/39/47/asset-3253947.jpg",
    "squareImage": "https://static.colruytgroup.com/images/500x500sq/std.lang.all/39/47/asset-3253947.jpg",
    "content": "3x125g",
    "walkRouteSequenceNumber": 18671,
    "price": {
      "basicPrice": 3.49,
      "recommendedQuantity": "1.0",
      "measurementUnitPrice": 9.31,
      "measurementUnit": "K",
      "isRedPrice": false,
      "pricePerUOM": 9.31,
      "activationDate": "22-03-2024",
      "recordSource": "Offline",
      "isPromoActive": "N",
      "priceChangeCode": "L"
    },
    "isAvailable": true,
    "isPriceAvailable": true,
    "inPromo": false,
    "gtin": [
      "08717163867648",
      "08717163867525"
    ],
    "topCategoryName": "Lichaamsverzorging/Parfumerie",
    "topCategoryId": "591",
    "businessDomain": "RETAIL_BE",
    "IsPrivateLabel": false,
    "IsBiffe": false,
    "WeightconversionFactor": "0",
    "IsWeightArticle": false,
    "IsBio": false,
    "CountryOfOrigin": "DUITSLAND",
    "IsExclusivelySoldInLuxembourg": false,
    "OrderUnit": "P",
    "ShortName": "SUNL ZEEP CLASS.3X125GR",
    "IsNew": false,
    "RecentQuanityOfStockUnits": "1",
    "LongName": "SUNLIGHT Blok Classic 3x125g",
    "AlcoholVolume": "0",
    "FicCode": "N"
  },
  {
    "productId": "764211",
    "technicalArticleNumber": "4544945",
    "commercialArticleNumber": "7086",
    "name": "original box",
    "description": "*72st\n*100% recycleerbare\nverpakking\n*FSC keurmerk\n*Zacht & sterk",
    "brand": "KLEENEX",
    "seoBrand": "Kleenex",
    "thumbNail": "https://static.colruytgroup.com/images/200x200/std.lang.all/44/20/asset-3354420.jpg",
    "fullImage": "https://static.colruytgroup.com/images/500x500/std.lang.all/44/20/asset-3354420.jpg",
    "squareImage": "https://static.colruytgroup.com/images/500x500sq/std.lang.all/44/20/asset-3354420.jpg",
    "content": "72st",
    "walkRouteSequenceNumber": 3944,
    "price": {
      "basicPrice": 1.79,
      "recommendedQuantity": "1.0",
      "measurementUnitPrice": 0.025,
      "measurementUnit": "S",
      "isRedPrice": false,
      "pricePerUOM": 0.025,
      "activationDate": "29-02-2024",
      "recordSource": "Offline",
      "isPromoActive": "N",
      "priceChangeCode": "E"
    },
    "isAvailable": true,
    "isPriceAvailable": true,
    "inPromo": false,
    "gtin": [
      "05029053579184",
      "05029054236222",
      "05029053579160"
    ],
    "topCategoryName": "Lichaamsverzorging/Parfumerie",
    "topCategoryId": "591",
    "businessDomain": "RETAIL_BE",
    "IsPrivateLabel": false,
    "IsBiffe": false,
    "WeightconversionFactor": "0",
    "IsWeightArticle": false,
    "IsBio": false,
    "CountryOfOrigin": "FRANKRIJK",
    "IsExclusivelySoldInLuxembourg": false,
    "OrderUnit": "P",
    "ShortName": "KLEE ORIGINAL BOX 72ST",
    "IsNew": false,
    "RecentQuanityOfStockUnits": "4,24,1",
    "LongName": "KLEENEX original box 72st",
    "FicCode": "N"
  },
  {
    "productId": "873222",
    "technicalArticleNumber": "4727984",
    "commercialArticleNumber": "28101",
    "name": "mondwater coolmint",
    "description": "*Smaak: munt",
    "brand": "LISTERINE",
    "seoBrand": "Listerine",
    "thumbNail": "https://static.colruytgroup.com/images/200x200/std.lang.all/76/18/asset-3237618.jpg",
    "fullImage": "https://static.colruytgroup.com/images/500x500/std.lang.all/76/18/asset-3237618.jpg",
    "squareImage": "https://static.colruytgroup.com/images/500x500sq/std.lang.all/76/18/asset-3237618.jpg",
    "content": "500ml",
    "walkRouteSequenceNumber": 14427,
    "price": {
      "basicPrice": 5.99,
      "recommendedQuantity": "1.0",
      "quantityPrice": 4.66,
      "quantityPriceQuantity": "3.0",
      "measurementUnitPrice": 11.98,
      "measurementUnitQuantityPrice": 9.32,
      "measurementUnit": "L",
      "isRedPrice": false,
      "pricePerUOM": 11.98,
      "activationDate": "23-03-2024",
      "recordSource": "Offline",
      "isPromoActive": "N",
      "priceChangeCode": "E",
      "quantityPricePerUOM": 9.32,
      "quantityActivationDate": "23-03-2024",
      "quantityPriceChangeCode": "E"
    },
    "isAvailable": true,
    "isPriceAvailable": true,
    "inPromo": false,
    "gtin": [
      "03574661735115",
      "03574661735108",
      "15400141433088"
    ],
    "topCategoryName": "Lichaamsverzorging/Parfumerie",
    "topCategoryId": "591",
    "businessDomain": "RETAIL_BE",
    "IsPrivateLabel": false,
    "IsBiffe": false,
    "WeightconversionFactor": "0",
    "IsWeightArticle": false,
    "IsBio": false,
    "CountryOfOrigin": "EUROPA",
    "IsExclusivelySoldInLuxembourg": false,
    "OrderUnit": "P",
    "ShortName": "LIST.COOLMINT 500 ML",
    "IsNew": false,
    "RecentQuanityOfStockUnits": "2,1",
    "LongName": "LISTERINE mondwater coolmint 500ml",
    "FicCode": "N"
  },
  {
    "productId": "662938",
    "technicalArticleNumber": "4369629",
    "commercialArticleNumber": "6213",
    "name": "douchegel pure",
    "description": "*Douchecrème\n*Pure",
    "brand": "BONI",
    "seoBrand": "Boni Selection",
    "thumbNail": "https://static.colruytgroup.com/images/200x200/std.lang.all/09/26/asset-2420926.jpg",
    "fullImage": "https://static.colruytgroup.com/images/500x500/std.lang.all/09/26/asset-2420926.jpg",
    "squareImage": "https://static.colruytgroup.com/images/500x500sq/std.lang.all/09/26/asset-2420926.jpg",
    "content": "500ml",
    "walkRouteSequenceNumber": 14628,
    "price": {
      "basicPrice": 1.29,
      "recommendedQuantity": "1.0",
      "measurementUnitPrice": 2.58,
      "measurementUnit": "L",
      "isRedPrice": false,
      "pricePerUOM": 2.58,
      "activationDate": "15-03-2024",
      "recordSource": "Offline",
      "isPromoActive": "N",
      "priceChangeCode": "H"
    },
    "isAvailable": true,
    "isPriceAvailable": true,
    "inPromo": false,
    "gtin": [
      "15400141990864",
      "05400141990867"
    ],
    "topCategoryName": "Lichaamsverzorging/Parfumerie",
    "topCategoryId": "591",
    "businessDomain": "RETAIL_BE",
    "IsPrivateLabel": true,
    "IsBiffe": false,
    "WeightconversionFactor": "0",
    "IsWeightArticle": false,
    "IsBio": false,
    "CountryOfOrigin": "BELGIË",
    "IsExclusivelySoldInLuxembourg": false,
    "OrderUnit": "P",
    "ShortName": "BONI DCH PURE 500ML",
    "InSeason": true,
    "IsNew": false,
    "RecentQuanityOfStockUnits": "1,12",
    "LongName": "BONI douchegel pure 500ml",
    "StartSeasonDate": "03/12/2020",
    "FicCode": "N"
  },
  {
    "productId": "856012",
    "technicalArticleNumber": "4705370",
    "commercialArticleNumber": "31381",
    "name": "tandpasta fresh/bi-fluor",
    "description": "*Tegen gaatjes\n*Verfrist de adem\n*Versterkt de tanden\n*100% recycleerbaar",
    "brand": "COLGATE",
    "seoBrand": "Colgate",
    "thumbNail": "https://ecgproductmw.colruytgroup.com/ecgproductmw/noPicForArticle_2.jpg",
    "fullImage": "https://ecgproductmw.colruytgroup.com/ecgproductmw/noPicForArticle_5.jpg",
    "squareImage": "https://ecgproductmw.colruytgroup.com/ecgproductmw/noPicForArticle_5.jpg",
    "content": "100ml",
    "walkRouteSequenceNumber": 14376,
    "price": {
      "basicPrice": 2.69,
      "recommendedQuantity": "1.0",
      "measurementUnitPrice": 26.9,
      "measurementUnit": "L",
      "isRedPrice": false,
      "pricePerUOM": 26.9,
      "activationDate": "23-01-2024",
      "isPromoActive": "N",
      "priceChangeCode": "H"
    },
    "isAvailable": true,
    "isPriceAvailable": true,
    "inPromo": false,
    "gtin": [
      "08718951580831",
      "08718951559684",
      "08718951589292",
      "08718951576278",
      "08718951589322"
    ],
    "topCategoryName": "Lichaamsverzorging/Parfumerie",
    "topCategoryId": "591",
    "businessDomain": "RETAIL_BE",
    "IsPrivateLabel": false,
    "IsBiffe": false,
    "WeightconversionFactor": "0",
    "IsWeightArticle": false,
    "IsBio": false,
    "CountryOfOrigin": "POLEN",
    "IsExclusivelySoldInLuxembourg": false,
    "OrderUnit": "P",
    "ShortName": "COLG TP FRESH/BI-FL 100",
    "IsNew": false,
    "RecentQuanityOfStockUnits": "3,3,1,1",
    "LongName": "COLGATE tandpasta fresh/bi-fluor 100ml",
    "AlcoholVolume": "0",
    "FicCode": "N"
  },
  {
    "productId": "756993",
    "technicalArticleNumber": "4532763",
    "commercialArticleNumber": "12086",
    "name": "droogshampoo Fresh",
    "description": "*Droogshampoo\n*150 ml\n*Fresh: voor vet haar",
    "brand": "SCHWARZKOPF",
    "seoBrand": "Schwarzkopf",
    "thumbNail": "https://static.colruytgroup.com/images/200x200/std.lang.all/95/59/asset-2739559.jpg",
    "fullImage": "https://static.colruytgroup.com/images/500x500/std.lang.all/95/59/asset-2739559.jpg",
    "squareImage": "https://static.colruytgroup.com/images/500x500sq/std.lang.all/95/59/asset-2739559.jpg",
    "content": "150ml",
    "walkRouteSequenceNumber": 15051,
    "price": {
      "basicPrice": 3.99,
      "recommendedQuantity": "1.0",
      "measurementUnitPrice": 26.6,
      "measurementUnit": "L",
      "isRedPrice": false,
      "pricePerUOM": 26.6,
      "activationDate": "23-03-2024",
      "recordSource": "Offline",
      "isPromoActive": "N",
      "priceChangeCode": "E"
    },
    "isAvailable": true,
    "isPriceAvailable": true,
    "inPromo": false,
    "gtin": [
      "55400141915889",
      "45400141915882",
      "05412530923066",
      "05410091763794"
    ],
    "topCategoryName": "Lichaamsverzorging/Parfumerie",
    "topCategoryId": "591",
    "businessDomain": "RETAIL_BE",
    "IsPrivateLabel": false,
    "IsBiffe": false,
    "WeightconversionFactor": "0",
    "IsWeightArticle": false,
    "IsBio": false,
    "CountryOfOrigin": "DUITSLAND",
    "IsExclusivelySoldInLuxembourg": false,
    "OrderUnit": "P",
    "ShortName": "SCHW DROOGSH.FRESH 150",
    "IsNew": false,
    "RecentQuanityOfStockUnits": "2,1",
    "LongName": "SCHWARZKOPF droogshampoo Fresh 150ml",
    "FicCode": "N"
  },
  {
    "productId": "907407",
    "technicalArticleNumber": "4758800",
    "commercialArticleNumber": "2157",
    "name": "dch met bio vanille",
    "brand": "TAHITI",
    "seoBrand": "Tahiti",
    "thumbNail": "https://static.colruytgroup.com/images/200x200/std.lang.all/85/39/asset-3318539.jpg",
    "fullImage": "https://static.colruytgroup.com/images/500x500/std.lang.all/85/39/asset-3318539.jpg",
    "squareImage": "https://static.colruytgroup.com/images/500x500sq/std.lang.all/85/39/asset-3318539.jpg",
    "content": "300ml",
    "walkRouteSequenceNumber": 14619,
    "price": {
      "basicPrice": 2.29,
      "recommendedQuantity": "1.0",
      "measurementUnitPrice": 7.64,
      "measurementUnit": "L",
      "isRedPrice": false,
      "pricePerUOM": 7.64,
      "activationDate": "19-03-2024",
      "recordSource": "Offline",
      "isPromoActive": "N",
      "priceChangeCode": "H"
    },
    "isAvailable": true,
    "isPriceAvailable": true,
    "inPromo": false,
    "gtin": [
      "08718951576629",
      "08718951576612",
      "85400141610525"
    ],
    "topCategoryName": "Lichaamsverzorging/Parfumerie",
    "topCategoryId": "591",
    "businessDomain": "RETAIL_BE",
    "IsPrivateLabel": false,
    "IsBiffe": false,
    "WeightconversionFactor": "0",
    "IsWeightArticle": false,
    "IsBio": false,
    "CountryOfOrigin": "FRANKRIJK",
    "IsExclusivelySoldInLuxembourg": false,
    "OrderUnit": "P",
    "ShortName": "TAHI DCH VANILLE 300ML",
    "IsNew": false,
    "RecentQuanityOfStockUnits": "1,3",
    "LongName": "TAHITI dch met bio vanille 300ml",
    "FicCode": "N"
  },
  {
    "productId": "858677",
    "technicalArticleNumber": "4708954",
    "commercialArticleNumber": "31680",
    "name": "inlegkruisjes XL extra long",
    "description": "*Inlegkruisjes 58ST\n*Extra lang\n*odorblock",
    "brand": "ALWAYS",
    "seoBrand": "Always",
    "thumbNail": "https://static.colruytgroup.com/images/200x200/std.lang.all/69/99/asset-3166999.jpg",
    "fullImage": "https://static.colruytgroup.com/images/500x500/std.lang.all/69/99/asset-3166999.jpg",
    "squareImage": "https://static.colruytgroup.com/images/500x500sq/std.lang.all/69/99/asset-3166999.jpg",
    "content": "58st",
    "walkRouteSequenceNumber": 14396,
    "price": {
      "basicPrice": 5.49,
      "recommendedQuantity": "2.0",
      "measurementUnitPrice": 0.095,
      "measurementUnit": "S",
      "isRedPrice": false,
      "pricePerUOM": 0.095,
      "activationDate": "13-03-2024",
      "recordSource": "Offline",
      "isPromoActive": "N",
      "priceChangeCode": "E"
    },
    "isAvailable": true,
    "isPriceAvailable": true,
    "inPromo": true,
    "promotion": [
      {
        "techPromoId": "100869COLR",
        "promotionId": "100869",
        "promotionType": "4",
        "isPersonalized": "N",
        "publicationStartDate": "13-03-2024",
        "publicationEndDate": "26-03-2024"
      }
    ],
    "gtin": [
      "08006540806494",
      "08006540806487",
      "75400141628387"
    ],
    "topCategoryName": "Lichaamsverzorging/Parfumerie",
    "topCategoryId": "591",
    "businessDomain": "RETAIL_BE",
    "IsPrivateLabel": false,
    "IsBiffe": false,
    "WeightconversionFactor": "0",
    "IsWeightArticle": false,
    "IsBio": false,
    "CountryOfOrigin": "DUITSLAND",
    "IsExclusivelySoldInLuxembourg": false,
    "OrderUnit": "P",
    "ShortName": "ALWA ILK XL EXT.LONG58S",
    "IsNew": false,
    "RecentQuanityOfStockUnits": "1,2",
    "LongName": "ALWAYS inlegkruisjes XL extra long 58st",
    "FicCode": "N"
  },
  {
    "productId": "907405",
    "technicalArticleNumber": "4758797",
    "commercialArticleNumber": "2150",
    "name": "douche met verkwik.bio hout",
    "brand": "TAHITI",
    "seoBrand": "Tahiti",
    "thumbNail": "https://static.colruytgroup.com/images/200x200/std.lang.all/85/38/asset-3318538.jpg",
    "fullImage": "https://static.colruytgroup.com/images/500x500/std.lang.all/85/38/asset-3318538.jpg",
    "squareImage": "https://static.colruytgroup.com/images/500x500sq/std.lang.all/85/38/asset-3318538.jpg",
    "content": "300ml",
    "walkRouteSequenceNumber": 14629,
    "price": {
      "basicPrice": 2.19,
      "recommendedQuantity": "1.0",
      "measurementUnitPrice": 7.3,
      "measurementUnit": "L",
      "isRedPrice": false,
      "pricePerUOM": 7.3,
      "activationDate": "18-03-2024",
      "recordSource": "Offline",
      "isPromoActive": "N",
      "priceChangeCode": "E"
    },
    "isAvailable": true,
    "isPriceAvailable": true,
    "inPromo": false,
    "gtin": [
      "15400141540960",
      "08718951576650",
      "08718951576643"
    ],
    "topCategoryName": "Lichaamsverzorging/Parfumerie",
    "topCategoryId": "591",
    "businessDomain": "RETAIL_BE",
    "IsPrivateLabel": false,
    "IsBiffe": false,
    "WeightconversionFactor": "0",
    "IsWeightArticle": false,
    "IsBio": false,
    "CountryOfOrigin": "FRANKRIJK",
    "IsExclusivelySoldInLuxembourg": false,
    "OrderUnit": "P",
    "ShortName": "TAHI DCH TROPENHOUT300",
    "IsNew": false,
    "RecentQuanityOfStockUnits": "3,1",
    "LongName": "TAHITI douche met verkwik.bio hout 300ml",
    "FicCode": "N"
  },
  {
    "productId": "820062",
    "technicalArticleNumber": "4652779",
    "commercialArticleNumber": "9394",
    "name": "shampoo avoc./honing",
    "description": "*Shampoo\n*Assorti:\n-Avocado olie\n-Geheim van honing",
    "brand": "ULTRA DOUX",
    "seoBrand": "Ultra Doux",
    "thumbNail": "https://static.colruytgroup.com/images/200x200/std.lang.all/07/37/asset-2960737.jpg",
    "fullImage": "https://static.colruytgroup.com/images/500x500/std.lang.all/07/37/asset-2960737.jpg",
    "squareImage": "https://static.colruytgroup.com/images/500x500sq/std.lang.all/07/37/asset-2960737.jpg",
    "content": "250ml",
    "walkRouteSequenceNumber": 15096,
    "price": {
      "basicPrice": 2.95,
      "recommendedQuantity": "1.0",
      "quantityPrice": 2.33,
      "quantityPriceQuantity": "3.0",
      "measurementUnitPrice": 11.8,
      "measurementUnitQuantityPrice": 9.32,
      "measurementUnit": "L",
      "isRedPrice": false,
      "pricePerUOM": 11.8,
      "activationDate": "19-03-2024",
      "recordSource": "Offline",
      "isPromoActive": "N",
      "priceChangeCode": "E",
      "quantityPricePerUOM": 9.32,
      "quantityActivationDate": "19-03-2024",
      "quantityPriceChangeCode": "H"
    },
    "isAvailable": true,
    "isPriceAvailable": true,
    "inPromo": false,
    "gtin": [
      "03600542460705",
      "03600542461528",
      "05410103136592",
      "05410103136639"
    ],
    "topCategoryName": "Lichaamsverzorging/Parfumerie",
    "topCategoryId": "591",
    "businessDomain": "RETAIL_BE",
    "IsPrivateLabel": false,
    "IsBiffe": false,
    "WeightconversionFactor": "0",
    "IsWeightArticle": false,
    "IsBio": false,
    "CountryOfOrigin": "POLEN",
    "IsExclusivelySoldInLuxembourg": false,
    "OrderUnit": "P",
    "ShortName": "ULTD SH.AVOC/HONING250",
    "IsNew": false,
    "RecentQuanityOfStockUnits": "2,1,1,2,12",
    "LongName": "ULTRA DOUX shampoo avoc./honing 250ml",
    "FicCode": "N"
  },
  {
    "productId": "854457",
    "technicalArticleNumber": "4703438",
    "commercialArticleNumber": "31247",
    "name": "tandpasta anti-cariës",
    "brand": "ELMEX",
    "seoBrand": "Elmex",
    "thumbNail": "https://static.colruytgroup.com/images/200x200/std.lang.all/35/34/asset-3153534.jpg",
    "fullImage": "https://static.colruytgroup.com/images/500x500/std.lang.all/35/34/asset-3153534.jpg",
    "squareImage": "https://static.colruytgroup.com/images/500x500sq/std.lang.all/35/34/asset-3153534.jpg",
    "content": "75ml",
    "walkRouteSequenceNumber": 14349,
    "price": {
      "basicPrice": 3.52,
      "recommendedQuantity": "1.0",
      "measurementUnitPrice": 46.94,
      "measurementUnit": "L",
      "isRedPrice": false,
      "pricePerUOM": 46.94,
      "activationDate": "14-03-2024",
      "recordSource": "Folder",
      "isPromoActive": "Y",
      "priceChangeCode": "E"
    },
    "isAvailable": true,
    "isPriceAvailable": true,
    "inPromo": true,
    "promotion": [
      {
        "techPromoId": "100891COLR",
        "promotionId": "100891",
        "promotionType": "3",
        "isPersonalized": "N",
        "publicationStartDate": "13-03-2024",
        "publicationEndDate": "26-03-2024"
      }
    ],
    "gtin": [
      "08718951548435",
      "08718951548428",
      "08718951543553"
    ],
    "topCategoryName": "Lichaamsverzorging/Parfumerie",
    "topCategoryId": "591",
    "businessDomain": "RETAIL_BE",
    "IsPrivateLabel": false,
    "IsBiffe": false,
    "WeightconversionFactor": "0",
    "IsWeightArticle": false,
    "IsBio": false,
    "CountryOfOrigin": "POLEN",
    "IsExclusivelySoldInLuxembourg": false,
    "OrderUnit": "P",
    "ShortName": "ELME TP ANTI-CARIES 75",
    "IsNew": false,
    "RecentQuanityOfStockUnits": "2,1,16",
    "LongName": "ELMEX tandpasta anti-cariës 75ml",
    "AlcoholVolume": "0",
    "FicCode": "N"
  },
  {
    "productId": "38896",
    "technicalArticleNumber": "1675028",
    "commercialArticleNumber": "23809",
    "name": "handz.hon/ol/am/hyg vul.",
    "description": "*4 parfums:\n-Voedend\n-Melk & Honing\n-Olijf\n-Anti-Bacterie",
    "brand": "PALMOLIVE",
    "seoBrand": "Palmolive",
    "thumbNail": "https://static.colruytgroup.com/images/200x200/std.lang.all/01/57/asset-2730157.jpg",
    "fullImage": "https://static.colruytgroup.com/images/500x500/std.lang.all/01/57/asset-2730157.jpg",
    "squareImage": "https://static.colruytgroup.com/images/500x500sq/std.lang.all/01/57/asset-2730157.jpg",
    "content": "500ml",
    "walkRouteSequenceNumber": 15073,
    "price": {
      "basicPrice": 4.49,
      "recommendedQuantity": "1.0",
      "measurementUnitPrice": 8.98,
      "measurementUnit": "L",
      "isRedPrice": false,
      "pricePerUOM": 8.98,
      "activationDate": "11-03-2024",
      "recordSource": "Offline",
      "isPromoActive": "N",
      "priceChangeCode": "E"
    },
    "isAvailable": true,
    "isPriceAvailable": true,
    "inPromo": false,
    "gtin": [
      "08003520029133",
      "08003520029157",
      "08003520029171",
      "08003520039545",
      "08003520039552",
      "08003520041050",
      "08714789266183",
      "08714789711560",
      "08714789846675"
    ],
    "topCategoryName": "Lichaamsverzorging/Parfumerie",
    "topCategoryId": "591",
    "businessDomain": "RETAIL_BE",
    "IsPrivateLabel": false,
    "IsBiffe": false,
    "WeightconversionFactor": "0",
    "IsWeightArticle": false,
    "IsBio": false,
    "CountryOfOrigin": "FRANKRIJK",
    "IsExclusivelySoldInLuxembourg": false,
    "OrderUnit": "P",
    "ShortName": "PALM.VL.ZEEP VULL.AS500",
    "IsNew": false,
    "RecentQuanityOfStockUnits": "1,1,1,1",
    "LongName": "PALMOLIVE handz.hon/ol/am/hyg vul. 500ml",
    "AlcoholVolume": "0",
    "FicCode": "N"
  },
  {
    "productId": "105617",
    "technicalArticleNumber": "3113836",
    "commercialArticleNumber": "42313",
    "name": "inlegkruisjes Large Aloe Vera",
    "description": "*Inlegkruisjes (50s)\n*Lichte menstruatie\n*Zachte bovenlaag\n*Discreet, Large\n*Aloë Vera-extract",
    "brand": "BONI",
    "seoBrand": "Boni Selection",
    "thumbNail": "https://static.colruytgroup.com/images/200x200/std.lang.all/22/33/asset-2852233.jpg",
    "fullImage": "https://static.colruytgroup.com/images/500x500/std.lang.all/22/33/asset-2852233.jpg",
    "squareImage": "https://static.colruytgroup.com/images/500x500sq/std.lang.all/22/33/asset-2852233.jpg",
    "content": "50st",
    "walkRouteSequenceNumber": 14281,
    "price": {
      "basicPrice": 1.54,
      "recommendedQuantity": "1.0",
      "measurementUnitPrice": 0.031,
      "measurementUnit": "S",
      "isRedPrice": false,
      "pricePerUOM": 0.031,
      "activationDate": "12-12-2023",
      "recordSource": "Offline",
      "isPromoActive": "N",
      "priceChangeCode": "L"
    },
    "isAvailable": true,
    "isPriceAvailable": true,
    "inPromo": false,
    "gtin": [
      "15400141636236",
      "05400141636239",
      "15400141600824",
      "05400141600827",
      "05400141078602",
      "15400141189503",
      "05400141189506"
    ],
    "topCategoryName": "Lichaamsverzorging/Parfumerie",
    "topCategoryId": "591",
    "businessDomain": "RETAIL_BE",
    "IsPrivateLabel": true,
    "IsBiffe": false,
    "WeightconversionFactor": "0",
    "IsWeightArticle": false,
    "IsBio": false,
    "CountryOfOrigin": "BELGIË",
    "IsExclusivelySoldInLuxembourg": false,
    "OrderUnit": "P",
    "ShortName": "BONI ILK ALOE LARGE 50S",
    "IsNew": false,
    "RecentQuanityOfStockUnits": "1,10",
    "LongName": "BONI inlegkruisjes Large Aloe Vera 50st",
    "AlcoholVolume": "0",
    "FicCode": "N"
  },
  {
    "productId": "162641",
    "technicalArticleNumber": "3250124",
    "commercialArticleNumber": "9851",
    "name": "Discr. inco.verband Normal",
    "description": "*Verband Normal(14s)\n*Matig urineverlies\n*Zachte bovenlaag\n*Odour Control\n*Discreet beschermd",
    "brand": "BONI",
    "seoBrand": "Boni Selection",
    "thumbNail": "https://static.colruytgroup.com/images/200x200/std.lang.all/80/55/asset-2518055.jpg",
    "fullImage": "https://static.colruytgroup.com/images/500x500/std.lang.all/80/55/asset-2518055.jpg",
    "squareImage": "https://static.colruytgroup.com/images/500x500sq/std.lang.all/80/55/asset-2518055.jpg",
    "content": "14st",
    "walkRouteSequenceNumber": 14255,
    "price": {
      "basicPrice": 2.03,
      "recommendedQuantity": "1.0",
      "measurementUnitPrice": 0.145,
      "measurementUnit": "S",
      "isRedPrice": false,
      "pricePerUOM": 0.145,
      "activationDate": "20-03-2024",
      "recordSource": "Offline",
      "isPromoActive": "N",
      "priceChangeCode": "L"
    },
    "isAvailable": true,
    "isPriceAvailable": true,
    "inPromo": false,
    "gtin": [
      "05400141189599",
      "25400141171840",
      "15400141189596",
      "05400141985108",
      "15400141958420",
      "05400141958423"
    ],
    "topCategoryName": "Lichaamsverzorging/Parfumerie",
    "topCategoryId": "591",
    "businessDomain": "RETAIL_BE",
    "IsPrivateLabel": true,
    "IsBiffe": false,
    "WeightconversionFactor": "0",
    "IsWeightArticle": false,
    "IsBio": false,
    "CountryOfOrigin": "BELGIË",
    "IsExclusivelySoldInLuxembourg": false,
    "OrderUnit": "P",
    "ShortName": "BONI INCO.VB NORMAL 14",
    "IsNew": false,
    "RecentQuanityOfStockUnits": "8,1",
    "LongName": "BONI Discr. inco.verband Normal 14st",
    "AlcoholVolume": "0",
    "FicCode": "N"
  },
  {
    "productId": "854465",
    "technicalArticleNumber": "4703449",
    "commercialArticleNumber": "31248",
    "name": "TP Sensitive Gentle White",
    "description": "*Gevoelige tanden\n*Tegen gaatjes\n*Whitening tandpasta",
    "brand": "ELMEX",
    "seoBrand": "Elmex",
    "thumbNail": "https://static.colruytgroup.com/images/200x200/std.lang.all/35/35/asset-3153535.jpg",
    "fullImage": "https://static.colruytgroup.com/images/500x500/std.lang.all/35/35/asset-3153535.jpg",
    "squareImage": "https://static.colruytgroup.com/images/500x500sq/std.lang.all/35/35/asset-3153535.jpg",
    "content": "75ml",
    "walkRouteSequenceNumber": 14350,
    "price": {
      "basicPrice": 5.48,
      "recommendedQuantity": "1.0",
      "measurementUnitPrice": 73.07,
      "measurementUnit": "L",
      "isRedPrice": false,
      "pricePerUOM": 73.07,
      "activationDate": "21-03-2024",
      "recordSource": "Folder",
      "isPromoActive": "N",
      "priceChangeCode": "H"
    },
    "isAvailable": true,
    "isPriceAvailable": true,
    "inPromo": true,
    "promotion": [
      {
        "techPromoId": "100891COLR",
        "promotionId": "100891",
        "promotionType": "3",
        "isPersonalized": "N",
        "publicationStartDate": "13-03-2024",
        "publicationEndDate": "26-03-2024"
      }
    ],
    "gtin": [
      "08718951549142",
      "08718951544840",
      "08718951549135"
    ],
    "topCategoryName": "Lichaamsverzorging/Parfumerie",
    "topCategoryId": "591",
    "businessDomain": "RETAIL_BE",
    "IsPrivateLabel": false,
    "IsBiffe": false,
    "WeightconversionFactor": "0",
    "IsWeightArticle": false,
    "IsBio": false,
    "CountryOfOrigin": "POLEN",
    "IsExclusivelySoldInLuxembourg": false,
    "OrderUnit": "P",
    "ShortName": "ELME SENS.TP WHITEN.75",
    "IsNew": false,
    "RecentQuanityOfStockUnits": "1,2",
    "LongName": "ELMEX TP Sensitive Gentle White 75ml",
    "FicCode": "N"
  },
  {
    "productId": "69025",
    "technicalArticleNumber": "2761054",
    "commercialArticleNumber": "43167",
    "name": "katoen sensitive rond",
    "description": "*Droog katoen rond\n*64 stuks\n*100% Katoen vezels\n*Ultra glad\n*Ultra-zacht",
    "brand": "DEMAK'UP",
    "seoBrand": "Demak'Up",
    "thumbNail": "https://static.colruytgroup.com/images/200x200/std.lang.all/94/63/asset-359463.jpg",
    "fullImage": "https://static.colruytgroup.com/images/500x500/std.lang.all/94/63/asset-359463.jpg",
    "squareImage": "https://static.colruytgroup.com/images/500x500sq/std.lang.all/94/63/asset-359463.jpg",
    "content": "64st",
    "walkRouteSequenceNumber": 15669,
    "price": {
      "basicPrice": 1.85,
      "recommendedQuantity": "1.0",
      "measurementUnitPrice": 0.029,
      "measurementUnit": "S",
      "isRedPrice": false,
      "pricePerUOM": 0.029,
      "activationDate": "15-03-2024",
      "recordSource": "Offline",
      "isPromoActive": "N",
      "priceChangeCode": "L"
    },
    "isAvailable": true,
    "isPriceAvailable": true,
    "inPromo": false,
    "gtin": [
      "05400141655384",
      "03133200065672",
      "03133200065665"
    ],
    "topCategoryName": "Lichaamsverzorging/Parfumerie",
    "topCategoryId": "591",
    "businessDomain": "RETAIL_BE",
    "IsPrivateLabel": false,
    "IsBiffe": false,
    "WeightconversionFactor": "0",
    "IsWeightArticle": false,
    "IsBio": false,
    "CountryOfOrigin": "FRANKRIJK",
    "IsExclusivelySoldInLuxembourg": false,
    "OrderUnit": "P",
    "ShortName": "DEMAK UP SENSITIVE 64ST",
    "IsNew": false,
    "RecentQuanityOfStockUnits": "1",
    "LongName": "DEMAK'UP katoen sensitive rond 64st",
    "AlcoholVolume": "0",
    "FicCode": "N"
  },
  {
    "productId": "629940",
    "technicalArticleNumber": "4315234",
    "commercialArticleNumber": "3862",
    "name": "Discr. inco.verband MaxiNight",
    "description": "*Verband nacht (8s)\n*Zwaar urineverlies\n*Zachte bovenlaag\n*Odour Control\n*Discreet beschermd",
    "brand": "BONI",
    "seoBrand": "Boni Selection",
    "thumbNail": "https://static.colruytgroup.com/images/200x200/std.lang.all/12/63/asset-2391263.jpg",
    "fullImage": "https://static.colruytgroup.com/images/500x500/std.lang.all/12/63/asset-2391263.jpg",
    "squareImage": "https://static.colruytgroup.com/images/500x500sq/std.lang.all/12/63/asset-2391263.jpg",
    "content": "8st",
    "walkRouteSequenceNumber": 14258,
    "price": {
      "basicPrice": 2.12,
      "recommendedQuantity": "1.0",
      "quantityPrice": 1.74,
      "quantityPriceQuantity": "6.0",
      "measurementUnitPrice": 0.265,
      "measurementUnitQuantityPrice": 0.218,
      "measurementUnit": "S",
      "isRedPrice": false,
      "pricePerUOM": 0.265,
      "activationDate": "13-03-2024",
      "recordSource": "Offline",
      "isPromoActive": "N",
      "priceChangeCode": "E",
      "quantityPricePerUOM": 0.218,
      "quantityActivationDate": "13-03-2024",
      "quantityPriceChangeCode": "L"
    },
    "isAvailable": true,
    "isPriceAvailable": true,
    "inPromo": false,
    "gtin": [
      "05400141962109",
      "15400141962106",
      "05400141461428",
      "15400141461425"
    ],
    "topCategoryName": "Lichaamsverzorging/Parfumerie",
    "topCategoryId": "591",
    "businessDomain": "RETAIL_BE",
    "IsPrivateLabel": true,
    "IsBiffe": false,
    "WeightconversionFactor": "0",
    "IsWeightArticle": false,
    "IsBio": false,
    "CountryOfOrigin": "DUITSLAND",
    "IsExclusivelySoldInLuxembourg": false,
    "OrderUnit": "P",
    "ShortName": "BONI INCO MAXI NIGHT8S",
    "IsNew": false,
    "RecentQuanityOfStockUnits": "1,6",
    "LongName": "BONI Discr. inco.verband MaxiNight 8st",
    "FicCode": "N"
  },
  {
    "productId": "1781",
    "technicalArticleNumber": "23091",
    "commercialArticleNumber": "23091",
    "name": "tandpasta 1-6 jaar",
    "description": "*Bescherming tegen\ngaatjes\n*Zonder suiker, met\nfluor en calcium\n*Aardbeien",
    "brand": "THERAMED",
    "seoBrand": "Theramed Junior",
    "thumbNail": "https://static.colruytgroup.com/images/200x200/std.lang.all/28/95/asset-1152895.jpg",
    "fullImage": "https://static.colruytgroup.com/images/500x500/std.lang.all/28/95/asset-1152895.jpg",
    "squareImage": "https://static.colruytgroup.com/images/500x500sq/std.lang.all/28/95/asset-1152895.jpg",
    "content": "50ml",
    "walkRouteSequenceNumber": 14197,
    "price": {
      "basicPrice": 1.99,
      "recommendedQuantity": "1.0",
      "measurementUnitPrice": 39.8,
      "measurementUnit": "L",
      "isRedPrice": false,
      "pricePerUOM": 39.8,
      "activationDate": "20-02-2024",
      "recordSource": "Offline",
      "isPromoActive": "N",
      "priceChangeCode": "E"
    },
    "isAvailable": true,
    "isPriceAvailable": true,
    "inPromo": false,
    "gtin": [
      "05410091693312",
      "05410091734213",
      "05412530862082",
      "05400141464146"
    ],
    "topCategoryName": "Lichaamsverzorging/Parfumerie",
    "topCategoryId": "591",
    "businessDomain": "RETAIL_BE",
    "IsPrivateLabel": false,
    "IsBiffe": false,
    "WeightconversionFactor": "0",
    "IsWeightArticle": false,
    "IsBio": false,
    "CountryOfOrigin": "DUITSLAND",
    "IsExclusivelySoldInLuxembourg": false,
    "OrderUnit": "P",
    "ShortName": "THERAM.JUNIOR ROSE 50ML",
    "IsNew": false,
    "RecentQuanityOfStockUnits": "2,1,12",
    "LongName": "THERAMED tandpasta 1-6 jaar 50ml",
    "AlcoholVolume": "0",
    "FicCode": "N"
  },
  {
    "productId": "463174",
    "technicalArticleNumber": "4030838",
    "commercialArticleNumber": "5636",
    "name": "deo Dark Temptation",
    "description": "*Man deodorant\n*Anti-transpiratie\n*Aantrekkelijke geur\n*72u bescherming\n*Tegen zweet",
    "brand": "AXE",
    "seoBrand": "Axe",
    "thumbNail": "https://static.colruytgroup.com/images/200x200/std.lang.all/10/91/asset-2491091.jpg",
    "fullImage": "https://static.colruytgroup.com/images/500x500/std.lang.all/10/91/asset-2491091.jpg",
    "squareImage": "https://static.colruytgroup.com/images/500x500sq/std.lang.all/10/91/asset-2491091.jpg",
    "content": "200ml",
    "walkRouteSequenceNumber": 14664,
    "price": {
      "basicPrice": 4.65,
      "recommendedQuantity": "1.0",
      "quantityPrice": 2.74,
      "quantityPriceQuantity": "3.0",
      "measurementUnitPrice": 23.25,
      "measurementUnitQuantityPrice": 13.7,
      "measurementUnit": "L",
      "isRedPrice": false,
      "pricePerUOM": 23.25,
      "activationDate": "23-03-2024",
      "recordSource": "Offline",
      "isPromoActive": "N",
      "priceChangeCode": "E",
      "quantityPricePerUOM": 13.7,
      "quantityActivationDate": "23-03-2024",
      "quantityPriceChangeCode": "E"
    },
    "isAvailable": true,
    "isPriceAvailable": true,
    "inPromo": false,
    "gtin": [
      "15400141242420",
      "05400141242423",
      "08717163640708",
      "08717163641156",
      "08720181026218",
      "08720181025921"
    ],
    "topCategoryName": "Lichaamsverzorging/Parfumerie",
    "topCategoryId": "591",
    "businessDomain": "RETAIL_BE",
    "IsPrivateLabel": false,
    "IsBiffe": false,
    "WeightconversionFactor": "0",
    "IsWeightArticle": false,
    "IsBio": false,
    "CountryOfOrigin": "BELGIË",
    "IsExclusivelySoldInLuxembourg": false,
    "OrderUnit": "P",
    "ShortName": "AXE DEO DARK TEMPT200ML",
    "IsNew": false,
    "RecentQuanityOfStockUnits": "2,1,12",
    "LongName": "AXE deo Dark Temptation 200ml",
    "FicCode": "N"
  },
  {
    "productId": "96618",
    "technicalArticleNumber": "2799122",
    "commercialArticleNumber": "2519",
    "name": "deo Extr.Cool/Perfect Wave",
    "description": "*Deospray\n*Assorti:\n48u bescherming\n-Extreme Cool: Euc.\n-Perfect Wave:fris",
    "brand": "FA MEN",
    "seoBrand": "Fa",
    "thumbNail": "https://static.colruytgroup.com/images/200x200/std.lang.all/15/99/asset-2761599.jpg",
    "fullImage": "https://static.colruytgroup.com/images/500x500/std.lang.all/15/99/asset-2761599.jpg",
    "squareImage": "https://static.colruytgroup.com/images/500x500sq/std.lang.all/15/99/asset-2761599.jpg",
    "content": "150ml",
    "walkRouteSequenceNumber": 14654,
    "price": {
      "basicPrice": 2.55,
      "recommendedQuantity": "1.0",
      "measurementUnitPrice": 17,
      "measurementUnit": "L",
      "isRedPrice": false,
      "pricePerUOM": 17,
      "activationDate": "22-03-2024",
      "recordSource": "Online",
      "isPromoActive": "N",
      "priceChangeCode": "E"
    },
    "isAvailable": true,
    "isPriceAvailable": true,
    "inPromo": false,
    "gtin": [
      "05412530788214",
      "05412530788221",
      "15400141998372",
      "05400141018028",
      "05410091640750",
      "05410091675752"
    ],
    "topCategoryName": "Lichaamsverzorging/Parfumerie",
    "topCategoryId": "591",
    "businessDomain": "RETAIL_BE",
    "IsPrivateLabel": false,
    "IsBiffe": false,
    "WeightconversionFactor": "0",
    "IsWeightArticle": false,
    "IsBio": false,
    "CountryOfOrigin": "DUITSLAND",
    "IsExclusivelySoldInLuxembourg": false,
    "OrderUnit": "P",
    "ShortName": "FA DEO MEN PERF/EXTR150",
    "IsNew": false,
    "RecentQuanityOfStockUnits": "2,1,1",
    "LongName": "FA MEN deo Extr.Cool/Perfect Wave 150ml",
    "AlcoholVolume": "0",
    "FicCode": "N"
  },
  {
    "productId": "858699",
    "technicalArticleNumber": "4708980",
    "commercialArticleNumber": "31696",
    "name": "inlegkruisje normal fresh",
    "description": "*Inlegkruisje 84ST\n*Normal\n*0% parfum",
    "brand": "ALWAYS",
    "seoBrand": "Always",
    "thumbNail": "https://static.colruytgroup.com/images/200x200/std.lang.all/76/94/asset-2877694.jpg",
    "fullImage": "https://static.colruytgroup.com/images/500x500/std.lang.all/76/94/asset-2877694.jpg",
    "squareImage": "https://static.colruytgroup.com/images/500x500sq/std.lang.all/76/94/asset-2877694.jpg",
    "content": "84st",
    "walkRouteSequenceNumber": 14389,
    "price": {
      "basicPrice": 5.99,
      "recommendedQuantity": "1.0",
      "measurementUnitPrice": 0.072,
      "measurementUnit": "S",
      "isRedPrice": false,
      "pricePerUOM": 0.072,
      "activationDate": "13-03-2024",
      "recordSource": "Offline",
      "isPromoActive": "N",
      "priceChangeCode": "E"
    },
    "isAvailable": true,
    "isPriceAvailable": true,
    "inPromo": true,
    "promotion": [
      {
        "techPromoId": "100869COLR",
        "promotionId": "100869",
        "promotionType": "4",
        "isPersonalized": "N",
        "publicationStartDate": "13-03-2024",
        "publicationEndDate": "26-03-2024"
      }
    ],
    "gtin": [
      "45400141628386",
      "08006540806760",
      "08006540806777"
    ],
    "topCategoryName": "Lichaamsverzorging/Parfumerie",
    "topCategoryId": "591",
    "businessDomain": "RETAIL_BE",
    "IsPrivateLabel": false,
    "IsBiffe": false,
    "WeightconversionFactor": "0",
    "IsWeightArticle": false,
    "IsBio": false,
    "CountryOfOrigin": "DUITSLAND",
    "IsExclusivelySoldInLuxembourg": false,
    "OrderUnit": "P",
    "ShortName": "ALWA ILK NORMAL 84ST",
    "IsNew": false,
    "RecentQuanityOfStockUnits": "2,1,4",
    "LongName": "ALWAYS inlegkruisje normal fresh 84st",
    "FicCode": "N"
  },
  {
    "productId": "565672",
    "technicalArticleNumber": "4207220",
    "commercialArticleNumber": "16024",
    "name": "maandverband Ultra Normal",
    "description": "*Ultra Normal (20s)\n*Normale menstruatie\n*3 in 1 bescherming\n*Zonder vleugels\n*Parfumvrij",
    "brand": "BONI",
    "seoBrand": "Boni Selection",
    "thumbNail": "https://static.colruytgroup.com/images/200x200/std.lang.all/22/35/asset-2852235.jpg",
    "fullImage": "https://static.colruytgroup.com/images/500x500/std.lang.all/22/35/asset-2852235.jpg",
    "squareImage": "https://static.colruytgroup.com/images/500x500sq/std.lang.all/22/35/asset-2852235.jpg",
    "content": "20st",
    "walkRouteSequenceNumber": 14408,
    "price": {
      "basicPrice": 0.86,
      "recommendedQuantity": "2.0",
      "measurementUnitPrice": 0.043,
      "measurementUnit": "S",
      "isRedPrice": false,
      "pricePerUOM": 0.043,
      "activationDate": "19-03-2024",
      "recordSource": "Offline",
      "isPromoActive": "N",
      "priceChangeCode": "H"
    },
    "isAvailable": true,
    "isPriceAvailable": true,
    "inPromo": false,
    "gtin": [
      "05400141600384",
      "05400141634679",
      "15400141634676",
      "25400141634673",
      "05400141343502",
      "15400141343509",
      "15400141600381",
      "55400141387983"
    ],
    "topCategoryName": "Lichaamsverzorging/Parfumerie",
    "topCategoryId": "591",
    "businessDomain": "RETAIL_BE",
    "IsPrivateLabel": true,
    "IsBiffe": false,
    "WeightconversionFactor": "0",
    "IsWeightArticle": false,
    "IsBio": false,
    "CountryOfOrigin": "BELGIË",
    "IsExclusivelySoldInLuxembourg": false,
    "OrderUnit": "P",
    "ShortName": "BONI MVB NORMAL 20ST",
    "IsNew": false,
    "RecentQuanityOfStockUnits": "2,1,12",
    "LongName": "BONI maandverband Ultra Normal 20st",
    "FicCode": "N"
  },
  {
    "productId": "13641",
    "technicalArticleNumber": "1228499",
    "commercialArticleNumber": "23139",
    "name": "deo Dermo Protector roller",
    "description": "*Deoroller\n*Dermo Protector:\n24u bescherming",
    "brand": "SANEX",
    "seoBrand": "Sanex",
    "thumbNail": "https://static.colruytgroup.com/images/200x200/std.lang.all/75/91/asset-367591.jpg",
    "fullImage": "https://static.colruytgroup.com/images/500x500/std.lang.all/75/91/asset-367591.jpg",
    "squareImage": "https://static.colruytgroup.com/images/500x500sq/std.lang.all/75/91/asset-367591.jpg",
    "content": "50ml",
    "walkRouteSequenceNumber": 14674,
    "price": {
      "basicPrice": 1.99,
      "recommendedQuantity": "1.0",
      "measurementUnitPrice": 39.8,
      "measurementUnit": "L",
      "isRedPrice": false,
      "pricePerUOM": 39.8,
      "activationDate": "06-03-2024",
      "recordSource": "Offline",
      "isPromoActive": "N",
      "priceChangeCode": "E"
    },
    "isAvailable": true,
    "isPriceAvailable": true,
    "inPromo": false,
    "gtin": [
      "05400141231397",
      "08714789765334",
      "08718951076594",
      "15400141993292",
      "48714789088516",
      "08718951610927",
      "08718951610910"
    ],
    "topCategoryName": "Lichaamsverzorging/Parfumerie",
    "topCategoryId": "591",
    "businessDomain": "RETAIL_BE",
    "IsPrivateLabel": false,
    "IsBiffe": false,
    "WeightconversionFactor": "0",
    "IsWeightArticle": false,
    "IsBio": false,
    "CountryOfOrigin": "ITALIË",
    "IsExclusivelySoldInLuxembourg": false,
    "OrderUnit": "P",
    "ShortName": "SANEX ROLON PROTECTOR50",
    "IsNew": false,
    "RecentQuanityOfStockUnits": "2,1",
    "LongName": "SANEX deo Dermo Protector roller 50ml",
    "AlcoholVolume": "0",
    "FicCode": "N"
  },
  {
    "productId": "873958",
    "technicalArticleNumber": "4728708",
    "commercialArticleNumber": "32049",
    "name": "balsem box 3l",
    "brand": "KLEENEX",
    "seoBrand": "Kleenex",
    "thumbNail": "https://static.colruytgroup.com/images/200x200/std.lang.all/96/01/asset-3349601.jpg",
    "fullImage": "https://static.colruytgroup.com/images/500x500/std.lang.all/96/01/asset-3349601.jpg",
    "squareImage": "https://static.colruytgroup.com/images/500x500sq/std.lang.all/96/01/asset-3349601.jpg",
    "content": "64st",
    "walkRouteSequenceNumber": 3902,
    "price": {
      "basicPrice": 2.29,
      "recommendedQuantity": "1.0",
      "measurementUnitPrice": 0.036,
      "measurementUnit": "S",
      "isRedPrice": false,
      "pricePerUOM": 0.036,
      "activationDate": "11-03-2024",
      "recordSource": "Offline",
      "isPromoActive": "N",
      "priceChangeCode": "E"
    },
    "isAvailable": true,
    "isPriceAvailable": true,
    "inPromo": false,
    "gtin": [
      "05029053579504",
      "05029054236598",
      "05029053579511"
    ],
    "topCategoryName": "Lichaamsverzorging/Parfumerie",
    "topCategoryId": "591",
    "businessDomain": "RETAIL_BE",
    "IsPrivateLabel": false,
    "IsBiffe": false,
    "WeightconversionFactor": "0",
    "IsWeightArticle": false,
    "IsBio": false,
    "CountryOfOrigin": "FRANKRIJK",
    "IsExclusivelySoldInLuxembourg": false,
    "OrderUnit": "P",
    "ShortName": "KLEE.BALS.BOX 3L 64ST",
    "IsNew": false,
    "RecentQuanityOfStockUnits": "1,2",
    "LongName": "KLEENEX balsem box 3l 64st",
    "FicCode": "N"
  },
  {
    "productId": "857868",
    "technicalArticleNumber": "4708045",
    "commercialArticleNumber": "31602",
    "name": "maandverb.",
    "description": "*Maandverband 9 ST\n*Nacht\n*Ultra beschermend\n*Met vleugels",
    "brand": "ALWAYS ULTRA SECURE NIGHT",
    "seoBrand": "Always Ultra Secure Night",
    "thumbNail": "https://static.colruytgroup.com/images/200x200/std.lang.all/69/97/asset-3166997.jpg",
    "fullImage": "https://static.colruytgroup.com/images/500x500/std.lang.all/69/97/asset-3166997.jpg",
    "squareImage": "https://static.colruytgroup.com/images/500x500sq/std.lang.all/69/97/asset-3166997.jpg",
    "content": "9st",
    "walkRouteSequenceNumber": 14588,
    "price": {
      "basicPrice": 2.39,
      "recommendedQuantity": "1.0",
      "measurementUnitPrice": 0.266,
      "measurementUnit": "S",
      "isRedPrice": false,
      "pricePerUOM": 0.266,
      "activationDate": "16-03-2024",
      "recordSource": "Offline",
      "isPromoActive": "N",
      "priceChangeCode": "H"
    },
    "isAvailable": true,
    "isPriceAvailable": true,
    "inPromo": true,
    "promotion": [
      {
        "techPromoId": "100869COLR",
        "promotionId": "100869",
        "promotionType": "4",
        "isPersonalized": "N",
        "publicationStartDate": "13-03-2024",
        "publicationEndDate": "26-03-2024"
      }
    ],
    "gtin": [
      "55400141628390",
      "08006540822760",
      "08006540822753"
    ],
    "topCategoryName": "Lichaamsverzorging/Parfumerie",
    "topCategoryId": "591",
    "businessDomain": "RETAIL_BE",
    "IsPrivateLabel": false,
    "IsBiffe": false,
    "WeightconversionFactor": "0",
    "IsWeightArticle": false,
    "IsBio": false,
    "CountryOfOrigin": "HONGARIJE",
    "IsExclusivelySoldInLuxembourg": false,
    "OrderUnit": "P",
    "ShortName": "ALWA MVB ULT.SEC.NIGHT9",
    "IsNew": false,
    "RecentQuanityOfStockUnits": "1,4,16",
    "LongName": "ALWAYS ULTRA SECURE NIGHT maandverb. 9st",
    "FicCode": "N"
  },
  {
    "productId": "861656",
    "technicalArticleNumber": "4713149",
    "commercialArticleNumber": "31822",
    "name": "TP Fresh mint",
    "brand": "AQUAFRESH",
    "seoBrand": "Aquafresh",
    "thumbNail": "https://static.colruytgroup.com/images/200x200/std.lang.all/41/98/asset-3284198.jpg",
    "fullImage": "https://static.colruytgroup.com/images/500x500/std.lang.all/41/98/asset-3284198.jpg",
    "squareImage": "https://static.colruytgroup.com/images/500x500sq/std.lang.all/41/98/asset-3284198.jpg",
    "content": "75ml",
    "walkRouteSequenceNumber": 14334,
    "price": {
      "basicPrice": 1.99,
      "recommendedQuantity": "1.0",
      "quantityPrice": 1.04,
      "quantityPriceQuantity": "4.0",
      "measurementUnitPrice": 26.54,
      "measurementUnitQuantityPrice": 13.87,
      "measurementUnit": "L",
      "isRedPrice": false,
      "pricePerUOM": 26.54,
      "activationDate": "23-03-2024",
      "recordSource": "Offline",
      "isPromoActive": "N",
      "priceChangeCode": "E",
      "quantityPricePerUOM": 13.87,
      "quantityActivationDate": "23-03-2024",
      "quantityPriceChangeCode": "H"
    },
    "isAvailable": true,
    "isPriceAvailable": true,
    "inPromo": false,
    "gtin": [
      "25400141620645",
      "08710464037918",
      "08710464120115"
    ],
    "topCategoryName": "Lichaamsverzorging/Parfumerie",
    "topCategoryId": "591",
    "businessDomain": "RETAIL_BE",
    "IsPrivateLabel": false,
    "IsBiffe": false,
    "WeightconversionFactor": "0",
    "IsWeightArticle": false,
    "IsBio": false,
    "CountryOfOrigin": "VERENIGD KONINKRIJK",
    "IsExclusivelySoldInLuxembourg": false,
    "OrderUnit": "P",
    "ShortName": "AQUA TP FRESH MINT 75ML",
    "IsNew": false,
    "RecentQuanityOfStockUnits": "2,1,12",
    "LongName": "AQUAFRESH TP Fresh mint 75ml",
    "FicCode": "N"
  },
  {
    "productId": "788480",
    "technicalArticleNumber": "4591899",
    "commercialArticleNumber": "28993",
    "name": "tandpasta Original",
    "description": "*Complete\nbescherming\n*Tandvlees-\nversterking\n*Antibacterieel",
    "brand": "COLGATE TOTAL",
    "seoBrand": "Colgate Total",
    "thumbNail": "https://static.colruytgroup.com/images/200x200/nl_be/42/83/asset-2824283.jpg",
    "fullImage": "https://static.colruytgroup.com/images/500x500/nl_be/42/83/asset-2824283.jpg",
    "squareImage": "https://static.colruytgroup.com/images/500x500sq/nl_be/42/83/asset-2824283.jpg",
    "content": "75ml",
    "walkRouteSequenceNumber": 14370,
    "price": {
      "basicPrice": 3.25,
      "recommendedQuantity": "1.0",
      "quantityPrice": 1.64,
      "quantityPriceQuantity": "2.0",
      "measurementUnitPrice": 43.34,
      "measurementUnitQuantityPrice": 21.87,
      "measurementUnit": "L",
      "isRedPrice": false,
      "pricePerUOM": 43.34,
      "activationDate": "23-03-2024",
      "recordSource": "Offline",
      "isPromoActive": "N",
      "priceChangeCode": "E",
      "quantityPricePerUOM": 21.87,
      "quantityActivationDate": "23-03-2024",
      "quantityPriceChangeCode": "E"
    },
    "isAvailable": true,
    "isPriceAvailable": true,
    "inPromo": false,
    "gtin": [
      "08718951507975",
      "08718951514263",
      "08718951514270"
    ],
    "topCategoryName": "Lichaamsverzorging/Parfumerie",
    "topCategoryId": "591",
    "businessDomain": "RETAIL_BE",
    "IsPrivateLabel": false,
    "IsBiffe": false,
    "WeightconversionFactor": "0",
    "IsWeightArticle": false,
    "IsBio": false,
    "CountryOfOrigin": "POLEN",
    "IsExclusivelySoldInLuxembourg": false,
    "OrderUnit": "P",
    "ShortName": "COLG TOTAL ORIGINAL 75M",
    "IsNew": false,
    "RecentQuanityOfStockUnits": "2,1",
    "LongName": "COLGATE TOTAL tandpasta Original 75ml",
    "FicCode": "N"
  },
  {
    "productId": "83212",
    "technicalArticleNumber": "2954469",
    "commercialArticleNumber": "35034",
    "name": "scheergel",
    "description": "*Scheergel\n*Verrijkt met\nvitamine E",
    "brand": "EVERYDAY",
    "seoBrand": "Everyday",
    "thumbNail": "https://static.colruytgroup.com/images/200x200/std.lang.all/75/98/asset-677598.jpg",
    "fullImage": "https://static.colruytgroup.com/images/500x500/std.lang.all/75/98/asset-677598.jpg",
    "squareImage": "https://static.colruytgroup.com/images/500x500sq/std.lang.all/75/98/asset-677598.jpg",
    "content": "200ml",
    "walkRouteSequenceNumber": 15221,
    "price": {
      "basicPrice": 1.39,
      "recommendedQuantity": "1.0",
      "measurementUnitPrice": 6.95,
      "measurementUnit": "L",
      "isRedPrice": false,
      "pricePerUOM": 6.95,
      "activationDate": "26-02-2024",
      "recordSource": "Offline",
      "isPromoActive": "N",
      "priceChangeCode": "E"
    },
    "isAvailable": true,
    "isPriceAvailable": true,
    "inPromo": false,
    "gtin": [
      "15400141496663",
      "05400141496666",
      "05400141345308",
      "15400141345305"
    ],
    "topCategoryName": "Lichaamsverzorging/Parfumerie",
    "topCategoryId": "591",
    "businessDomain": "RETAIL_BE",
    "IsPrivateLabel": true,
    "IsBiffe": false,
    "WeightconversionFactor": "0",
    "IsWeightArticle": false,
    "IsBio": false,
    "CountryOfOrigin": "FRANKRIJK",
    "IsExclusivelySoldInLuxembourg": false,
    "OrderUnit": "P",
    "ShortName": "EVD SCHEERGEL 200ML",
    "IsNew": false,
    "RecentQuanityOfStockUnits": "1,12",
    "LongName": "EVERYDAY scheergel 200ml",
    "AlcoholVolume": "0",
    "FicCode": "N"
  },
  {
    "productId": "764306",
    "technicalArticleNumber": "4545041",
    "commercialArticleNumber": "7441",
    "name": "maandverband maxi normal",
    "description": "*maxi normal",
    "brand": "BONI",
    "seoBrand": "Boni Selection",
    "thumbNail": "https://static.colruytgroup.com/images/200x200/std.lang.all/23/40/asset-2852340.jpg",
    "fullImage": "https://static.colruytgroup.com/images/500x500/std.lang.all/23/40/asset-2852340.jpg",
    "squareImage": "https://static.colruytgroup.com/images/500x500sq/std.lang.all/23/40/asset-2852340.jpg",
    "content": "28st",
    "walkRouteSequenceNumber": 14419,
    "price": {
      "basicPrice": 1.8,
      "recommendedQuantity": "1.0",
      "quantityPrice": 1.66,
      "quantityPriceQuantity": "3.0",
      "measurementUnitPrice": 0.065,
      "measurementUnitQuantityPrice": 0.06,
      "measurementUnit": "S",
      "isRedPrice": false,
      "pricePerUOM": 0.065,
      "activationDate": "20-03-2024",
      "recordSource": "Offline",
      "isPromoActive": "N",
      "priceChangeCode": "E",
      "quantityPricePerUOM": 0.06,
      "quantityActivationDate": "20-03-2024",
      "quantityPriceChangeCode": "H"
    },
    "isAvailable": true,
    "isPriceAvailable": true,
    "inPromo": false,
    "gtin": [
      "15400141792925",
      "05400141792928"
    ],
    "topCategoryName": "Lichaamsverzorging/Parfumerie",
    "topCategoryId": "591",
    "businessDomain": "RETAIL_BE",
    "IsPrivateLabel": true,
    "IsBiffe": false,
    "WeightconversionFactor": "0",
    "IsWeightArticle": false,
    "IsBio": false,
    "CountryOfOrigin": "TSJECHIË (REPUBLIEK)",
    "IsExclusivelySoldInLuxembourg": false,
    "OrderUnit": "P",
    "ShortName": "BONI MVB MAXI NORMAL28S",
    "IsNew": false,
    "RecentQuanityOfStockUnits": "1,10",
    "LongName": "BONI maandverband maxi normal 28st",
    "FicCode": "N"
  },
  {
    "productId": "609076",
    "technicalArticleNumber": "4280987",
    "commercialArticleNumber": "11819",
    "name": "shampoo normaal/vet",
    "description": "*Boni shampoo 250ml\n*Assortiment van:\n-Appel: Normaal haar\n-Citrus:Normaal tot\nvet haar",
    "brand": "BONI",
    "seoBrand": "Boni Selection",
    "thumbNail": "https://static.colruytgroup.com/images/200x200/std.lang.all/46/54/asset-2384654.jpg",
    "fullImage": "https://static.colruytgroup.com/images/500x500/std.lang.all/46/54/asset-2384654.jpg",
    "squareImage": "https://static.colruytgroup.com/images/500x500sq/std.lang.all/46/54/asset-2384654.jpg",
    "content": "250ml",
    "walkRouteSequenceNumber": 14806,
    "price": {
      "basicPrice": 1.29,
      "recommendedQuantity": "1.0",
      "measurementUnitPrice": 5.16,
      "measurementUnit": "L",
      "isRedPrice": false,
      "pricePerUOM": 5.16,
      "activationDate": "04-03-2024",
      "recordSource": "Offline",
      "isPromoActive": "N",
      "priceChangeCode": "E"
    },
    "isAvailable": true,
    "isPriceAvailable": true,
    "inPromo": false,
    "gtin": [
      "15400141413714",
      "15400141413738",
      "05400141413717",
      "05400141413731",
      "35400141413732"
    ],
    "topCategoryName": "Lichaamsverzorging/Parfumerie",
    "topCategoryId": "591",
    "businessDomain": "RETAIL_BE",
    "IsPrivateLabel": true,
    "IsBiffe": false,
    "WeightconversionFactor": "0",
    "IsWeightArticle": false,
    "IsBio": false,
    "CountryOfOrigin": "BELGIË",
    "IsExclusivelySoldInLuxembourg": false,
    "OrderUnit": "P",
    "ShortName": "BONI SH NORM/VET 250ML",
    "IsNew": false,
    "RecentQuanityOfStockUnits": "1,1",
    "LongName": "BONI shampoo normaal/vet 250ml",
    "FicCode": "N"
  },
  {
    "productId": "840154",
    "technicalArticleNumber": "4684091",
    "commercialArticleNumber": "9740",
    "name": "tandpasta com.prot.white",
    "description": "*Versterkt het\ntandvlees\n*Herbal Fresh\n-Bergamot & Munt",
    "brand": "PARODONTAX",
    "seoBrand": "Parodontax",
    "thumbNail": "https://static.colruytgroup.com/images/200x200/std.lang.all/17/99/asset-3021799.jpg",
    "fullImage": "https://static.colruytgroup.com/images/500x500/std.lang.all/17/99/asset-3021799.jpg",
    "squareImage": "https://static.colruytgroup.com/images/500x500sq/std.lang.all/17/99/asset-3021799.jpg",
    "content": "75ml",
    "walkRouteSequenceNumber": 14353,
    "price": {
      "basicPrice": 4.89,
      "recommendedQuantity": "1.0",
      "measurementUnitPrice": 65.2,
      "measurementUnit": "L",
      "isRedPrice": false,
      "pricePerUOM": 65.2,
      "activationDate": "20-03-2024",
      "recordSource": "Offline",
      "isPromoActive": "N",
      "priceChangeCode": "L"
    },
    "isAvailable": true,
    "isPriceAvailable": true,
    "inPromo": false,
    "gtin": [
      "05054563949325",
      "15054563949346",
      "25400141454899"
    ],
    "topCategoryName": "Lichaamsverzorging/Parfumerie",
    "topCategoryId": "591",
    "businessDomain": "RETAIL_BE",
    "IsPrivateLabel": false,
    "IsBiffe": false,
    "WeightconversionFactor": "0",
    "IsWeightArticle": false,
    "IsBio": false,
    "CountryOfOrigin": "SLOWAKIJE",
    "IsExclusivelySoldInLuxembourg": false,
    "OrderUnit": "P",
    "ShortName": "PARO.TP.COM.PROT.WH75ML",
    "IsNew": false,
    "RecentQuanityOfStockUnits": "1,2",
    "LongName": "PARODONTAX tandpasta com.prot.white 75ml",
    "FicCode": "N"
  },
  {
    "productId": "721958",
    "technicalArticleNumber": "4473347",
    "commercialArticleNumber": "27537",
    "name": "Discr. inco.verband Extra+",
    "description": "*Voor urineverlies\n*Medisch hulpmiddel",
    "brand": "BONI",
    "seoBrand": "Boni Selection",
    "thumbNail": "https://static.colruytgroup.com/images/200x200/std.lang.all/95/96/asset-2619596.jpg",
    "fullImage": "https://static.colruytgroup.com/images/500x500/std.lang.all/95/96/asset-2619596.jpg",
    "squareImage": "https://static.colruytgroup.com/images/500x500sq/std.lang.all/95/96/asset-2619596.jpg",
    "content": "10st",
    "walkRouteSequenceNumber": 14256,
    "price": {
      "basicPrice": 2.48,
      "recommendedQuantity": "1.0",
      "measurementUnitPrice": 0.248,
      "measurementUnit": "S",
      "isRedPrice": false,
      "pricePerUOM": 0.248,
      "activationDate": "12-02-2024",
      "recordSource": "Offline",
      "isPromoActive": "N",
      "priceChangeCode": "H"
    },
    "isAvailable": true,
    "isPriceAvailable": true,
    "inPromo": false,
    "gtin": [
      "05400141445121",
      "15400141445128"
    ],
    "topCategoryName": "Lichaamsverzorging/Parfumerie",
    "topCategoryId": "591",
    "businessDomain": "RETAIL_BE",
    "IsPrivateLabel": true,
    "IsBiffe": false,
    "WeightconversionFactor": "0",
    "IsWeightArticle": false,
    "IsBio": false,
    "CountryOfOrigin": "DUITSLAND",
    "IsExclusivelySoldInLuxembourg": false,
    "OrderUnit": "P",
    "ShortName": "BONI INCO VERB.EXT.PL10",
    "IsNew": false,
    "RecentQuanityOfStockUnits": "1,6",
    "LongName": "BONI Discr. inco.verband Extra+ 10st",
    "AlcoholVolume": "0",
    "FicCode": "N"
  },
  {
    "productId": "858679",
    "technicalArticleNumber": "4708958",
    "commercialArticleNumber": "31681",
    "name": "inlegkruisje protect larg0%",
    "description": "*Inlegkruisjes 68ST\n*Lang\n*0% parfum",
    "brand": "ALWAYS",
    "seoBrand": "Always",
    "thumbNail": "https://ecgproductmw.colruytgroup.com/ecgproductmw/noPicForArticle_2.jpg",
    "fullImage": "https://ecgproductmw.colruytgroup.com/ecgproductmw/noPicForArticle_5.jpg",
    "squareImage": "https://ecgproductmw.colruytgroup.com/ecgproductmw/noPicForArticle_5.jpg",
    "content": "68st",
    "walkRouteSequenceNumber": 14395,
    "price": {
      "basicPrice": 5.39,
      "recommendedQuantity": "1.0",
      "measurementUnitPrice": 0.08,
      "measurementUnit": "S",
      "isRedPrice": false,
      "pricePerUOM": 0.08,
      "activationDate": "13-03-2024",
      "recordSource": "Offline",
      "isPromoActive": "N",
      "priceChangeCode": "E"
    },
    "isAvailable": true,
    "isPriceAvailable": true,
    "inPromo": true,
    "promotion": [
      {
        "techPromoId": "100869COLR",
        "promotionId": "100869",
        "promotionType": "4",
        "isPersonalized": "N",
        "publicationStartDate": "13-03-2024",
        "publicationEndDate": "26-03-2024"
      }
    ],
    "gtin": [
      "65400141628380",
      "08006540806357",
      "08006540806364"
    ],
    "topCategoryName": "Lichaamsverzorging/Parfumerie",
    "topCategoryId": "591",
    "businessDomain": "RETAIL_BE",
    "IsPrivateLabel": false,
    "IsBiffe": false,
    "WeightconversionFactor": "0",
    "IsWeightArticle": false,
    "IsBio": false,
    "CountryOfOrigin": "DUITSLAND",
    "IsExclusivelySoldInLuxembourg": false,
    "OrderUnit": "P",
    "ShortName": "ALWA ILK PROTECT LARG68",
    "IsNew": false,
    "RecentQuanityOfStockUnits": "1,2",
    "LongName": "ALWAYS inlegkruisje protect larg0% 68st",
    "FicCode": "N"
  },
  {
    "productId": "162643",
    "technicalArticleNumber": "3250130",
    "commercialArticleNumber": "9429",
    "name": "Discr. inco.verband Extra",
    "description": "*Verband Extra (12s)\n*Matig urineverlies\n*Zachte bovenlaag\n*Odour Control\n*Discreet beschermd",
    "brand": "BONI",
    "seoBrand": "Boni Selection",
    "thumbNail": "https://static.colruytgroup.com/images/200x200/std.lang.all/13/35/asset-3131335.jpg",
    "fullImage": "https://static.colruytgroup.com/images/500x500/std.lang.all/13/35/asset-3131335.jpg",
    "squareImage": "https://static.colruytgroup.com/images/500x500sq/std.lang.all/13/35/asset-3131335.jpg",
    "content": "12st",
    "walkRouteSequenceNumber": 14257,
    "price": {
      "basicPrice": 2.26,
      "recommendedQuantity": "1.0",
      "measurementUnitPrice": 0.189,
      "measurementUnit": "S",
      "isRedPrice": false,
      "pricePerUOM": 0.189,
      "activationDate": "22-03-2024",
      "recordSource": "Offline",
      "isPromoActive": "N",
      "priceChangeCode": "L"
    },
    "isAvailable": true,
    "isPriceAvailable": true,
    "inPromo": false,
    "gtin": [
      "15400141951407",
      "05400141951400",
      "05400141094299",
      "05400141189650",
      "15400141189657"
    ],
    "topCategoryName": "Lichaamsverzorging/Parfumerie",
    "topCategoryId": "591",
    "businessDomain": "RETAIL_BE",
    "IsPrivateLabel": true,
    "IsBiffe": false,
    "WeightconversionFactor": "0",
    "IsWeightArticle": false,
    "IsBio": false,
    "CountryOfOrigin": "DUITSLAND",
    "IsExclusivelySoldInLuxembourg": false,
    "OrderUnit": "P",
    "ShortName": "BONI INCO VB EXTRA 12.",
    "IsNew": false,
    "RecentQuanityOfStockUnits": "6,1",
    "LongName": "BONI Discr. inco.verband Extra 12st",
    "AlcoholVolume": "0",
    "FicCode": "N"
  },
  {
    "productId": "956358",
    "technicalArticleNumber": "4772046",
    "commercialArticleNumber": "32939",
    "name": "Mondwater Fresh Mint",
    "description": "*Mondwater\n*Fresh mint",
    "brand": "RIDENT",
    "seoBrand": "Rident",
    "thumbNail": "https://ecgproductmw.colruytgroup.com/ecgproductmw/noPicForArticle_2.jpg",
    "fullImage": "https://ecgproductmw.colruytgroup.com/ecgproductmw/noPicForArticle_5.jpg",
    "squareImage": "https://ecgproductmw.colruytgroup.com/ecgproductmw/noPicForArticle_5.jpg",
    "content": "500ml",
    "walkRouteSequenceNumber": 14463,
    "price": {
      "basicPrice": 1.49,
      "recommendedQuantity": "1.0",
      "measurementUnitPrice": 2.98,
      "measurementUnit": "L",
      "isRedPrice": false,
      "pricePerUOM": 2.98,
      "activationDate": "08-03-2024",
      "isPromoActive": "N",
      "priceChangeCode": "H"
    },
    "isAvailable": true,
    "isPriceAvailable": true,
    "inPromo": false,
    "gtin": [
      "08711341401907",
      "08711341401891"
    ],
    "topCategoryName": "Lichaamsverzorging/Parfumerie",
    "topCategoryId": "591",
    "businessDomain": "RETAIL_BE",
    "IsPrivateLabel": false,
    "IsBiffe": false,
    "WeightconversionFactor": "0",
    "IsWeightArticle": false,
    "IsBio": false,
    "CountryOfOrigin": "NEDERLAND",
    "IsExclusivelySoldInLuxembourg": false,
    "OrderUnit": "P",
    "ShortName": "RIDE MONDW.FRSH MINT500",
    "IsNew": false,
    "RecentQuanityOfStockUnits": "1,6",
    "LongName": "RIDENT Mondwater Fresh Mint 500ml",
    "FicCode": "N"
  },
  {
    "productId": "819505",
    "technicalArticleNumber": "4651695",
    "commercialArticleNumber": "6081",
    "name": "shampoo linde/5planten",
    "description": "*Shampoo\n*Assorti:\n-Parel\n-5 planten",
    "brand": "ULTRA DOUX",
    "seoBrand": "Ultra Doux",
    "thumbNail": "https://static.colruytgroup.com/images/200x200/std.lang.all/92/03/asset-2999203.jpg",
    "fullImage": "https://static.colruytgroup.com/images/500x500/std.lang.all/92/03/asset-2999203.jpg",
    "squareImage": "https://static.colruytgroup.com/images/500x500sq/std.lang.all/92/03/asset-2999203.jpg",
    "content": "250ml",
    "walkRouteSequenceNumber": 15095,
    "price": {
      "basicPrice": 3.49,
      "recommendedQuantity": "1.0",
      "quantityPrice": 2.33,
      "quantityPriceQuantity": "3.0",
      "measurementUnitPrice": 13.96,
      "measurementUnitQuantityPrice": 9.32,
      "measurementUnit": "L",
      "isRedPrice": false,
      "pricePerUOM": 13.96,
      "activationDate": "19-03-2024",
      "recordSource": "Offline",
      "isPromoActive": "N",
      "priceChangeCode": "E",
      "quantityPricePerUOM": 9.32,
      "quantityActivationDate": "19-03-2024",
      "quantityPriceChangeCode": "H"
    },
    "isAvailable": true,
    "isPriceAvailable": true,
    "inPromo": false,
    "gtin": [
      "03600542460187",
      "03600542460569",
      "05410103136264",
      "05410103136301"
    ],
    "topCategoryName": "Lichaamsverzorging/Parfumerie",
    "topCategoryId": "591",
    "businessDomain": "RETAIL_BE",
    "IsPrivateLabel": false,
    "IsBiffe": false,
    "WeightconversionFactor": "0",
    "IsWeightArticle": false,
    "IsBio": false,
    "CountryOfOrigin": "POLEN",
    "IsExclusivelySoldInLuxembourg": false,
    "OrderUnit": "P",
    "ShortName": "ULTD 5 PL/LINDE 250",
    "IsNew": false,
    "RecentQuanityOfStockUnits": "1,2,2,1",
    "LongName": "ULTRA DOUX shampoo linde/5planten 250ml",
    "FicCode": "N"
  },
  {
    "productId": "201509",
    "technicalArticleNumber": "3441210",
    "commercialArticleNumber": "23232",
    "name": "Long inlegkruisjes",
    "description": "*Inlegkruisjes (20s)\n*licht urineverlies\n*Zacht voor de huid\n*3 mm dun\n*Parfumvrij",
    "brand": "TENA",
    "seoBrand": "Tena",
    "thumbNail": "https://static.colruytgroup.com/images/200x200/std.lang.all/77/84/asset-3137784.jpg",
    "fullImage": "https://static.colruytgroup.com/images/500x500/std.lang.all/77/84/asset-3137784.jpg",
    "squareImage": "https://static.colruytgroup.com/images/500x500sq/std.lang.all/77/84/asset-3137784.jpg",
    "content": "20st",
    "walkRouteSequenceNumber": 14267,
    "price": {
      "basicPrice": 2.19,
      "recommendedQuantity": "1.0",
      "measurementUnitPrice": 0.11,
      "measurementUnit": "S",
      "isRedPrice": false,
      "pricePerUOM": 0.11,
      "activationDate": "11-03-2024",
      "recordSource": "Offline",
      "isPromoActive": "N",
      "priceChangeCode": "E"
    },
    "isAvailable": true,
    "isPriceAvailable": true,
    "inPromo": true,
    "promotion": [
      {
        "techPromoId": "100838COLR",
        "promotionId": "100838",
        "promotionType": "3",
        "isPersonalized": "N",
        "publicationStartDate": "13-03-2024",
        "publicationEndDate": "26-03-2024"
      }
    ],
    "gtin": [
      "07322540588163",
      "07322540588156"
    ],
    "topCategoryName": "Lichaamsverzorging/Parfumerie",
    "topCategoryId": "591",
    "businessDomain": "RETAIL_BE",
    "IsPrivateLabel": false,
    "IsBiffe": false,
    "WeightconversionFactor": "0",
    "IsWeightArticle": false,
    "IsBio": false,
    "CountryOfOrigin": "SLOWAKIJE",
    "IsExclusivelySoldInLuxembourg": false,
    "OrderUnit": "P",
    "ShortName": "TENA INL.LONG 20ST",
    "IsNew": false,
    "RecentQuanityOfStockUnits": "1,6",
    "LongName": "TENA Long inlegkruisjes 20st",
    "AlcoholVolume": "0",
    "FicCode": "N"
  },
  {
    "productId": "225910",
    "technicalArticleNumber": "3574282",
    "commercialArticleNumber": "12067",
    "name": "scheerschuim verzor/sen.",
    "description": "*Scheerschuim\n*2 parfums:\n-Vochtinbrengend\n-Sensitive",
    "brand": "NIVEA MEN",
    "seoBrand": "Nivea",
    "thumbNail": "https://static.colruytgroup.com/images/200x200/std.lang.all/63/76/asset-1026376.jpg",
    "fullImage": "https://static.colruytgroup.com/images/500x500/std.lang.all/63/76/asset-1026376.jpg",
    "squareImage": "https://static.colruytgroup.com/images/500x500sq/std.lang.all/63/76/asset-1026376.jpg",
    "content": "250ml",
    "walkRouteSequenceNumber": 15213,
    "price": {
      "basicPrice": 4.11,
      "recommendedQuantity": "1.0",
      "quantityPrice": 2.66,
      "quantityPriceQuantity": "2.0",
      "measurementUnitPrice": 16.44,
      "measurementUnitQuantityPrice": 10.64,
      "measurementUnit": "L",
      "isRedPrice": false,
      "pricePerUOM": 16.44,
      "activationDate": "13-03-2024",
      "recordSource": "Offline",
      "isPromoActive": "N",
      "priceChangeCode": "E",
      "quantityPricePerUOM": 10.64,
      "quantityActivationDate": "13-03-2024",
      "quantityPriceChangeCode": "L"
    },
    "isAvailable": true,
    "isPriceAvailable": true,
    "inPromo": false,
    "gtin": [
      "04005900351869",
      "05400141463460",
      "04005900351852",
      "04005900351838",
      "04005900269188",
      "04005900269164"
    ],
    "topCategoryName": "Lichaamsverzorging/Parfumerie",
    "topCategoryId": "591",
    "businessDomain": "RETAIL_BE",
    "IsPrivateLabel": false,
    "IsBiffe": false,
    "WeightconversionFactor": "0",
    "IsWeightArticle": false,
    "IsBio": false,
    "CountryOfOrigin": "DUITSLAND",
    "IsExclusivelySoldInLuxembourg": false,
    "OrderUnit": "P",
    "ShortName": "NIV.SCH.SCHUIM ASS 250M",
    "IsNew": false,
    "RecentQuanityOfStockUnits": "2,1,1",
    "LongName": "NIVEA MEN scheerschuim verzor/sen. 250ml",
    "AlcoholVolume": "0",
    "FicCode": "N"
  },
  {
    "productId": "29688",
    "technicalArticleNumber": "1903626",
    "commercialArticleNumber": "35155",
    "name": "scheergel pr.care/cool",
    "description": "*Scheergel\n*Assortiment\n-Protect & Care\n-Sensitive Cool",
    "brand": "NIVEA MEN",
    "seoBrand": "Nivea",
    "thumbNail": "https://static.colruytgroup.com/images/200x200/std.lang.all/92/40/asset-2809240.jpg",
    "fullImage": "https://static.colruytgroup.com/images/500x500/std.lang.all/92/40/asset-2809240.jpg",
    "squareImage": "https://static.colruytgroup.com/images/500x500sq/std.lang.all/92/40/asset-2809240.jpg",
    "content": "200ml",
    "walkRouteSequenceNumber": 15214,
    "price": {
      "basicPrice": 3.75,
      "recommendedQuantity": "1.0",
      "quantityPrice": 2.25,
      "quantityPriceQuantity": "3.0",
      "measurementUnitPrice": 18.75,
      "measurementUnitQuantityPrice": 11.25,
      "measurementUnit": "L",
      "isRedPrice": false,
      "pricePerUOM": 18.75,
      "activationDate": "23-03-2024",
      "recordSource": "Offline",
      "isPromoActive": "N",
      "priceChangeCode": "E",
      "quantityPricePerUOM": 11.25,
      "quantityActivationDate": "23-03-2024",
      "quantityPriceChangeCode": "E"
    },
    "isAvailable": true,
    "isPriceAvailable": true,
    "inPromo": false,
    "gtin": [
      "04005900080400",
      "04005808223046",
      "04005808223039",
      "04005808186143",
      "04005900080417",
      "04005900080424"
    ],
    "topCategoryName": "Lichaamsverzorging/Parfumerie",
    "topCategoryId": "591",
    "businessDomain": "RETAIL_BE",
    "IsPrivateLabel": false,
    "IsBiffe": false,
    "WeightconversionFactor": "0",
    "IsWeightArticle": false,
    "IsBio": false,
    "CountryOfOrigin": "POLEN",
    "IsExclusivelySoldInLuxembourg": false,
    "OrderUnit": "P",
    "ShortName": "NIVE.SCHG.HYD/COOLIN200",
    "IsNew": false,
    "RecentQuanityOfStockUnits": "1,1",
    "LongName": "NIVEA MEN scheergel pr.care/cool 200ml",
    "AlcoholVolume": "0",
    "FicCode": "N"
  },
  {
    "productId": "855642",
    "technicalArticleNumber": "4704993",
    "commercialArticleNumber": "31362",
    "name": "tandpasta maxwhite",
    "description": "*Whitening tandpasta\n*10x langer fris\n*Whitening\nkristallen\n*Recycleerbare tube",
    "brand": "COLGATE",
    "seoBrand": "Colgate",
    "thumbNail": "https://static.colruytgroup.com/images/200x200/std.lang.all/61/77/asset-3276177.jpg",
    "fullImage": "https://static.colruytgroup.com/images/500x500/std.lang.all/61/77/asset-3276177.jpg",
    "squareImage": "https://static.colruytgroup.com/images/500x500sq/std.lang.all/61/77/asset-3276177.jpg",
    "content": "75ml",
    "walkRouteSequenceNumber": 14374,
    "price": {
      "basicPrice": 2.99,
      "recommendedQuantity": "1.0",
      "measurementUnitPrice": 39.87,
      "measurementUnit": "L",
      "isRedPrice": false,
      "pricePerUOM": 39.87,
      "activationDate": "28-02-2024",
      "recordSource": "Offline",
      "isPromoActive": "N",
      "priceChangeCode": "E"
    },
    "isAvailable": true,
    "isPriceAvailable": true,
    "inPromo": false,
    "gtin": [
      "08718951571358",
      "08718951553828",
      "08718951571341"
    ],
    "topCategoryName": "Lichaamsverzorging/Parfumerie",
    "topCategoryId": "591",
    "businessDomain": "RETAIL_BE",
    "IsPrivateLabel": false,
    "IsBiffe": false,
    "WeightconversionFactor": "0",
    "IsWeightArticle": false,
    "IsBio": false,
    "CountryOfOrigin": "POLEN",
    "IsExclusivelySoldInLuxembourg": false,
    "OrderUnit": "P",
    "ShortName": "COLG TP MAXWHITE 75ML",
    "IsNew": false,
    "RecentQuanityOfStockUnits": "2,1",
    "LongName": "COLGATE tandpasta maxwhite 75ml",
    "AlcoholVolume": "0",
    "FicCode": "N"
  },
  {
    "productId": "448850",
    "technicalArticleNumber": "4031748",
    "commercialArticleNumber": "5700",
    "name": "douchegel apollo",
    "description": "*Man douchegel\n*Aantrekkelijke geur\n*Nieuwe formula\n*12u lang fris\n*Saliegeur",
    "brand": "AXE",
    "seoBrand": "Axe",
    "thumbNail": "https://static.colruytgroup.com/images/200x200/std.lang.all/60/83/asset-1796083.jpg",
    "fullImage": "https://static.colruytgroup.com/images/500x500/std.lang.all/60/83/asset-1796083.jpg",
    "squareImage": "https://static.colruytgroup.com/images/500x500sq/std.lang.all/60/83/asset-1796083.jpg",
    "content": "400ml",
    "walkRouteSequenceNumber": 14447,
    "price": {
      "basicPrice": 4.66,
      "recommendedQuantity": "1.0",
      "quantityPrice": 3.48,
      "quantityPriceQuantity": "2.0",
      "measurementUnitPrice": 11.65,
      "measurementUnitQuantityPrice": 8.7,
      "measurementUnit": "L",
      "isRedPrice": false,
      "pricePerUOM": 11.65,
      "activationDate": "23-03-2024",
      "recordSource": "Folder",
      "isPromoActive": "N",
      "priceChangeCode": "E",
      "quantityPricePerUOM": 8.7,
      "quantityActivationDate": "23-03-2024",
      "quantityPriceChangeCode": "E"
    },
    "isAvailable": true,
    "isPriceAvailable": true,
    "inPromo": true,
    "promotion": [
      {
        "techPromoId": "100896COLR",
        "promotionId": "100896",
        "promotionType": "4",
        "isPersonalized": "N",
        "publicationStartDate": "13-03-2024",
        "publicationEndDate": "26-03-2024"
      }
    ],
    "gtin": [
      "08711700796712",
      "08711700796729",
      "15400141283591",
      "08711700796736"
    ],
    "topCategoryName": "Lichaamsverzorging/Parfumerie",
    "topCategoryId": "591",
    "businessDomain": "RETAIL_BE",
    "IsPrivateLabel": false,
    "IsBiffe": false,
    "WeightconversionFactor": "0",
    "IsWeightArticle": false,
    "IsBio": false,
    "CountryOfOrigin": "BELGIË",
    "IsExclusivelySoldInLuxembourg": false,
    "OrderUnit": "P",
    "ShortName": "AXE DCH APOLLO 400ML",
    "InSeason": true,
    "IsNew": false,
    "RecentQuanityOfStockUnits": "2,1,6,12",
    "LongName": "AXE douchegel apollo 400ml",
    "StartSeasonDate": "26/03/2019",
    "FicCode": "N"
  },
  {
    "productId": "50076",
    "technicalArticleNumber": "2469712",
    "commercialArticleNumber": "38248",
    "name": "deospray Mystic",
    "description": "*Fa deo Mystic\nMoments\n-geur van\npassiebloem\n*Vegan - 48u",
    "brand": "FA",
    "seoBrand": "Fa",
    "thumbNail": "https://static.colruytgroup.com/images/200x200/std.lang.all/91/28/asset-2839128.jpg",
    "fullImage": "https://static.colruytgroup.com/images/500x500/std.lang.all/91/28/asset-2839128.jpg",
    "squareImage": "https://static.colruytgroup.com/images/500x500sq/std.lang.all/91/28/asset-2839128.jpg",
    "content": "150ml",
    "walkRouteSequenceNumber": 14754,
    "price": {
      "basicPrice": 2.79,
      "recommendedQuantity": "1.0",
      "quantityPrice": 1.39,
      "quantityPriceQuantity": "2.0",
      "measurementUnitPrice": 18.6,
      "measurementUnitQuantityPrice": 9.27,
      "measurementUnit": "L",
      "isRedPrice": false,
      "pricePerUOM": 18.6,
      "activationDate": "23-03-2024",
      "recordSource": "Offline",
      "isPromoActive": "N",
      "priceChangeCode": "E",
      "quantityPricePerUOM": 9.27,
      "quantityActivationDate": "23-03-2024",
      "quantityPriceChangeCode": "E"
    },
    "isAvailable": true,
    "isPriceAvailable": true,
    "inPromo": false,
    "gtin": [
      "05412530729972",
      "05412530773586",
      "05412530774569",
      "05412530833945",
      "05400141655865",
      "05410091662424",
      "05410091719760"
    ],
    "topCategoryName": "Lichaamsverzorging/Parfumerie",
    "topCategoryId": "591",
    "businessDomain": "RETAIL_BE",
    "IsPrivateLabel": false,
    "IsBiffe": false,
    "WeightconversionFactor": "0",
    "IsWeightArticle": false,
    "IsBio": false,
    "CountryOfOrigin": "DUITSLAND",
    "IsExclusivelySoldInLuxembourg": false,
    "OrderUnit": "P",
    "ShortName": "FA DEO MYSTIC 150",
    "IsNew": false,
    "RecentQuanityOfStockUnits": "1,2",
    "LongName": "FA deospray Mystic 150ml",
    "AlcoholVolume": "0",
    "FicCode": "N"
  },
  {
    "productId": "13639",
    "technicalArticleNumber": "1228488",
    "commercialArticleNumber": "23147",
    "name": "deo Dermo Sensitive roller",
    "description": "*Deoroller\n*Dermo Sensitive:\n24u bescherming",
    "brand": "SANEX",
    "seoBrand": "Sanex",
    "thumbNail": "https://static.colruytgroup.com/images/200x200/std.lang.all/75/95/asset-367595.jpg",
    "fullImage": "https://static.colruytgroup.com/images/500x500/std.lang.all/75/95/asset-367595.jpg",
    "squareImage": "https://static.colruytgroup.com/images/500x500sq/std.lang.all/75/95/asset-367595.jpg",
    "content": "50ml",
    "walkRouteSequenceNumber": 14673,
    "price": {
      "basicPrice": 2.49,
      "recommendedQuantity": "1.0",
      "measurementUnitPrice": 49.8,
      "measurementUnit": "L",
      "isRedPrice": false,
      "pricePerUOM": 49.8,
      "activationDate": "20-03-2024",
      "recordSource": "Offline",
      "isPromoActive": "N",
      "priceChangeCode": "L"
    },
    "isAvailable": true,
    "isPriceAvailable": true,
    "inPromo": false,
    "gtin": [
      "48714789088523",
      "05400141231472",
      "08710402359256",
      "08714789762906",
      "08718951076570",
      "08718951563391",
      "08718951563384"
    ],
    "topCategoryName": "Lichaamsverzorging/Parfumerie",
    "topCategoryId": "591",
    "businessDomain": "RETAIL_BE",
    "IsPrivateLabel": false,
    "IsBiffe": false,
    "WeightconversionFactor": "0",
    "IsWeightArticle": false,
    "IsBio": false,
    "CountryOfOrigin": "ITALIË",
    "IsExclusivelySoldInLuxembourg": false,
    "OrderUnit": "P",
    "ShortName": "SANEX ROLL DERMOSENS.50",
    "IsNew": false,
    "RecentQuanityOfStockUnits": "1,1,2",
    "LongName": "SANEX deo Dermo Sensitive roller 50ml",
    "AlcoholVolume": "0",
    "FicCode": "N"
  },
  {
    "productId": "780965",
    "technicalArticleNumber": "4577105",
    "commercialArticleNumber": "28817",
    "name": "maandverband night",
    "brand": "ALWAYS MAXI",
    "seoBrand": "Always Maxi",
    "thumbNail": "https://static.colruytgroup.com/images/200x200/std.lang.all/34/45/asset-2843445.jpg",
    "fullImage": "https://static.colruytgroup.com/images/500x500/std.lang.all/34/45/asset-2843445.jpg",
    "squareImage": "https://static.colruytgroup.com/images/500x500sq/std.lang.all/34/45/asset-2843445.jpg",
    "content": "16st",
    "walkRouteSequenceNumber": 14571,
    "price": {
      "basicPrice": 3.89,
      "recommendedQuantity": "2.0",
      "quantityPrice": 2.59,
      "quantityPriceQuantity": "3.0",
      "measurementUnitPrice": 0.244,
      "measurementUnitQuantityPrice": 0.162,
      "measurementUnit": "S",
      "isRedPrice": false,
      "pricePerUOM": 0.244,
      "activationDate": "12-03-2024",
      "recordSource": "Offline",
      "isPromoActive": "N",
      "priceChangeCode": "E",
      "quantityPricePerUOM": 0.162,
      "quantityActivationDate": "12-03-2024",
      "quantityPriceChangeCode": "L"
    },
    "isAvailable": true,
    "isPriceAvailable": true,
    "inPromo": false,
    "gtin": [
      "08006540584316",
      "08006540480458",
      "25400141595530"
    ],
    "topCategoryName": "Lichaamsverzorging/Parfumerie",
    "topCategoryId": "591",
    "businessDomain": "RETAIL_BE",
    "IsPrivateLabel": false,
    "IsBiffe": false,
    "WeightconversionFactor": "0",
    "IsWeightArticle": false,
    "IsBio": false,
    "CountryOfOrigin": "SPANJE",
    "IsExclusivelySoldInLuxembourg": false,
    "OrderUnit": "P",
    "ShortName": "ALWA MAXI MVB NIGHT16ST",
    "IsNew": false,
    "RecentQuanityOfStockUnits": "2,1",
    "LongName": "ALWAYS MAXI maandverband night 16st",
    "FicCode": "N"
  },
  {
    "productId": "116374",
    "technicalArticleNumber": "3011835",
    "commercialArticleNumber": "4425",
    "name": "deo Men fris gevoel",
    "description": "*Bodyspray\n*Fris gevoel,\nvoor mannen",
    "brand": "BONI",
    "seoBrand": "Boni Selection",
    "thumbNail": "https://static.colruytgroup.com/images/200x200/std.lang.all/42/77/asset-1604277.jpg",
    "fullImage": "https://static.colruytgroup.com/images/500x500/std.lang.all/42/77/asset-1604277.jpg",
    "squareImage": "https://static.colruytgroup.com/images/500x500sq/std.lang.all/42/77/asset-1604277.jpg",
    "content": "150ml",
    "walkRouteSequenceNumber": 14651,
    "price": {
      "basicPrice": 1.19,
      "recommendedQuantity": "1.0",
      "measurementUnitPrice": 7.94,
      "measurementUnit": "L",
      "isRedPrice": false,
      "pricePerUOM": 7.94,
      "activationDate": "04-03-2024",
      "recordSource": "Offline",
      "isPromoActive": "N",
      "priceChangeCode": "E"
    },
    "isAvailable": true,
    "isPriceAvailable": true,
    "inPromo": false,
    "gtin": [
      "05400141411799",
      "15400141233008",
      "05400141044256",
      "05400141233001"
    ],
    "topCategoryName": "Lichaamsverzorging/Parfumerie",
    "topCategoryId": "591",
    "businessDomain": "RETAIL_BE",
    "IsPrivateLabel": true,
    "IsBiffe": false,
    "WeightconversionFactor": "0",
    "IsWeightArticle": false,
    "IsBio": false,
    "CountryOfOrigin": "BELGIË",
    "IsExclusivelySoldInLuxembourg": false,
    "OrderUnit": "P",
    "ShortName": "BONI MEN DEOSPRAY 150ML",
    "IsNew": false,
    "RecentQuanityOfStockUnits": "12,1",
    "LongName": "BONI deo Men fris gevoel 150ml",
    "AlcoholVolume": "0",
    "FicCode": "N"
  },
  {
    "productId": "860300",
    "technicalArticleNumber": "4711047",
    "commercialArticleNumber": "7473",
    "name": "invisible dry",
    "description": "*Anti-transpiranten\n*Parfum:\n-Invisible Dry",
    "brand": "DOVE",
    "seoBrand": "Dove Men+Care",
    "thumbNail": "https://static.colruytgroup.com/images/200x200/std.lang.all/13/01/asset-3241301.jpg",
    "fullImage": "https://static.colruytgroup.com/images/500x500/std.lang.all/13/01/asset-3241301.jpg",
    "squareImage": "https://static.colruytgroup.com/images/500x500sq/std.lang.all/13/01/asset-3241301.jpg",
    "content": "150ml",
    "walkRouteSequenceNumber": 14668,
    "price": {
      "basicPrice": 3.92,
      "recommendedQuantity": "1.0",
      "measurementUnitPrice": 26.14,
      "measurementUnit": "L",
      "isRedPrice": false,
      "pricePerUOM": 26.14,
      "activationDate": "23-03-2024",
      "recordSource": "Folder",
      "isPromoActive": "Y",
      "priceChangeCode": "E"
    },
    "isAvailable": true,
    "isPriceAvailable": true,
    "inPromo": true,
    "promotion": [
      {
        "techPromoId": "100897COLR",
        "promotionId": "100897",
        "promotionType": "4",
        "isPersonalized": "N",
        "publicationStartDate": "13-03-2024",
        "publicationEndDate": "26-03-2024"
      }
    ],
    "gtin": [
      "08720181284540",
      "08720181284342",
      "45400141910856",
      "35400141910859"
    ],
    "topCategoryName": "Lichaamsverzorging/Parfumerie",
    "topCategoryId": "591",
    "businessDomain": "RETAIL_BE",
    "IsPrivateLabel": false,
    "IsBiffe": false,
    "WeightconversionFactor": "0",
    "IsWeightArticle": false,
    "IsBio": false,
    "CountryOfOrigin": "VERENIGD KONINKRIJK",
    "IsExclusivelySoldInLuxembourg": false,
    "OrderUnit": "P",
    "ShortName": "DOVE MEN DEO INVIS.150",
    "IsNew": false,
    "RecentQuanityOfStockUnits": "2,1",
    "LongName": "DOVE invisible dry 150ml",
    "AlcoholVolume": "0",
    "FicCode": "N"
  },
  {
    "productId": "819497",
    "technicalArticleNumber": "4651686",
    "commercialArticleNumber": "5936",
    "name": "shampoo kamille",
    "brand": "ULTRA DOUX",
    "seoBrand": "Ultra Doux",
    "thumbNail": "https://static.colruytgroup.com/images/200x200/std.lang.all/59/77/asset-2985977.jpg",
    "fullImage": "https://static.colruytgroup.com/images/500x500/std.lang.all/59/77/asset-2985977.jpg",
    "squareImage": "https://static.colruytgroup.com/images/500x500sq/std.lang.all/59/77/asset-2985977.jpg",
    "content": "250ml",
    "walkRouteSequenceNumber": 15112,
    "price": {
      "basicPrice": 3.49,
      "recommendedQuantity": "1.0",
      "quantityPrice": 2.33,
      "quantityPriceQuantity": "3.0",
      "measurementUnitPrice": 13.96,
      "measurementUnitQuantityPrice": 9.32,
      "measurementUnit": "L",
      "isRedPrice": false,
      "pricePerUOM": 13.96,
      "activationDate": "19-03-2024",
      "recordSource": "Offline",
      "isPromoActive": "N",
      "priceChangeCode": "E",
      "quantityPricePerUOM": 9.32,
      "quantityActivationDate": "19-03-2024",
      "quantityPriceChangeCode": "H"
    },
    "isAvailable": true,
    "isPriceAvailable": true,
    "inPromo": false,
    "gtin": [
      "03600542460583",
      "05410103135564"
    ],
    "topCategoryName": "Lichaamsverzorging/Parfumerie",
    "topCategoryId": "591",
    "businessDomain": "RETAIL_BE",
    "IsPrivateLabel": false,
    "IsBiffe": false,
    "WeightconversionFactor": "0",
    "IsWeightArticle": false,
    "IsBio": false,
    "CountryOfOrigin": "POLEN",
    "IsExclusivelySoldInLuxembourg": false,
    "OrderUnit": "P",
    "ShortName": "ULT.D SH KAMILLE 250ML",
    "IsNew": false,
    "RecentQuanityOfStockUnits": "3,1",
    "LongName": "ULTRA DOUX shampoo kamille 250ml",
    "FicCode": "N"
  },
  {
    "productId": "865305",
    "technicalArticleNumber": "4717432",
    "commercialArticleNumber": "3052",
    "name": "Douchegel Marine",
    "description": "*Douchegel\n*Marinefris",
    "brand": "EVERYDAY",
    "seoBrand": "Everyday",
    "thumbNail": "https://static.colruytgroup.com/images/200x200/std.lang.all/38/76/asset-3253876.jpg",
    "fullImage": "https://static.colruytgroup.com/images/500x500/std.lang.all/38/76/asset-3253876.jpg",
    "squareImage": "https://static.colruytgroup.com/images/500x500sq/std.lang.all/38/76/asset-3253876.jpg",
    "content": "300ml",
    "walkRouteSequenceNumber": 14610,
    "price": {
      "basicPrice": 0.648,
      "recommendedQuantity": "1.0",
      "measurementUnitPrice": 2.16,
      "measurementUnit": "L",
      "isRedPrice": false,
      "pricePerUOM": 2.16,
      "activationDate": "12-05-2023",
      "recordSource": "Offline",
      "isPromoActive": "N",
      "priceChangeCode": "H"
    },
    "isAvailable": true,
    "isPriceAvailable": true,
    "inPromo": false,
    "gtin": [
      "05400141710113",
      "15400141710110"
    ],
    "topCategoryName": "Lichaamsverzorging/Parfumerie",
    "topCategoryId": "591",
    "businessDomain": "RETAIL_BE",
    "IsPrivateLabel": true,
    "IsBiffe": false,
    "WeightconversionFactor": "0",
    "IsWeightArticle": false,
    "IsBio": false,
    "CountryOfOrigin": "BELGIË",
    "IsExclusivelySoldInLuxembourg": false,
    "OrderUnit": "P",
    "ShortName": "EVD DOUCHEGEL MARINE300",
    "IsNew": false,
    "RecentQuanityOfStockUnits": "1,12",
    "LongName": "EVERYDAY Douchegel Marine 300ml",
    "AlcoholVolume": "0",
    "FicCode": "N"
  },
  {
    "productId": "832033",
    "technicalArticleNumber": "4671996",
    "commercialArticleNumber": "30176",
    "name": "honing",
    "description": "*Douchecrème 750ml\n*Melk & Honing",
    "brand": "PALMOLIVE",
    "seoBrand": "Palmolive",
    "thumbNail": "https://static.colruytgroup.com/images/200x200/std.lang.all/58/92/asset-2985892.jpg",
    "fullImage": "https://static.colruytgroup.com/images/500x500/std.lang.all/58/92/asset-2985892.jpg",
    "squareImage": "https://static.colruytgroup.com/images/500x500sq/std.lang.all/58/92/asset-2985892.jpg",
    "content": "750ml",
    "walkRouteSequenceNumber": 14689,
    "price": {
      "basicPrice": 3.59,
      "recommendedQuantity": "1.0",
      "measurementUnitPrice": 4.79,
      "measurementUnit": "L",
      "isRedPrice": false,
      "pricePerUOM": 4.79,
      "activationDate": "20-01-2023",
      "isPromoActive": "N",
      "priceChangeCode": "L"
    },
    "isAvailable": true,
    "isPriceAvailable": true,
    "inPromo": false,
    "gtin": [
      "08718951540507",
      "08718951540521",
      "08718951540491"
    ],
    "topCategoryName": "Lichaamsverzorging/Parfumerie",
    "topCategoryId": "591",
    "businessDomain": "RETAIL_BE",
    "IsPrivateLabel": false,
    "IsBiffe": false,
    "WeightconversionFactor": "0",
    "IsWeightArticle": false,
    "IsBio": false,
    "CountryOfOrigin": "ITALIË",
    "IsExclusivelySoldInLuxembourg": false,
    "OrderUnit": "P",
    "ShortName": "PALM DCH HONING 750ML",
    "IsNew": false,
    "RecentQuanityOfStockUnits": "1,6",
    "LongName": "PALMOLIVE honing 750ml",
    "FicCode": "N"
  },
  {
    "productId": "802368",
    "technicalArticleNumber": "4617889",
    "commercialArticleNumber": "11319",
    "name": "assorti handzeep pomp",
    "description": "*Assortiment\n-Hygiene plus:\nanti-bacterieël\n-Melk & Honing\n-Melk & Olijf",
    "brand": "PALMOLIVE",
    "seoBrand": "Palmolive",
    "thumbNail": "https://static.colruytgroup.com/images/200x200/std.lang.all/98/48/asset-2899848.jpg",
    "fullImage": "https://static.colruytgroup.com/images/500x500/std.lang.all/98/48/asset-2899848.jpg",
    "squareImage": "https://static.colruytgroup.com/images/500x500sq/std.lang.all/98/48/asset-2899848.jpg",
    "content": "500ml",
    "walkRouteSequenceNumber": 15074,
    "price": {
      "basicPrice": 3.31,
      "recommendedQuantity": "1.0",
      "measurementUnitPrice": 6.62,
      "measurementUnit": "L",
      "isRedPrice": false,
      "pricePerUOM": 6.62,
      "activationDate": "24-02-2024",
      "recordSource": "Offline",
      "isPromoActive": "N",
      "priceChangeCode": "L"
    },
    "isAvailable": true,
    "isPriceAvailable": true,
    "inPromo": false,
    "gtin": [
      "08718951507517",
      "08714789376783",
      "08003520033673",
      "08003520033659"
    ],
    "topCategoryName": "Lichaamsverzorging/Parfumerie",
    "topCategoryId": "591",
    "businessDomain": "RETAIL_BE",
    "IsPrivateLabel": false,
    "IsBiffe": false,
    "WeightconversionFactor": "0",
    "IsWeightArticle": false,
    "IsBio": false,
    "CountryOfOrigin": "FRANKRIJK",
    "IsExclusivelySoldInLuxembourg": false,
    "OrderUnit": "P",
    "ShortName": "PALM VL.ZEEP ASS.500",
    "IsNew": false,
    "RecentQuanityOfStockUnits": "1,1,1",
    "LongName": "PALMOLIVE assorti handzeep pomp 500ml",
    "FicCode": "N"
  },
  {
    "productId": "851554",
    "technicalArticleNumber": "4699625",
    "commercialArticleNumber": "30965",
    "name": "scheersch.hyd/kal.",
    "description": "*Scheerschuim\n*assortiment van:\n-Hydraterend\n-Kalmerend",
    "brand": "GILLETTE SERIES",
    "seoBrand": "Gillette Series",
    "thumbNail": "https://static.colruytgroup.com/images/200x200/std.lang.all/69/79/asset-3166979.jpg",
    "fullImage": "https://static.colruytgroup.com/images/500x500/std.lang.all/69/79/asset-3166979.jpg",
    "squareImage": "https://static.colruytgroup.com/images/500x500sq/std.lang.all/69/79/asset-3166979.jpg",
    "content": "250ml",
    "walkRouteSequenceNumber": 15219,
    "price": {
      "basicPrice": 2.99,
      "recommendedQuantity": "1.0",
      "quantityPrice": 2.72,
      "quantityPriceQuantity": "3.0",
      "measurementUnitPrice": 11.96,
      "measurementUnitQuantityPrice": 10.88,
      "measurementUnit": "L",
      "isRedPrice": false,
      "pricePerUOM": 11.96,
      "activationDate": "23-03-2024",
      "recordSource": "Offline",
      "isPromoActive": "N",
      "priceChangeCode": "E",
      "quantityPricePerUOM": 10.88,
      "quantityActivationDate": "23-03-2024",
      "quantityPriceChangeCode": "E"
    },
    "isAvailable": true,
    "isPriceAvailable": true,
    "inPromo": false,
    "gtin": [
      "08006540765364",
      "08006540765487",
      "08006540765494",
      "08006540765371",
      "35400141452229",
      "45400141452226"
    ],
    "topCategoryName": "Lichaamsverzorging/Parfumerie",
    "topCategoryId": "591",
    "businessDomain": "RETAIL_BE",
    "IsPrivateLabel": false,
    "IsBiffe": false,
    "WeightconversionFactor": "0",
    "IsWeightArticle": false,
    "IsBio": false,
    "CountryOfOrigin": "VERENIGD KONINKRIJK",
    "IsExclusivelySoldInLuxembourg": false,
    "OrderUnit": "P",
    "ShortName": "GILL.SER.SCH.HYD/KAL250",
    "IsNew": false,
    "RecentQuanityOfStockUnits": "2,1,1",
    "LongName": "GILLETTE SERIES scheersch.hyd/kal. 250ml",
    "AlcoholVolume": "0",
    "FicCode": "N"
  },
  {
    "productId": "11245",
    "technicalArticleNumber": "1406410",
    "commercialArticleNumber": "27270",
    "name": "gel Invisi Fix 8",
    "description": "*Gel\n*150 ml\n*Invisi Fix: super\nstrong",
    "brand": "STUDIO LINE",
    "seoBrand": "L'Oréal",
    "thumbNail": "https://static.colruytgroup.com/images/200x200/std.lang.all/78/18/asset-367818.jpg",
    "fullImage": "https://static.colruytgroup.com/images/500x500/std.lang.all/78/18/asset-367818.jpg",
    "squareImage": "https://static.colruytgroup.com/images/500x500sq/std.lang.all/78/18/asset-367818.jpg",
    "content": "150ml",
    "walkRouteSequenceNumber": 15308,
    "price": {
      "basicPrice": 4.49,
      "recommendedQuantity": "1.0",
      "measurementUnitPrice": 29.94,
      "measurementUnit": "L",
      "isRedPrice": false,
      "pricePerUOM": 29.94,
      "activationDate": "23-03-2024",
      "recordSource": "Offline",
      "isPromoActive": "N",
      "priceChangeCode": "H"
    },
    "isAvailable": true,
    "isPriceAvailable": true,
    "inPromo": false,
    "gtin": [
      "03600522471240",
      "03600522471134"
    ],
    "topCategoryName": "Lichaamsverzorging/Parfumerie",
    "topCategoryId": "591",
    "businessDomain": "RETAIL_BE",
    "IsPrivateLabel": false,
    "IsBiffe": false,
    "WeightconversionFactor": "0",
    "IsWeightArticle": false,
    "IsBio": false,
    "CountryOfOrigin": "BELGIË",
    "IsExclusivelySoldInLuxembourg": false,
    "OrderUnit": "P",
    "ShortName": "STUD INV.FX SUP.STRO150",
    "IsNew": false,
    "RecentQuanityOfStockUnits": "1",
    "LongName": "STUDIO LINE gel Invisi Fix 8 150ml",
    "AlcoholVolume": "0",
    "FicCode": "N"
  },
  {
    "productId": "872391",
    "technicalArticleNumber": "4726712",
    "commercialArticleNumber": "19148",
    "name": "rol Fresh Sensation",
    "description": "*Anti-transpirant\n*Fresch Sensation",
    "brand": "NIVEA MEN",
    "seoBrand": "Nivea Men",
    "thumbNail": "https://static.colruytgroup.com/images/200x200/std.lang.all/58/06/asset-3245806.jpg",
    "fullImage": "https://static.colruytgroup.com/images/500x500/std.lang.all/58/06/asset-3245806.jpg",
    "squareImage": "https://static.colruytgroup.com/images/500x500sq/std.lang.all/58/06/asset-3245806.jpg",
    "content": "50ml",
    "walkRouteSequenceNumber": 14658,
    "price": {
      "basicPrice": 4.19,
      "recommendedQuantity": "1.0",
      "quantityPrice": 2.51,
      "quantityPriceQuantity": "3.0",
      "measurementUnitPrice": 83.8,
      "measurementUnitQuantityPrice": 50.2,
      "measurementUnit": "L",
      "isRedPrice": false,
      "pricePerUOM": 83.8,
      "activationDate": "23-03-2024",
      "recordSource": "Offline",
      "isPromoActive": "N",
      "priceChangeCode": "E",
      "quantityPricePerUOM": 50.2,
      "quantityActivationDate": "23-03-2024",
      "quantityPriceChangeCode": "E"
    },
    "isAvailable": true,
    "isPriceAvailable": true,
    "inPromo": false,
    "gtin": [
      "04006000011431",
      "04006000011448",
      "65400141453333",
      "25400141433085"
    ],
    "topCategoryName": "Lichaamsverzorging/Parfumerie",
    "topCategoryId": "591",
    "businessDomain": "RETAIL_BE",
    "IsPrivateLabel": false,
    "IsBiffe": false,
    "WeightconversionFactor": "0",
    "IsWeightArticle": false,
    "IsBio": false,
    "CountryOfOrigin": "DUITSLAND",
    "IsExclusivelySoldInLuxembourg": false,
    "OrderUnit": "P",
    "ShortName": "NIVE MEN ROL FR.SENS.50",
    "IsNew": false,
    "RecentQuanityOfStockUnits": "1,2",
    "LongName": "NIVEA MEN rol Fresh Sensation 50ml",
    "AlcoholVolume": "0",
    "FicCode": "N"
  },
  {
    "productId": "15869",
    "technicalArticleNumber": "1420102",
    "commercialArticleNumber": "7554",
    "name": "zakdoeken",
    "description": "* 9 stuks per pakje\n* 30 pakjes\n* 100 % cellulose\n* FSC-certificaat\n* 4-lagig",
    "brand": "KLEENEX",
    "seoBrand": "Kleenex",
    "thumbNail": "https://static.colruytgroup.com/images/200x200/std.lang.all/81/00/asset-3358100.jpg",
    "fullImage": "https://static.colruytgroup.com/images/500x500/std.lang.all/81/00/asset-3358100.jpg",
    "squareImage": "https://static.colruytgroup.com/images/500x500sq/std.lang.all/81/00/asset-3358100.jpg",
    "content": "30x9st",
    "walkRouteSequenceNumber": 10255,
    "price": {
      "basicPrice": 6.6,
      "recommendedQuantity": "1.0",
      "measurementUnitPrice": 0.22,
      "measurementUnit": "S",
      "isRedPrice": false,
      "pricePerUOM": 0.22,
      "activationDate": "09-03-2024",
      "recordSource": "Offline",
      "isPromoActive": "N",
      "priceChangeCode": "H"
    },
    "isAvailable": true,
    "isPriceAvailable": true,
    "inPromo": false,
    "gtin": [
      "00000050375400",
      "05029054020494",
      "05029053011905"
    ],
    "topCategoryName": "Lichaamsverzorging/Parfumerie",
    "topCategoryId": "591",
    "businessDomain": "RETAIL_BE",
    "IsPrivateLabel": false,
    "IsBiffe": false,
    "WeightconversionFactor": "0",
    "IsWeightArticle": false,
    "IsBio": false,
    "CountryOfOrigin": "ITALIË",
    "IsExclusivelySoldInLuxembourg": false,
    "OrderUnit": "P",
    "ShortName": "KLEENEX ZAKD.ORIG.30X9",
    "IsNew": false,
    "RecentQuanityOfStockUnits": "1",
    "LongName": "KLEENEX zakdoeken 30x9st",
    "AlcoholVolume": "0",
    "FicCode": "N"
  },
  {
    "productId": "892720",
    "technicalArticleNumber": "4754588",
    "commercialArticleNumber": "2876",
    "name": "deo senstive/invisible",
    "description": "*Deo Natur Protect\n*Assortiment:\n-Anti Witte Strepen\n-Gevoelige Huid",
    "brand": "SANEX",
    "seoBrand": "Sanex",
    "thumbNail": "https://static.colruytgroup.com/images/200x200/std.lang.all/11/53/asset-3411153.jpg",
    "fullImage": "https://static.colruytgroup.com/images/500x500/std.lang.all/11/53/asset-3411153.jpg",
    "squareImage": "https://static.colruytgroup.com/images/500x500sq/std.lang.all/11/53/asset-3411153.jpg",
    "content": "200ml",
    "walkRouteSequenceNumber": 14731,
    "price": {
      "basicPrice": 3.69,
      "recommendedQuantity": "1.0",
      "measurementUnitPrice": 18.45,
      "measurementUnit": "L",
      "isRedPrice": false,
      "pricePerUOM": 18.45,
      "activationDate": "13-03-2024",
      "recordSource": "Offline",
      "isPromoActive": "N",
      "priceChangeCode": "H"
    },
    "isAvailable": true,
    "isPriceAvailable": true,
    "inPromo": false,
    "gtin": [
      "08718951321755",
      "08718951321519",
      "45400141579343",
      "08718951321526",
      "55400141579340",
      "08718951321762"
    ],
    "topCategoryName": "Lichaamsverzorging/Parfumerie",
    "topCategoryId": "591",
    "businessDomain": "RETAIL_BE",
    "IsPrivateLabel": false,
    "IsBiffe": false,
    "WeightconversionFactor": "0",
    "IsWeightArticle": false,
    "IsBio": false,
    "CountryOfOrigin": "ITALIË",
    "IsExclusivelySoldInLuxembourg": false,
    "OrderUnit": "P",
    "ShortName": "SANE DEO SEN/INV 200ML",
    "IsNew": false,
    "RecentQuanityOfStockUnits": "1,2,1",
    "LongName": "SANEX deo senstive/invisible 200ml",
    "FicCode": "N"
  },
  {
    "productId": "757012",
    "technicalArticleNumber": "4532782",
    "commercialArticleNumber": "12249",
    "name": "Shampoo 7 kruiden",
    "description": "*Shampoo 400ml\n*7 kruiden\nvet haar.\nvet haar.",
    "brand": "SCHWARZKOPF",
    "seoBrand": "Schwarzkopf",
    "thumbNail": "https://static.colruytgroup.com/images/200x200/std.lang.all/07/79/asset-2740779.jpg",
    "fullImage": "https://static.colruytgroup.com/images/500x500/std.lang.all/07/79/asset-2740779.jpg",
    "squareImage": "https://static.colruytgroup.com/images/500x500sq/std.lang.all/07/79/asset-2740779.jpg",
    "content": "400ml",
    "walkRouteSequenceNumber": 15056,
    "price": {
      "basicPrice": 2.69,
      "recommendedQuantity": "1.0",
      "measurementUnitPrice": 6.73,
      "measurementUnit": "L",
      "isRedPrice": false,
      "pricePerUOM": 6.73,
      "activationDate": "23-03-2024",
      "recordSource": "Offline",
      "isPromoActive": "N",
      "priceChangeCode": "E"
    },
    "isAvailable": true,
    "isPriceAvailable": true,
    "inPromo": false,
    "gtin": [
      "05412530910769",
      "05412530910806",
      "05410091739317",
      "15400141912309"
    ],
    "topCategoryName": "Lichaamsverzorging/Parfumerie",
    "topCategoryId": "591",
    "businessDomain": "RETAIL_BE",
    "IsPrivateLabel": false,
    "IsBiffe": false,
    "WeightconversionFactor": "0",
    "IsWeightArticle": false,
    "IsBio": false,
    "CountryOfOrigin": "DUITSLAND",
    "IsExclusivelySoldInLuxembourg": false,
    "OrderUnit": "P",
    "ShortName": "SCHW SH.7KRUIDEN 400ML",
    "IsNew": false,
    "RecentQuanityOfStockUnits": "1,2",
    "LongName": "SCHWARZKOPF Shampoo 7 kruiden 400ml",
    "FicCode": "N"
  },
  {
    "productId": "764012",
    "technicalArticleNumber": "4544501",
    "commercialArticleNumber": "6745",
    "name": "douche Deeply Nourishing",
    "description": "*Douchegel\n*Zachte huid\n*Voedende verzorging\n*Gehydrateerde huid\n*Ultrafrisse geur",
    "brand": "DOVE",
    "seoBrand": "Dove",
    "thumbNail": "https://static.colruytgroup.com/images/200x200/std.lang.all/93/46/asset-2809346.jpg",
    "fullImage": "https://static.colruytgroup.com/images/500x500/std.lang.all/93/46/asset-2809346.jpg",
    "squareImage": "https://static.colruytgroup.com/images/500x500sq/std.lang.all/93/46/asset-2809346.jpg",
    "content": "450ml",
    "walkRouteSequenceNumber": 14700,
    "price": {
      "basicPrice": 4.53,
      "recommendedQuantity": "1.0",
      "measurementUnitPrice": 10.07,
      "measurementUnit": "L",
      "isRedPrice": false,
      "pricePerUOM": 10.07,
      "activationDate": "19-03-2024",
      "recordSource": "Folder",
      "isPromoActive": "N",
      "priceChangeCode": "H"
    },
    "isAvailable": true,
    "isPriceAvailable": true,
    "inPromo": true,
    "promotion": [
      {
        "techPromoId": "100897COLR",
        "promotionId": "100897",
        "promotionType": "4",
        "isPersonalized": "N",
        "publicationStartDate": "13-03-2024",
        "publicationEndDate": "26-03-2024"
      }
    ],
    "gtin": [
      "08720181359156",
      "08720181359255",
      "08720181359484",
      "75400141915883",
      "08717163742853",
      "08717163742815"
    ],
    "topCategoryName": "Lichaamsverzorging/Parfumerie",
    "topCategoryId": "591",
    "businessDomain": "RETAIL_BE",
    "IsPrivateLabel": false,
    "IsBiffe": false,
    "WeightconversionFactor": "0",
    "IsWeightArticle": false,
    "IsBio": false,
    "CountryOfOrigin": "DUITSLAND",
    "IsExclusivelySoldInLuxembourg": false,
    "OrderUnit": "P",
    "ShortName": "DOVE DCH NM DEEPLY 450",
    "IsNew": false,
    "RecentQuanityOfStockUnits": "1,2,1",
    "LongName": "DOVE douche Deeply Nourishing 450ml",
    "FicCode": "N"
  },
  {
    "productId": "252890",
    "technicalArticleNumber": "3662632",
    "commercialArticleNumber": "19424",
    "name": "tandenborstel multic. soft",
    "description": "*Soft\n*Voor gevoelige\ntanden en tandvlees",
    "brand": "SENSODYNE",
    "seoBrand": "Sensodyne",
    "thumbNail": "https://static.colruytgroup.com/images/200x200/std.lang.all/44/61/asset-1174461.jpg",
    "fullImage": "https://static.colruytgroup.com/images/500x500/std.lang.all/44/61/asset-1174461.jpg",
    "squareImage": "https://static.colruytgroup.com/images/500x500sq/std.lang.all/44/61/asset-1174461.jpg",
    "content": "2st",
    "walkRouteSequenceNumber": 14198,
    "price": {
      "basicPrice": 4.35,
      "recommendedQuantity": "1.0",
      "measurementUnitPrice": 2.18,
      "measurementUnit": "S",
      "isRedPrice": false,
      "pricePerUOM": 2.18,
      "activationDate": "20-03-2024",
      "recordSource": "Offline",
      "isPromoActive": "N",
      "priceChangeCode": "L"
    },
    "isAvailable": true,
    "isPriceAvailable": true,
    "inPromo": false,
    "gtin": [
      "15054563024326",
      "05054563024312",
      "08710464739607"
    ],
    "topCategoryName": "Lichaamsverzorging/Parfumerie",
    "topCategoryId": "591",
    "businessDomain": "RETAIL_BE",
    "IsPrivateLabel": false,
    "IsBiffe": false,
    "WeightconversionFactor": "0",
    "IsWeightArticle": false,
    "IsBio": false,
    "CountryOfOrigin": "VERENIGD KONINKRIJK",
    "IsExclusivelySoldInLuxembourg": false,
    "OrderUnit": "P",
    "ShortName": "SENS TB MULTIC.SOFT 2ST",
    "IsNew": false,
    "RecentQuanityOfStockUnits": "1",
    "LongName": "SENSODYNE tandenborstel multic. soft 2st",
    "AlcoholVolume": "0",
    "FicCode": "N"
  },
  {
    "productId": "517498",
    "technicalArticleNumber": "4099409",
    "commercialArticleNumber": "8467",
    "name": "tp gevoelig tandvlees",
    "description": "*Gevoelige tanden,\nverwijdert tandplak\n*Gevoelig tandvlees",
    "brand": "SENSODYNE",
    "seoBrand": "Sensodyne",
    "thumbNail": "https://static.colruytgroup.com/images/200x200/std.lang.all/15/33/asset-2541533.jpg",
    "fullImage": "https://static.colruytgroup.com/images/500x500/std.lang.all/15/33/asset-2541533.jpg",
    "squareImage": "https://static.colruytgroup.com/images/500x500sq/std.lang.all/15/33/asset-2541533.jpg",
    "content": "75ml",
    "walkRouteSequenceNumber": 14354,
    "price": {
      "basicPrice": 5.11,
      "recommendedQuantity": "1.0",
      "measurementUnitPrice": 68.14,
      "measurementUnit": "L",
      "isRedPrice": false,
      "pricePerUOM": 68.14,
      "activationDate": "18-03-2024",
      "recordSource": "Online",
      "isPromoActive": "N",
      "priceChangeCode": "H"
    },
    "isAvailable": true,
    "isPriceAvailable": true,
    "inPromo": false,
    "gtin": [
      "08710464492502",
      "08710464093501",
      "15054563110227",
      "08710464085803",
      "08710464484804",
      "05054563110206",
      "05054563050236",
      "08710464483357",
      "15054563050240",
      "08710464085209"
    ],
    "topCategoryName": "Lichaamsverzorging/Parfumerie",
    "topCategoryId": "591",
    "businessDomain": "RETAIL_BE",
    "IsPrivateLabel": false,
    "IsBiffe": false,
    "WeightconversionFactor": "0",
    "IsWeightArticle": false,
    "IsBio": false,
    "CountryOfOrigin": "VERENIGD KONINKRIJK",
    "IsExclusivelySoldInLuxembourg": false,
    "OrderUnit": "P",
    "ShortName": "SSD TP GEV.TANDVL.75ML",
    "InSeason": true,
    "IsNew": false,
    "RecentQuanityOfStockUnits": "2,1",
    "LongName": "SENSODYNE tp gevoelig tandvlees 75ml",
    "StartSeasonDate": "27/01/2020",
    "FicCode": "N"
  },
  {
    "productId": "886708",
    "technicalArticleNumber": "4746031",
    "commercialArticleNumber": "32686",
    "name": "Ultra Normal Plus",
    "description": "*Maandverband 14 ST\n*Ultra beschermend\n*Met vleugels",
    "brand": "ALWAYS ULTRA",
    "seoBrand": "Always Ultra",
    "thumbNail": "https://static.colruytgroup.com/images/200x200/std.lang.all/05/60/asset-3290560.jpg",
    "fullImage": "https://static.colruytgroup.com/images/500x500/std.lang.all/05/60/asset-3290560.jpg",
    "squareImage": "https://static.colruytgroup.com/images/500x500sq/std.lang.all/05/60/asset-3290560.jpg",
    "content": "14st",
    "walkRouteSequenceNumber": 14560,
    "price": {
      "basicPrice": 2.49,
      "recommendedQuantity": "1.0",
      "measurementUnitPrice": 0.178,
      "measurementUnit": "S",
      "isRedPrice": false,
      "pricePerUOM": 0.178,
      "activationDate": "13-03-2024",
      "recordSource": "Offline",
      "isPromoActive": "Y",
      "priceChangeCode": "E"
    },
    "isAvailable": true,
    "isPriceAvailable": true,
    "inPromo": true,
    "promotion": [
      {
        "techPromoId": "100869COLR",
        "promotionId": "100869",
        "promotionType": "4",
        "isPersonalized": "N",
        "publicationStartDate": "13-03-2024",
        "publicationEndDate": "26-03-2024"
      }
    ],
    "gtin": [
      "08006540822340",
      "08006540822333",
      "85400141874736"
    ],
    "topCategoryName": "Lichaamsverzorging/Parfumerie",
    "topCategoryId": "591",
    "businessDomain": "RETAIL_BE",
    "IsPrivateLabel": false,
    "IsBiffe": false,
    "WeightconversionFactor": "0",
    "IsWeightArticle": false,
    "IsBio": false,
    "CountryOfOrigin": "DUITSLAND",
    "IsExclusivelySoldInLuxembourg": false,
    "OrderUnit": "P",
    "ShortName": "ALWA MVB ULTRA NORM+ 14",
    "IsNew": false,
    "RecentQuanityOfStockUnits": "4,1",
    "LongName": "ALWAYS ULTRA Ultra Normal Plus 14st",
    "FicCode": "N"
  },
  {
    "productId": "820311",
    "technicalArticleNumber": "4653928",
    "commercialArticleNumber": "19141",
    "name": "shampoo kam./abrikoos",
    "description": "*Shampoo\n*Assorti:\n-Kamille\n-Abrikoos",
    "brand": "ULTRA DOUX",
    "seoBrand": "Ultra Doux",
    "thumbNail": "https://static.colruytgroup.com/images/200x200/std.lang.all/93/07/asset-2999307.jpg",
    "fullImage": "https://static.colruytgroup.com/images/500x500/std.lang.all/93/07/asset-2999307.jpg",
    "squareImage": "https://static.colruytgroup.com/images/500x500sq/std.lang.all/93/07/asset-2999307.jpg",
    "content": "400ml",
    "walkRouteSequenceNumber": 15081,
    "price": {
      "basicPrice": 3.49,
      "recommendedQuantity": "1.0",
      "quantityPrice": 2.33,
      "quantityPriceQuantity": "3.0",
      "measurementUnitPrice": 8.73,
      "measurementUnitQuantityPrice": 5.83,
      "measurementUnit": "L",
      "isRedPrice": false,
      "pricePerUOM": 8.73,
      "activationDate": "23-03-2024",
      "recordSource": "Offline",
      "isPromoActive": "N",
      "priceChangeCode": "L",
      "quantityPricePerUOM": 5.83,
      "quantityActivationDate": "23-03-2024",
      "quantityPriceChangeCode": "E"
    },
    "isAvailable": true,
    "isPriceAvailable": true,
    "inPromo": false,
    "gtin": [
      "05410103137902",
      "05410103136554",
      "03600542460606",
      "03600542460385",
      "05410103136516"
    ],
    "topCategoryName": "Lichaamsverzorging/Parfumerie",
    "topCategoryId": "591",
    "businessDomain": "RETAIL_BE",
    "IsPrivateLabel": false,
    "IsBiffe": false,
    "WeightconversionFactor": "0",
    "IsWeightArticle": false,
    "IsBio": false,
    "CountryOfOrigin": "POLEN",
    "IsExclusivelySoldInLuxembourg": false,
    "OrderUnit": "P",
    "ShortName": "ULT.D SH.KAM/ABRIK.400",
    "IsNew": false,
    "RecentQuanityOfStockUnits": "2,1,1,2",
    "LongName": "ULTRA DOUX shampoo kam./abrikoos 400ml",
    "FicCode": "N"
  },
  {
    "productId": "864479",
    "technicalArticleNumber": "4716290",
    "commercialArticleNumber": "32024",
    "name": "douchegel man/gran/lotus",
    "description": "*Douchegel\n*Assortiment:\n-Granaatappel\n-Mango\n-Lotus",
    "brand": "TAHITI",
    "seoBrand": "Tahiti",
    "thumbNail": "https://static.colruytgroup.com/images/200x200/std.lang.all/38/52/asset-3193852.jpg",
    "fullImage": "https://static.colruytgroup.com/images/500x500/std.lang.all/38/52/asset-3193852.jpg",
    "squareImage": "https://static.colruytgroup.com/images/500x500sq/std.lang.all/38/52/asset-3193852.jpg",
    "content": "250ml",
    "walkRouteSequenceNumber": 14631,
    "price": {
      "basicPrice": 2.49,
      "recommendedQuantity": "1.0",
      "quantityPrice": 1.49,
      "quantityPriceQuantity": "4.0",
      "measurementUnitPrice": 9.96,
      "measurementUnitQuantityPrice": 5.96,
      "measurementUnit": "L",
      "isRedPrice": false,
      "pricePerUOM": 9.96,
      "activationDate": "20-03-2024",
      "recordSource": "Offline",
      "isPromoActive": "N",
      "priceChangeCode": "E",
      "quantityPricePerUOM": 5.96,
      "quantityActivationDate": "20-03-2024",
      "quantityPriceChangeCode": "L"
    },
    "isAvailable": true,
    "isPriceAvailable": true,
    "inPromo": false,
    "gtin": [
      "08718951544345",
      "08718951544468",
      "08718951544475",
      "08718951544499",
      "08718951544505",
      "08718951544352",
      "85400141712649"
    ],
    "topCategoryName": "Lichaamsverzorging/Parfumerie",
    "topCategoryId": "591",
    "businessDomain": "RETAIL_BE",
    "IsPrivateLabel": false,
    "IsBiffe": false,
    "WeightconversionFactor": "0",
    "IsWeightArticle": false,
    "IsBio": false,
    "CountryOfOrigin": "FRANKRIJK",
    "IsExclusivelySoldInLuxembourg": false,
    "OrderUnit": "P",
    "ShortName": "TAHI DCH MAN/GRE/LOT250",
    "IsNew": false,
    "RecentQuanityOfStockUnits": "2,1,1,1",
    "LongName": "TAHITI douchegel man/gran/lotus 250ml",
    "FicCode": "N"
  },
  {
    "productId": "786465",
    "technicalArticleNumber": "4588048",
    "commercialArticleNumber": "19484",
    "name": "regular",
    "brand": "TAMPAX COMPAK",
    "seoBrand": "Tampax Compak",
    "thumbNail": "https://static.colruytgroup.com/images/200x200/std.lang.all/76/97/asset-2877697.jpg",
    "fullImage": "https://static.colruytgroup.com/images/500x500/std.lang.all/76/97/asset-2877697.jpg",
    "squareImage": "https://static.colruytgroup.com/images/500x500sq/std.lang.all/76/97/asset-2877697.jpg",
    "content": "22st",
    "walkRouteSequenceNumber": 14402,
    "price": {
      "basicPrice": 2.69,
      "recommendedQuantity": "1.0",
      "measurementUnitPrice": 0.123,
      "measurementUnit": "S",
      "isRedPrice": false,
      "pricePerUOM": 0.123,
      "activationDate": "15-03-2024",
      "recordSource": "Offline",
      "isPromoActive": "N",
      "priceChangeCode": "E"
    },
    "isAvailable": true,
    "isPriceAvailable": true,
    "inPromo": true,
    "promotion": [
      {
        "techPromoId": "100869COLR",
        "promotionId": "100869",
        "promotionType": "4",
        "isPersonalized": "N",
        "publicationStartDate": "13-03-2024",
        "publicationEndDate": "26-03-2024"
      }
    ],
    "gtin": [
      "04015400715313",
      "04015400715320",
      "35400141971461"
    ],
    "topCategoryName": "Lichaamsverzorging/Parfumerie",
    "topCategoryId": "591",
    "businessDomain": "RETAIL_BE",
    "IsPrivateLabel": false,
    "IsBiffe": false,
    "WeightconversionFactor": "0",
    "IsWeightArticle": false,
    "IsBio": false,
    "CountryOfOrigin": "HONGARIJE",
    "IsExclusivelySoldInLuxembourg": false,
    "OrderUnit": "P",
    "ShortName": "TAMP COMPACT REGULAR22S",
    "IsNew": false,
    "RecentQuanityOfStockUnits": "2,1",
    "LongName": "TAMPAX COMPAK regular 22st",
    "FicCode": "N"
  },
  {
    "productId": "820558",
    "technicalArticleNumber": "4653852",
    "commercialArticleNumber": "16777",
    "name": "cond. kamille/avocado",
    "description": "*Conditioner\n*Assorti:\n-Kamille\n-Avocado",
    "brand": "ULTRA DOUX",
    "seoBrand": "Ultra Doux",
    "thumbNail": "https://static.colruytgroup.com/images/200x200/std.lang.all/07/40/asset-2960740.jpg",
    "fullImage": "https://static.colruytgroup.com/images/500x500/std.lang.all/07/40/asset-2960740.jpg",
    "squareImage": "https://static.colruytgroup.com/images/500x500sq/std.lang.all/07/40/asset-2960740.jpg",
    "content": "200ml",
    "walkRouteSequenceNumber": 15337,
    "price": {
      "basicPrice": 2.49,
      "recommendedQuantity": "1.0",
      "quantityPrice": 2.33,
      "quantityPriceQuantity": "3.0",
      "measurementUnitPrice": 12.45,
      "measurementUnitQuantityPrice": 11.65,
      "measurementUnit": "L",
      "isRedPrice": false,
      "pricePerUOM": 12.45,
      "activationDate": "19-03-2024",
      "recordSource": "Offline",
      "isPromoActive": "N",
      "priceChangeCode": "E",
      "quantityPricePerUOM": 11.65,
      "quantityActivationDate": "19-03-2024",
      "quantityPriceChangeCode": "H"
    },
    "isAvailable": true,
    "isPriceAvailable": true,
    "inPromo": false,
    "gtin": [
      "03600542461078",
      "03600542461580",
      "05410103136424",
      "05410103136431"
    ],
    "topCategoryName": "Lichaamsverzorging/Parfumerie",
    "topCategoryId": "591",
    "businessDomain": "RETAIL_BE",
    "IsPrivateLabel": false,
    "IsBiffe": false,
    "WeightconversionFactor": "0",
    "IsWeightArticle": false,
    "IsBio": false,
    "CountryOfOrigin": "POLEN",
    "IsExclusivelySoldInLuxembourg": false,
    "OrderUnit": "P",
    "ShortName": "ULTD CD KAM/AVOCADO200",
    "IsNew": false,
    "RecentQuanityOfStockUnits": "2,2,1,1",
    "LongName": "ULTRA DOUX cond. kamille/avocado 200ml",
    "FicCode": "N"
  },
  {
    "productId": "165499",
    "technicalArticleNumber": "3400112",
    "commercialArticleNumber": "14128",
    "name": "deo protect&care/bl&wh claer",
    "description": "*Verzorgende deodorant\n*48u bescherming\n*Anti-irritatie\n*protect&Care /\nbl&wh clear",
    "brand": "NIVEA",
    "seoBrand": "Nivea",
    "thumbNail": "https://static.colruytgroup.com/images/200x200/std.lang.all/74/36/asset-1507436.jpg",
    "fullImage": "https://static.colruytgroup.com/images/500x500/std.lang.all/74/36/asset-1507436.jpg",
    "squareImage": "https://static.colruytgroup.com/images/500x500sq/std.lang.all/74/36/asset-1507436.jpg",
    "content": "150ml",
    "walkRouteSequenceNumber": 14739,
    "price": {
      "basicPrice": 3.29,
      "recommendedQuantity": "1.0",
      "quantityPrice": 2.03,
      "quantityPriceQuantity": "3.0",
      "measurementUnitPrice": 21.94,
      "measurementUnitQuantityPrice": 13.54,
      "measurementUnit": "L",
      "isRedPrice": false,
      "pricePerUOM": 21.94,
      "activationDate": "23-03-2024",
      "recordSource": "Offline",
      "isPromoActive": "N",
      "priceChangeCode": "E",
      "quantityPricePerUOM": 13.54,
      "quantityActivationDate": "23-03-2024",
      "quantityPriceChangeCode": "E"
    },
    "isAvailable": true,
    "isPriceAvailable": true,
    "inPromo": false,
    "gtin": [
      "04005900457370",
      "04005900302618",
      "04005900244475",
      "04005900457387",
      "04005900457684",
      "15400141596127",
      "05400141463477",
      "04005900457691",
      "04005808735013",
      "04005808734986"
    ],
    "topCategoryName": "Lichaamsverzorging/Parfumerie",
    "topCategoryId": "591",
    "businessDomain": "RETAIL_BE",
    "IsPrivateLabel": false,
    "IsBiffe": false,
    "WeightconversionFactor": "0",
    "IsWeightArticle": false,
    "IsBio": false,
    "CountryOfOrigin": "DUITSLAND",
    "IsExclusivelySoldInLuxembourg": false,
    "OrderUnit": "P",
    "ShortName": "NIVE DEO PROT/B&W IN150",
    "IsNew": false,
    "RecentQuanityOfStockUnits": "1,2,1",
    "LongName": "NIVEA deo protect&care/bl&wh claer 150ml",
    "AlcoholVolume": "0",
    "FicCode": "N"
  },
  {
    "productId": "858667",
    "technicalArticleNumber": "4708934",
    "commercialArticleNumber": "31672",
    "name": "maandverband long",
    "description": "*Maandverband 12 ST\n*Lang\n*Met vleugels",
    "brand": "ALWAYS ULTRA",
    "seoBrand": "Always Ultra",
    "thumbNail": "https://ecgproductmw.colruytgroup.com/ecgproductmw/noPicForArticle_2.jpg",
    "fullImage": "https://ecgproductmw.colruytgroup.com/ecgproductmw/noPicForArticle_5.jpg",
    "squareImage": "https://ecgproductmw.colruytgroup.com/ecgproductmw/noPicForArticle_5.jpg",
    "content": "12st",
    "walkRouteSequenceNumber": 14574,
    "price": {
      "basicPrice": 2.99,
      "recommendedQuantity": "1.0",
      "measurementUnitPrice": 0.25,
      "measurementUnit": "S",
      "isRedPrice": false,
      "pricePerUOM": 0.25,
      "activationDate": "13-03-2024",
      "recordSource": "Offline",
      "isPromoActive": "N",
      "priceChangeCode": "E"
    },
    "isAvailable": true,
    "isPriceAvailable": true,
    "inPromo": true,
    "promotion": [
      {
        "techPromoId": "100869COLR",
        "promotionId": "100869",
        "promotionType": "4",
        "isPersonalized": "N",
        "publicationStartDate": "13-03-2024",
        "publicationEndDate": "26-03-2024"
      }
    ],
    "gtin": [
      "08006540822456",
      "08006540822463",
      "35400141628396"
    ],
    "topCategoryName": "Lichaamsverzorging/Parfumerie",
    "topCategoryId": "591",
    "businessDomain": "RETAIL_BE",
    "IsPrivateLabel": false,
    "IsBiffe": false,
    "WeightconversionFactor": "0",
    "IsWeightArticle": false,
    "IsBio": false,
    "CountryOfOrigin": "DUITSLAND",
    "IsExclusivelySoldInLuxembourg": false,
    "OrderUnit": "P",
    "ShortName": "ALWA MVB ULTRA LONG 12",
    "IsNew": false,
    "RecentQuanityOfStockUnits": "1,4,12",
    "LongName": "ALWAYS ULTRA maandverband long 12st",
    "FicCode": "N"
  },
  {
    "productId": "771909",
    "technicalArticleNumber": "4560418",
    "commercialArticleNumber": "28420",
    "name": "deo sport/epic",
    "description": "*Man deodorant\n*Anti-transpiratie\n*Aantrekkelijke geur\n*72u bescherming\n*Tegen zweet",
    "brand": "AXE",
    "seoBrand": "Axe",
    "thumbNail": "https://static.colruytgroup.com/images/200x200/std.lang.all/96/48/asset-2779648.jpg",
    "fullImage": "https://static.colruytgroup.com/images/500x500/std.lang.all/96/48/asset-2779648.jpg",
    "squareImage": "https://static.colruytgroup.com/images/500x500sq/std.lang.all/96/48/asset-2779648.jpg",
    "content": "150ml",
    "walkRouteSequenceNumber": 14679,
    "price": {
      "basicPrice": 3.46,
      "recommendedQuantity": "1.0",
      "measurementUnitPrice": 23.07,
      "measurementUnit": "L",
      "isRedPrice": false,
      "pricePerUOM": 23.07,
      "activationDate": "20-03-2024",
      "recordSource": "Folder",
      "isPromoActive": "N",
      "priceChangeCode": "H"
    },
    "isAvailable": true,
    "isPriceAvailable": true,
    "inPromo": true,
    "promotion": [
      {
        "techPromoId": "100896COLR",
        "promotionId": "100896",
        "promotionType": "4",
        "isPersonalized": "N",
        "publicationStartDate": "13-03-2024",
        "publicationEndDate": "26-03-2024"
      }
    ],
    "gtin": [
      "65400141535954",
      "08720181131943",
      "08720181131905",
      "55400141540722",
      "08720181192104",
      "08720181192296"
    ],
    "topCategoryName": "Lichaamsverzorging/Parfumerie",
    "topCategoryId": "591",
    "businessDomain": "RETAIL_BE",
    "IsPrivateLabel": false,
    "IsBiffe": false,
    "WeightconversionFactor": "0",
    "IsWeightArticle": false,
    "IsBio": false,
    "CountryOfOrigin": "VERENIGD KONINKRIJK",
    "IsExclusivelySoldInLuxembourg": false,
    "OrderUnit": "P",
    "ShortName": "AXE DEO SPORT/EPIC150ML",
    "IsNew": false,
    "RecentQuanityOfStockUnits": "1,2,1",
    "LongName": "AXE deo sport/epic 150ml",
    "FicCode": "N"
  },
  {
    "productId": "860303",
    "technicalArticleNumber": "4711055",
    "commercialArticleNumber": "7622",
    "name": "MEN+CARE clean comfort",
    "description": "*Anti-transpirant\n*+Care:\n72u bescherming,\nanti-irritatie",
    "brand": "DOVE",
    "seoBrand": "Dove Men+Care",
    "thumbNail": "https://static.colruytgroup.com/images/200x200/std.lang.all/62/90/asset-3216290.jpg",
    "fullImage": "https://static.colruytgroup.com/images/500x500/std.lang.all/62/90/asset-3216290.jpg",
    "squareImage": "https://static.colruytgroup.com/images/500x500sq/std.lang.all/62/90/asset-3216290.jpg",
    "content": "200ml",
    "walkRouteSequenceNumber": 14667,
    "price": {
      "basicPrice": 3.82,
      "recommendedQuantity": "1.0",
      "measurementUnitPrice": 19.1,
      "measurementUnit": "L",
      "isRedPrice": false,
      "pricePerUOM": 19.1,
      "activationDate": "23-03-2024",
      "recordSource": "Folder",
      "isPromoActive": "N",
      "priceChangeCode": "L"
    },
    "isAvailable": true,
    "isPriceAvailable": true,
    "inPromo": false,
    "gtin": [
      "65400141852051",
      "08720181340635",
      "08720181340550",
      "55400141852054"
    ],
    "topCategoryName": "Lichaamsverzorging/Parfumerie",
    "topCategoryId": "591",
    "businessDomain": "RETAIL_BE",
    "IsPrivateLabel": false,
    "IsBiffe": false,
    "WeightconversionFactor": "0",
    "IsWeightArticle": false,
    "IsBio": false,
    "CountryOfOrigin": "VERENIGD KONINKRIJK",
    "IsExclusivelySoldInLuxembourg": false,
    "OrderUnit": "P",
    "ShortName": "DOVE MEN DEO COMF.200ML",
    "IsNew": false,
    "RecentQuanityOfStockUnits": "1,2",
    "LongName": "DOVE MEN+CARE clean comfort 200ml",
    "AlcoholVolume": "0",
    "FicCode": "N"
  },
  {
    "productId": "1774",
    "technicalArticleNumber": "23035",
    "commercialArticleNumber": "23035",
    "name": "tb Classic Fresh hard",
    "description": "*Tandenborstel\n*Mondhygiëne\n*Witte tanden\n*Zachte borstel\n*Goede houvast",
    "brand": "SIGNAL",
    "seoBrand": "Signal",
    "thumbNail": "https://static.colruytgroup.com/images/200x200/std.lang.all/28/55/asset-902855.jpg",
    "fullImage": "https://static.colruytgroup.com/images/500x500/std.lang.all/28/55/asset-902855.jpg",
    "squareImage": "https://static.colruytgroup.com/images/500x500sq/std.lang.all/28/55/asset-902855.jpg",
    "walkRouteSequenceNumber": 14190,
    "price": {
      "basicPrice": 2.49,
      "recommendedQuantity": "1.0",
      "measurementUnitPrice": 2.49,
      "measurementUnit": "S",
      "isRedPrice": false,
      "pricePerUOM": 2.49,
      "activationDate": "23-03-2024",
      "recordSource": "Offline",
      "isPromoActive": "N",
      "priceChangeCode": "H"
    },
    "isAvailable": true,
    "isPriceAvailable": true,
    "inPromo": false,
    "gtin": [
      "00000054024786",
      "05400141061536",
      "08711600984387",
      "08717163510841"
    ],
    "topCategoryName": "Lichaamsverzorging/Parfumerie",
    "topCategoryId": "591",
    "businessDomain": "RETAIL_BE",
    "IsPrivateLabel": false,
    "IsBiffe": false,
    "WeightconversionFactor": "0",
    "IsWeightArticle": false,
    "IsBio": false,
    "CountryOfOrigin": "ITALIË",
    "IsExclusivelySoldInLuxembourg": false,
    "OrderUnit": "P",
    "ShortName": "SIGN.CLASSIC FR.TB.HARD",
    "InSeason": true,
    "IsNew": false,
    "RecentQuanityOfStockUnits": "2,1",
    "LongName": "SIGNAL tb Classic Fresh hard",
    "AlcoholVolume": "0",
    "StartSeasonDate": "24/12/2012",
    "FicCode": "N"
  },
  {
    "productId": "907403",
    "technicalArticleNumber": "4758794",
    "commercialArticleNumber": "2147",
    "name": "original orchidee",
    "brand": "TAHITI",
    "seoBrand": "Tahiti",
    "thumbNail": "https://static.colruytgroup.com/images/200x200/std.lang.all/85/37/asset-3318537.jpg",
    "fullImage": "https://static.colruytgroup.com/images/500x500/std.lang.all/85/37/asset-3318537.jpg",
    "squareImage": "https://static.colruytgroup.com/images/500x500sq/std.lang.all/85/37/asset-3318537.jpg",
    "content": "300ml",
    "walkRouteSequenceNumber": 14609,
    "price": {
      "basicPrice": 2.29,
      "recommendedQuantity": "1.0",
      "measurementUnitPrice": 7.64,
      "measurementUnit": "L",
      "isRedPrice": false,
      "pricePerUOM": 7.64,
      "activationDate": "01-03-2024",
      "recordSource": "Offline",
      "isPromoActive": "N",
      "priceChangeCode": "E"
    },
    "isAvailable": true,
    "isPriceAvailable": true,
    "inPromo": false,
    "gtin": [
      "65400141610521",
      "08718951576711",
      "08718951576704"
    ],
    "topCategoryName": "Lichaamsverzorging/Parfumerie",
    "topCategoryId": "591",
    "businessDomain": "RETAIL_BE",
    "IsPrivateLabel": false,
    "IsBiffe": false,
    "WeightconversionFactor": "0",
    "IsWeightArticle": false,
    "IsBio": false,
    "CountryOfOrigin": "FRANKRIJK",
    "IsExclusivelySoldInLuxembourg": false,
    "OrderUnit": "P",
    "ShortName": "TAHI DCH ORCHIDEE 300",
    "IsNew": false,
    "RecentQuanityOfStockUnits": "1,3",
    "LongName": "TAHITI original orchidee 300ml",
    "FicCode": "N"
  },
  {
    "productId": "222221",
    "technicalArticleNumber": "3494221",
    "commercialArticleNumber": "16501",
    "name": "zakdoekjes 4l menthol",
    "description": "*10 zakdoekjes\n*12 pakjes\n*100 % cellulose\n*PEFC-certificaat\n*Met menth.&bals.,4l",
    "brand": "BONI",
    "seoBrand": "Boni Selection",
    "thumbNail": "https://static.colruytgroup.com/images/200x200/nl_be/15/27/asset-1091527.jpg",
    "fullImage": "https://static.colruytgroup.com/images/500x500/nl_be/15/27/asset-1091527.jpg",
    "squareImage": "https://static.colruytgroup.com/images/500x500sq/nl_be/15/27/asset-1091527.jpg",
    "content": "12x10st",
    "walkRouteSequenceNumber": 3901,
    "price": {
      "basicPrice": 2.59,
      "recommendedQuantity": "1.0",
      "measurementUnitPrice": 0.216,
      "measurementUnit": "S",
      "isRedPrice": false,
      "pricePerUOM": 0.216,
      "activationDate": "23-01-2024",
      "isPromoActive": "N",
      "priceChangeCode": "E"
    },
    "isAvailable": true,
    "isPriceAvailable": true,
    "inPromo": false,
    "gtin": [
      "05400141876093",
      "15400141876090",
      "05400141390988",
      "15400141802037"
    ],
    "topCategoryName": "Lichaamsverzorging/Parfumerie",
    "topCategoryId": "591",
    "businessDomain": "RETAIL_BE",
    "IsPrivateLabel": true,
    "IsBiffe": false,
    "WeightconversionFactor": "0",
    "IsWeightArticle": false,
    "IsBio": false,
    "CountryOfOrigin": "BELGIË",
    "IsExclusivelySoldInLuxembourg": false,
    "OrderUnit": "P",
    "ShortName": "BONI ZAK.MENTH.4L 12X10",
    "IsNew": false,
    "RecentQuanityOfStockUnits": "1",
    "LongName": "BONI zakdoekjes 4l menthol 12x10st",
    "AlcoholVolume": "0",
    "FicCode": "N"
  },
  {
    "productId": "6390",
    "technicalArticleNumber": "411465",
    "commercialArticleNumber": "411465",
    "name": "Essential flossdraad mint",
    "description": "*Flosdraad",
    "brand": "ORAL-B",
    "seoBrand": "Oral-B",
    "thumbNail": "https://static.colruytgroup.com/images/200x200/std.lang.all/10/59/asset-361059.jpg",
    "fullImage": "https://static.colruytgroup.com/images/500x500/std.lang.all/10/59/asset-361059.jpg",
    "squareImage": "https://static.colruytgroup.com/images/500x500sq/std.lang.all/10/59/asset-361059.jpg",
    "content": "50m",
    "walkRouteSequenceNumber": 14163,
    "price": {
      "basicPrice": 1.39,
      "recommendedQuantity": "1.0",
      "measurementUnitPrice": 0.028,
      "measurementUnit": "M",
      "isRedPrice": false,
      "pricePerUOM": 0.028,
      "activationDate": "23-03-2024",
      "recordSource": "Folder",
      "isPromoActive": "N",
      "priceChangeCode": "E"
    },
    "isAvailable": true,
    "isPriceAvailable": true,
    "inPromo": false,
    "gtin": [
      "04103330217134",
      "05010622005029",
      "04103330317131"
    ],
    "topCategoryName": "Lichaamsverzorging/Parfumerie",
    "topCategoryId": "591",
    "businessDomain": "NON_FOOD",
    "IsPrivateLabel": false,
    "IsBiffe": false,
    "IsWeightArticle": false,
    "RecentQuanityOfStockUnits": "1",
    "LongName": "ORAL-B Essential flossdraad mint 50m",
    "IsBio": false,
    "CountryOfOrigin": "IERLAND",
    "FicCode": "N",
    "OrderUnit": "P",
    "ShortName": "ORAL-B FLOSS MINT 50 M",
    "IsNew": false
  },
  {
    "productId": "819507",
    "technicalArticleNumber": "4651710",
    "commercialArticleNumber": "6529",
    "name": "shampoo argan/cedrat",
    "description": "*Shampoo\n*Assorti:\n-Klei & Cedercitroen\n-Klei & Cedercitroen",
    "brand": "ULTRA DOUX",
    "seoBrand": "Ultra Doux",
    "thumbNail": "https://static.colruytgroup.com/images/200x200/std.lang.all/07/35/asset-2960735.jpg",
    "fullImage": "https://static.colruytgroup.com/images/500x500/std.lang.all/07/35/asset-2960735.jpg",
    "squareImage": "https://static.colruytgroup.com/images/500x500sq/std.lang.all/07/35/asset-2960735.jpg",
    "content": "250ml",
    "walkRouteSequenceNumber": 15094,
    "price": {
      "basicPrice": 3.39,
      "recommendedQuantity": "1.0",
      "quantityPrice": 2.33,
      "quantityPriceQuantity": "3.0",
      "measurementUnitPrice": 13.56,
      "measurementUnitQuantityPrice": 9.32,
      "measurementUnit": "L",
      "isRedPrice": false,
      "pricePerUOM": 13.56,
      "activationDate": "19-03-2024",
      "recordSource": "Offline",
      "isPromoActive": "N",
      "priceChangeCode": "E",
      "quantityPricePerUOM": 9.32,
      "quantityActivationDate": "19-03-2024",
      "quantityPriceChangeCode": "H"
    },
    "isAvailable": true,
    "isPriceAvailable": true,
    "inPromo": false,
    "gtin": [
      "05410103136387",
      "03600542460255",
      "03600542460781",
      "05410103136349",
      "05410103137964"
    ],
    "topCategoryName": "Lichaamsverzorging/Parfumerie",
    "topCategoryId": "591",
    "businessDomain": "RETAIL_BE",
    "IsPrivateLabel": false,
    "IsBiffe": false,
    "WeightconversionFactor": "0",
    "IsWeightArticle": false,
    "IsBio": false,
    "CountryOfOrigin": "POLEN",
    "IsExclusivelySoldInLuxembourg": false,
    "OrderUnit": "P",
    "ShortName": "ULTD SH.ARGAN/CEDR250",
    "IsNew": false,
    "RecentQuanityOfStockUnits": "1,2,2,1",
    "LongName": "ULTRA DOUX shampoo argan/cedrat 250ml",
    "FicCode": "N"
  },
  {
    "productId": "87928",
    "technicalArticleNumber": "2988753",
    "commercialArticleNumber": "4251",
    "name": "shampoo oranjebloesem",
    "description": "*Shampoo\n*500 ml\n*Oranjebloesem:\nvoor elk haartype",
    "brand": "EVERYDAY",
    "seoBrand": "Everyday",
    "thumbNail": "https://static.colruytgroup.com/images/200x200/std.lang.all/90/16/asset-3359016.jpg",
    "fullImage": "https://static.colruytgroup.com/images/500x500/std.lang.all/90/16/asset-3359016.jpg",
    "squareImage": "https://static.colruytgroup.com/images/500x500sq/std.lang.all/90/16/asset-3359016.jpg",
    "content": "500ml",
    "walkRouteSequenceNumber": 14798,
    "price": {
      "basicPrice": 0.5,
      "recommendedQuantity": "1.0",
      "measurementUnitPrice": 1,
      "measurementUnit": "L",
      "isRedPrice": false,
      "pricePerUOM": 1,
      "activationDate": "15-03-2023",
      "recordSource": "Offline",
      "isPromoActive": "N",
      "priceChangeCode": "H"
    },
    "isAvailable": true,
    "isPriceAvailable": true,
    "inPromo": false,
    "gtin": [
      "05400141766097",
      "15400141766094",
      "05400141425109",
      "05400141232288",
      "15400141232285",
      "05400141257571"
    ],
    "topCategoryName": "Lichaamsverzorging/Parfumerie",
    "topCategoryId": "591",
    "businessDomain": "RETAIL_BE",
    "IsPrivateLabel": true,
    "IsBiffe": false,
    "WeightconversionFactor": "0",
    "IsWeightArticle": false,
    "IsBio": false,
    "CountryOfOrigin": "BELGIË",
    "IsExclusivelySoldInLuxembourg": false,
    "OrderUnit": "P",
    "ShortName": "EVD SH.ZACHT FAMILY 500",
    "IsNew": false,
    "RecentQuanityOfStockUnits": "1,12",
    "LongName": "EVERYDAY shampoo oranjebloesem 500ml",
    "AlcoholVolume": "0",
    "FicCode": "N"
  },
  {
    "productId": "207603",
    "technicalArticleNumber": "3517058",
    "commercialArticleNumber": "17866",
    "name": "handzeep honing/kamille",
    "description": "* Wascrème\n* 2 parfums:\n- Kamille\n- Galam & Honing\n* Antibacterieel",
    "brand": "DETTOL",
    "seoBrand": "Dettol",
    "thumbNail": "https://static.colruytgroup.com/images/200x200/std.lang.all/54/18/asset-3215418.jpg",
    "fullImage": "https://static.colruytgroup.com/images/500x500/std.lang.all/54/18/asset-3215418.jpg",
    "squareImage": "https://static.colruytgroup.com/images/500x500sq/std.lang.all/54/18/asset-3215418.jpg",
    "content": "250ml",
    "walkRouteSequenceNumber": 15068,
    "price": {
      "basicPrice": 3.99,
      "recommendedQuantity": "1.0",
      "measurementUnitPrice": 15.96,
      "measurementUnit": "L",
      "isRedPrice": false,
      "pricePerUOM": 15.96,
      "activationDate": "12-03-2024",
      "recordSource": "Offline",
      "isPromoActive": "N",
      "priceChangeCode": "E"
    },
    "isAvailable": true,
    "isPriceAvailable": true,
    "inPromo": false,
    "gtin": [
      "08710552364483",
      "08710552364476",
      "08710552581743",
      "05400141194753",
      "08710552581750",
      "05410036314753",
      "45400141618462",
      "05410036314760",
      "15410036220679",
      "15410036220709"
    ],
    "topCategoryName": "Lichaamsverzorging/Parfumerie",
    "topCategoryId": "591",
    "businessDomain": "RETAIL_BE",
    "IsPrivateLabel": false,
    "IsBiffe": false,
    "WeightconversionFactor": "0",
    "IsWeightArticle": false,
    "IsBio": false,
    "CountryOfOrigin": "VERENIGD KONINKRIJK",
    "IsExclusivelySoldInLuxembourg": false,
    "OrderUnit": "P",
    "ShortName": "DETT.WASCR.EXTR+CARE250",
    "InSeason": true,
    "IsNew": false,
    "RecentQuanityOfStockUnits": "1,1,6,12",
    "LongName": "DETTOL handzeep honing/kamille 250ml",
    "AlcoholVolume": "0",
    "StartSeasonDate": "12/06/2023",
    "FicCode": "N"
  },
  {
    "productId": "110729",
    "technicalArticleNumber": "3113698",
    "commercialArticleNumber": "43937",
    "name": "handzeep No-Touch nav.ass.",
    "description": "*Assortiment:\n-Voedende sheaboter\n-Aloë Vera\n-Honing en galamboter",
    "brand": "DETTOL",
    "seoBrand": "Dettol",
    "thumbNail": "https://static.colruytgroup.com/images/200x200/std.lang.all/54/84/asset-3215484.jpg",
    "fullImage": "https://static.colruytgroup.com/images/500x500/std.lang.all/54/84/asset-3215484.jpg",
    "squareImage": "https://static.colruytgroup.com/images/500x500sq/std.lang.all/54/84/asset-3215484.jpg",
    "content": "250ml",
    "walkRouteSequenceNumber": 15066,
    "price": {
      "basicPrice": 4.95,
      "recommendedQuantity": "1.0",
      "measurementUnitPrice": 19.8,
      "measurementUnit": "L",
      "isRedPrice": false,
      "pricePerUOM": 19.8,
      "activationDate": "23-03-2024",
      "recordSource": "Online",
      "isPromoActive": "N",
      "priceChangeCode": "E"
    },
    "isAvailable": true,
    "isPriceAvailable": true,
    "inPromo": false,
    "gtin": [
      "25400141286919",
      "08710552364506",
      "08710552581774",
      "05410036138496",
      "05410036303375",
      "05410036269626",
      "05400141439373",
      "05400141124927",
      "15410036205966",
      "15410036106645",
      "15410036106638",
      "15400141967576",
      "08710552307381",
      "08710552306742",
      "08710552285146",
      "08710552261843",
      "08710552261294",
      "55400141618469",
      "05410036311776",
      "15410036219116",
      "15410036219208",
      "15410036219147",
      "03059947000304"
    ],
    "topCategoryName": "Lichaamsverzorging/Parfumerie",
    "topCategoryId": "591",
    "businessDomain": "RETAIL_BE",
    "IsPrivateLabel": false,
    "IsBiffe": false,
    "WeightconversionFactor": "0",
    "IsWeightArticle": false,
    "IsBio": false,
    "CountryOfOrigin": "HONGARIJE",
    "IsExclusivelySoldInLuxembourg": false,
    "OrderUnit": "P",
    "ShortName": "DETT.NOTOUCH NAV.ASS250",
    "InSeason": true,
    "IsNew": false,
    "RecentQuanityOfStockUnits": "1,1,1,2",
    "LongName": "DETTOL handzeep No-Touch nav.ass. 250ml",
    "AlcoholVolume": "0",
    "StartSeasonDate": "12/06/2023",
    "FicCode": "N"
  },
  {
    "productId": "190873",
    "technicalArticleNumber": "3458299",
    "commercialArticleNumber": "14421",
    "name": "deo Oriental/Paradise moments",
    "description": "*Deospray\n*Assorti:\n-Hibiscusbloem\n-Sandelhout &\nWoestijnroos",
    "brand": "FA",
    "seoBrand": "Fa",
    "thumbNail": "https://static.colruytgroup.com/images/200x200/std.lang.all/51/95/asset-2635195.jpg",
    "fullImage": "https://static.colruytgroup.com/images/500x500/std.lang.all/51/95/asset-2635195.jpg",
    "squareImage": "https://static.colruytgroup.com/images/500x500sq/std.lang.all/51/95/asset-2635195.jpg",
    "content": "150ml",
    "walkRouteSequenceNumber": 14742,
    "price": {
      "basicPrice": 2.49,
      "recommendedQuantity": "1.0",
      "measurementUnitPrice": 16.6,
      "measurementUnit": "L",
      "isRedPrice": false,
      "pricePerUOM": 16.6,
      "activationDate": "14-03-2024",
      "recordSource": "Offline",
      "isPromoActive": "N",
      "priceChangeCode": "E"
    },
    "isAvailable": true,
    "isPriceAvailable": true,
    "inPromo": false,
    "gtin": [
      "05412530852274",
      "15400141885238",
      "05412530841704",
      "05410091729844",
      "05400141220445",
      "05410091724009"
    ],
    "topCategoryName": "Lichaamsverzorging/Parfumerie",
    "topCategoryId": "591",
    "businessDomain": "RETAIL_BE",
    "IsPrivateLabel": false,
    "IsBiffe": false,
    "WeightconversionFactor": "0",
    "IsWeightArticle": false,
    "IsBio": false,
    "CountryOfOrigin": "DUITSLAND",
    "IsExclusivelySoldInLuxembourg": false,
    "OrderUnit": "P",
    "ShortName": "FA DEO MM ORIE/PARAD150",
    "IsNew": false,
    "RecentQuanityOfStockUnits": "2,1,1",
    "LongName": "FA deo Oriental/Paradise moments 150ml",
    "AlcoholVolume": "0",
    "FicCode": "N"
  },
  {
    "productId": "884109",
    "technicalArticleNumber": "4742670",
    "commercialArticleNumber": "32446",
    "name": "Premium pure 3l 180v",
    "description": "*Premium pure\n*3-lagig\n*180 vellen",
    "brand": "SCOTTEX",
    "seoBrand": "Scottex",
    "thumbNail": "https://static.colruytgroup.com/images/200x200/std.lang.all/96/71/asset-3349671.jpg",
    "fullImage": "https://static.colruytgroup.com/images/500x500/std.lang.all/96/71/asset-3349671.jpg",
    "squareImage": "https://static.colruytgroup.com/images/500x500sq/std.lang.all/96/71/asset-3349671.jpg",
    "content": "8r",
    "walkRouteSequenceNumber": 10175,
    "price": {
      "basicPrice": 6.98,
      "recommendedQuantity": "1.0",
      "measurementUnitPrice": 0.88,
      "measurementUnit": "S",
      "isRedPrice": false,
      "pricePerUOM": 0.88,
      "activationDate": "14-03-2024",
      "recordSource": "Offline",
      "isPromoActive": "N",
      "priceChangeCode": "E"
    },
    "isAvailable": true,
    "isPriceAvailable": true,
    "inPromo": false,
    "gtin": [
      "05029053580586"
    ],
    "topCategoryName": "Lichaamsverzorging/Parfumerie",
    "topCategoryId": "591",
    "businessDomain": "RETAIL_BE",
    "IsPrivateLabel": false,
    "IsBiffe": false,
    "WeightconversionFactor": "0",
    "IsWeightArticle": false,
    "IsBio": false,
    "CountryOfOrigin": "SPANJE",
    "IsExclusivelySoldInLuxembourg": false,
    "OrderUnit": "P",
    "ShortName": "SCOT TP XL 3L 180V 8R",
    "IsNew": false,
    "RecentQuanityOfStockUnits": "1",
    "LongName": "SCOTTEX Premium pure 3l 180v 8r",
    "FicCode": "N"
  },
  {
    "productId": "39338",
    "technicalArticleNumber": "1789595",
    "commercialArticleNumber": "6944",
    "name": "Ultra Mini Plus inlegk.",
    "description": "*Inlegkruisjes (24s)\n*licht urineverlies\n*Triple Protection\n*Odour Control\n*Parfumvrij",
    "brand": "TENA",
    "seoBrand": "Tena",
    "thumbNail": "https://static.colruytgroup.com/images/200x200/std.lang.all/95/02/asset-1959502.jpg",
    "fullImage": "https://static.colruytgroup.com/images/500x500/std.lang.all/95/02/asset-1959502.jpg",
    "squareImage": "https://static.colruytgroup.com/images/500x500sq/std.lang.all/95/02/asset-1959502.jpg",
    "content": "24st",
    "walkRouteSequenceNumber": 14266,
    "price": {
      "basicPrice": 2.99,
      "recommendedQuantity": "2.0",
      "measurementUnitPrice": 0.125,
      "measurementUnit": "S",
      "isRedPrice": false,
      "pricePerUOM": 0.125,
      "activationDate": "11-03-2024",
      "recordSource": "Offline",
      "isPromoActive": "N",
      "priceChangeCode": "E"
    },
    "isAvailable": true,
    "isPriceAvailable": true,
    "inPromo": true,
    "promotion": [
      {
        "techPromoId": "100838COLR",
        "promotionId": "100838",
        "promotionType": "3",
        "isPersonalized": "N",
        "publicationStartDate": "13-03-2024",
        "publicationEndDate": "26-03-2024"
      }
    ],
    "gtin": [
      "07322541080161",
      "07322540226058",
      "05400141069440"
    ],
    "topCategoryName": "Lichaamsverzorging/Parfumerie",
    "topCategoryId": "591",
    "businessDomain": "RETAIL_BE",
    "IsPrivateLabel": false,
    "IsBiffe": false,
    "WeightconversionFactor": "0",
    "IsWeightArticle": false,
    "IsBio": false,
    "CountryOfOrigin": "BELGIË",
    "IsExclusivelySoldInLuxembourg": false,
    "OrderUnit": "P",
    "ShortName": "TENA ULT.MINI PLUS 24ST",
    "IsNew": false,
    "RecentQuanityOfStockUnits": "6,2,1",
    "LongName": "TENA Ultra Mini Plus inlegk. 24st",
    "AlcoholVolume": "0",
    "FicCode": "N"
  },
  {
    "productId": "731610",
    "technicalArticleNumber": "4489638",
    "commercialArticleNumber": "12392",
    "name": "inco pants unisex L-XL",
    "brand": "BONI",
    "seoBrand": "Boni Selection",
    "thumbNail": "https://static.colruytgroup.com/images/200x200/std.lang.all/91/61/asset-2709161.jpg",
    "fullImage": "https://static.colruytgroup.com/images/500x500/std.lang.all/91/61/asset-2709161.jpg",
    "squareImage": "https://static.colruytgroup.com/images/500x500sq/std.lang.all/91/61/asset-2709161.jpg",
    "content": "10st",
    "walkRouteSequenceNumber": 14144,
    "price": {
      "basicPrice": 5.59,
      "recommendedQuantity": "1.0",
      "quantityPrice": 4.81,
      "quantityPriceQuantity": "5.0",
      "measurementUnitPrice": 0.56,
      "measurementUnitQuantityPrice": 0.481,
      "measurementUnit": "S",
      "isRedPrice": false,
      "pricePerUOM": 0.56,
      "activationDate": "13-03-2024",
      "recordSource": "Offline",
      "isPromoActive": "N",
      "priceChangeCode": "E",
      "quantityPricePerUOM": 0.481,
      "quantityActivationDate": "13-03-2024",
      "quantityPriceChangeCode": "H"
    },
    "isAvailable": true,
    "isPriceAvailable": true,
    "inPromo": false,
    "gtin": [
      "05400141696264",
      "15400141696261"
    ],
    "topCategoryName": "Lichaamsverzorging/Parfumerie",
    "topCategoryId": "591",
    "businessDomain": "RETAIL_BE",
    "IsPrivateLabel": true,
    "IsBiffe": false,
    "WeightconversionFactor": "0",
    "IsWeightArticle": false,
    "IsBio": false,
    "CountryOfOrigin": "BELGIË",
    "IsExclusivelySoldInLuxembourg": false,
    "OrderUnit": "P",
    "ShortName": "BONI INCO PANTS L-XL 10",
    "IsNew": false,
    "RecentQuanityOfStockUnits": "1,4",
    "LongName": "BONI inco pants unisex L-XL 10st",
    "FicCode": "N"
  },
  {
    "productId": "858670",
    "technicalArticleNumber": "4708942",
    "commercialArticleNumber": "31675",
    "name": "maandverband normal",
    "description": "*Maandverband 16 ST\n*Normaal",
    "brand": "ALWAYS ULTRA",
    "seoBrand": "Always Ultra",
    "thumbNail": "https://static.colruytgroup.com/images/200x200/std.lang.all/93/35/asset-2669335.jpg",
    "fullImage": "https://static.colruytgroup.com/images/500x500/std.lang.all/93/35/asset-2669335.jpg",
    "squareImage": "https://static.colruytgroup.com/images/500x500sq/std.lang.all/93/35/asset-2669335.jpg",
    "content": "16st",
    "walkRouteSequenceNumber": 14558,
    "price": {
      "basicPrice": 2.69,
      "recommendedQuantity": "1.0",
      "measurementUnitPrice": 0.169,
      "measurementUnit": "S",
      "isRedPrice": false,
      "pricePerUOM": 0.169,
      "activationDate": "13-03-2024",
      "recordSource": "Offline",
      "isPromoActive": "N",
      "priceChangeCode": "E"
    },
    "isAvailable": true,
    "isPriceAvailable": true,
    "inPromo": true,
    "promotion": [
      {
        "techPromoId": "100869COLR",
        "promotionId": "100869",
        "promotionType": "4",
        "isPersonalized": "N",
        "publicationStartDate": "13-03-2024",
        "publicationEndDate": "26-03-2024"
      }
    ],
    "gtin": [
      "45400141628393",
      "08006540822180",
      "08006540822197"
    ],
    "topCategoryName": "Lichaamsverzorging/Parfumerie",
    "topCategoryId": "591",
    "businessDomain": "RETAIL_BE",
    "IsPrivateLabel": false,
    "IsBiffe": false,
    "WeightconversionFactor": "0",
    "IsWeightArticle": false,
    "IsBio": false,
    "CountryOfOrigin": "DUITSLAND",
    "IsExclusivelySoldInLuxembourg": false,
    "OrderUnit": "P",
    "ShortName": "ALWA ULT.MVB NORMAL16",
    "IsNew": false,
    "RecentQuanityOfStockUnits": "4,1",
    "LongName": "ALWAYS ULTRA maandverband normal 16st",
    "FicCode": "N"
  },
  {
    "productId": "513678",
    "technicalArticleNumber": "4080129",
    "commercialArticleNumber": "7611",
    "name": "Excellence 5l 73v",
    "description": "*5 lagen\n*73 vellen",
    "brand": "NALYS",
    "seoBrand": "Nalys",
    "thumbNail": "https://static.colruytgroup.com/images/200x200/std.lang.all/88/27/asset-3128827.jpg",
    "fullImage": "https://static.colruytgroup.com/images/500x500/std.lang.all/88/27/asset-3128827.jpg",
    "squareImage": "https://static.colruytgroup.com/images/500x500sq/std.lang.all/88/27/asset-3128827.jpg",
    "content": "8r",
    "walkRouteSequenceNumber": 3890,
    "price": {
      "basicPrice": 7.58,
      "recommendedQuantity": "1.0",
      "quantityPrice": 5.06,
      "quantityPriceQuantity": "3.0",
      "measurementUnitPrice": 0.95,
      "measurementUnitQuantityPrice": 0.64,
      "measurementUnit": "S",
      "isRedPrice": false,
      "pricePerUOM": 0.95,
      "activationDate": "23-03-2024",
      "recordSource": "Offline",
      "isPromoActive": "N",
      "priceChangeCode": "E",
      "quantityPricePerUOM": 0.64,
      "quantityActivationDate": "23-03-2024",
      "quantityPriceChangeCode": "E"
    },
    "isAvailable": true,
    "isPriceAvailable": true,
    "inPromo": false,
    "gtin": [
      "08004260572514",
      "08004260237031"
    ],
    "topCategoryName": "Lichaamsverzorging/Parfumerie",
    "topCategoryId": "591",
    "businessDomain": "RETAIL_BE",
    "IsPrivateLabel": false,
    "IsBiffe": false,
    "WeightconversionFactor": "0",
    "IsWeightArticle": false,
    "IsBio": false,
    "CountryOfOrigin": "FRANKRIJK",
    "IsExclusivelySoldInLuxembourg": false,
    "OrderUnit": "P",
    "ShortName": "NALY EXCE.5L 73V 8ST",
    "IsNew": false,
    "RecentQuanityOfStockUnits": "1,8",
    "LongName": "NALYS Excellence 5l 73v 8r",
    "FicCode": "N"
  },
  {
    "productId": "896703",
    "technicalArticleNumber": "4756316",
    "commercialArticleNumber": "13522",
    "name": "tandenborstel Fresh 35M",
    "brand": "ORAL-B",
    "seoBrand": "Oral-B 3D White",
    "thumbNail": "https://static.colruytgroup.com/images/200x200/std.lang.all/42/96/asset-3334296.jpg",
    "fullImage": "https://static.colruytgroup.com/images/500x500/std.lang.all/42/96/asset-3334296.jpg",
    "squareImage": "https://static.colruytgroup.com/images/500x500sq/std.lang.all/42/96/asset-3334296.jpg",
    "walkRouteSequenceNumber": 14205,
    "price": {
      "basicPrice": 2.19,
      "recommendedQuantity": "1.0",
      "measurementUnitPrice": 2.19,
      "measurementUnit": "S",
      "isRedPrice": false,
      "pricePerUOM": 2.19,
      "activationDate": "19-03-2024",
      "recordSource": "Offline",
      "isPromoActive": "N",
      "priceChangeCode": "E"
    },
    "isAvailable": true,
    "isPriceAvailable": true,
    "inPromo": false,
    "gtin": [
      "08700216106474",
      "08700216106443",
      "08700216106436",
      "55400141617318"
    ],
    "topCategoryName": "Lichaamsverzorging/Parfumerie",
    "topCategoryId": "591",
    "businessDomain": "RETAIL_BE",
    "IsPrivateLabel": false,
    "IsBiffe": false,
    "WeightconversionFactor": "0",
    "IsWeightArticle": false,
    "IsBio": false,
    "CountryOfOrigin": "IERLAND",
    "IsExclusivelySoldInLuxembourg": false,
    "OrderUnit": "P",
    "ShortName": "ORAL TB 3D WHI FR 35 1S",
    "IsNew": false,
    "RecentQuanityOfStockUnits": "1,2",
    "LongName": "ORAL-B tandenborstel Fresh 35M",
    "AlcoholVolume": "0",
    "FicCode": "N"
  },
  {
    "productId": "802252",
    "technicalArticleNumber": "4617734",
    "commercialArticleNumber": "11183",
    "name": "navulling familie hydra.",
    "brand": "SANEX ZERO %",
    "seoBrand": "Sanex",
    "thumbNail": "https://static.colruytgroup.com/images/200x200/std.lang.all/47/79/asset-2904779.jpg",
    "fullImage": "https://static.colruytgroup.com/images/500x500/std.lang.all/47/79/asset-2904779.jpg",
    "squareImage": "https://static.colruytgroup.com/images/500x500sq/std.lang.all/47/79/asset-2904779.jpg",
    "content": "1L",
    "walkRouteSequenceNumber": 14690,
    "price": {
      "basicPrice": 6.79,
      "recommendedQuantity": "1.0",
      "measurementUnitPrice": 6.79,
      "measurementUnit": "L",
      "isRedPrice": false,
      "pricePerUOM": 6.79,
      "activationDate": "12-03-2024",
      "isPromoActive": "N",
      "priceChangeCode": "L"
    },
    "isAvailable": true,
    "isPriceAvailable": true,
    "inPromo": false,
    "gtin": [
      "08718951481206",
      "08718951481213"
    ],
    "topCategoryName": "Lichaamsverzorging/Parfumerie",
    "topCategoryId": "591",
    "businessDomain": "RETAIL_BE",
    "IsPrivateLabel": false,
    "IsBiffe": false,
    "WeightconversionFactor": "0",
    "IsWeightArticle": false,
    "IsBio": false,
    "CountryOfOrigin": "ITALIË",
    "IsExclusivelySoldInLuxembourg": false,
    "OrderUnit": "P",
    "ShortName": "SANE NAV.ZERO HYD.1L",
    "IsNew": false,
    "RecentQuanityOfStockUnits": "1",
    "LongName": "SANEX ZERO % navulling familie hydra. 1L",
    "FicCode": "N"
  },
  {
    "productId": "875616",
    "technicalArticleNumber": "4730972",
    "commercialArticleNumber": "32257",
    "name": "Voch.compl.clea.ref.duo",
    "description": "*Complete clean refill duo",
    "brand": "SCOTTEX",
    "seoBrand": "Scottex",
    "thumbNail": "https://static.colruytgroup.com/images/200x200/std.lang.all/15/96/asset-3441596.jpg",
    "fullImage": "https://static.colruytgroup.com/images/500x500/std.lang.all/15/96/asset-3441596.jpg",
    "squareImage": "https://static.colruytgroup.com/images/500x500sq/std.lang.all/15/96/asset-3441596.jpg",
    "content": "2x42st",
    "walkRouteSequenceNumber": 10173,
    "price": {
      "basicPrice": 4.99,
      "recommendedQuantity": "1.0",
      "measurementUnitPrice": 0.06,
      "measurementUnit": "S",
      "isRedPrice": false,
      "pricePerUOM": 0.06,
      "activationDate": "13-03-2024",
      "recordSource": "Offline",
      "isPromoActive": "N",
      "priceChangeCode": "E"
    },
    "isAvailable": true,
    "isPriceAvailable": true,
    "inPromo": false,
    "gtin": [
      "05029053580234",
      "05029053580319",
      "05029054250457"
    ],
    "topCategoryName": "Lichaamsverzorging/Parfumerie",
    "topCategoryId": "591",
    "businessDomain": "RETAIL_BE",
    "IsPrivateLabel": false,
    "IsBiffe": false,
    "WeightconversionFactor": "0",
    "IsWeightArticle": false,
    "IsBio": false,
    "CountryOfOrigin": "DUITSLAND",
    "IsExclusivelySoldInLuxembourg": false,
    "OrderUnit": "P",
    "ShortName": "SCOT TP VOCH.CLEAN2X42S",
    "IsNew": false,
    "RecentQuanityOfStockUnits": "6,1",
    "LongName": "SCOTTEX Voch.compl.clea.ref.duo 2x42st",
    "AlcoholVolume": "0",
    "FicCode": "N"
  },
  {
    "productId": "34198",
    "technicalArticleNumber": "1793035",
    "commercialArticleNumber": "720271",
    "name": "Handcrème Original",
    "description": "*Herstellende crème\n*Intensieve hydratie\n*Droge huid",
    "brand": "VASELINE",
    "seoBrand": "Vaseline",
    "thumbNail": "https://static.colruytgroup.com/images/200x200/std.lang.all/79/03/asset-2897903.jpg",
    "fullImage": "https://static.colruytgroup.com/images/500x500/std.lang.all/79/03/asset-2897903.jpg",
    "squareImage": "https://static.colruytgroup.com/images/500x500sq/std.lang.all/79/03/asset-2897903.jpg",
    "content": "100ml",
    "walkRouteSequenceNumber": 15285,
    "price": {
      "basicPrice": 1.27,
      "recommendedQuantity": "1.0",
      "measurementUnitPrice": 12.7,
      "measurementUnit": "K",
      "isRedPrice": false,
      "pricePerUOM": 12.7,
      "activationDate": "05-03-2024",
      "recordSource": "Offline",
      "isPromoActive": "N",
      "priceChangeCode": "L"
    },
    "isAvailable": true,
    "isPriceAvailable": true,
    "inPromo": false,
    "gtin": [
      "08720181060533",
      "28886467059029",
      "18901030551250",
      "08718114338774",
      "05000262128479",
      "05000228997262",
      "00000042182634"
    ],
    "topCategoryName": "Lichaamsverzorging/Parfumerie",
    "topCategoryId": "591",
    "businessDomain": "NON_FOOD",
    "IsPrivateLabel": false,
    "IsBiffe": false,
    "IsWeightArticle": false,
    "RecentQuanityOfStockUnits": "12,1",
    "LongName": "VASELINE Handcrème Original 100ml",
    "IsBio": false,
    "AlcoholVolume": "0",
    "CountryOfOrigin": "BELGIË",
    "FicCode": "N",
    "OrderUnit": "P",
    "ShortName": "VASELINE 100G",
    "IsNew": false
  },
  {
    "productId": "820133",
    "technicalArticleNumber": "4652880",
    "commercialArticleNumber": "10018",
    "name": "shampoo honing/haver",
    "description": "*Shampoo\n*Assorti:\n-Geheim van honing\n-Haver",
    "brand": "ULTRA DOUX",
    "seoBrand": "Ultra Doux",
    "thumbNail": "https://static.colruytgroup.com/images/200x200/std.lang.all/93/05/asset-2999305.jpg",
    "fullImage": "https://static.colruytgroup.com/images/500x500/std.lang.all/93/05/asset-2999305.jpg",
    "squareImage": "https://static.colruytgroup.com/images/500x500sq/std.lang.all/93/05/asset-2999305.jpg",
    "content": "400ml",
    "walkRouteSequenceNumber": 15083,
    "price": {
      "basicPrice": 3.99,
      "recommendedQuantity": "1.0",
      "quantityPrice": 2.33,
      "quantityPriceQuantity": "2.0",
      "measurementUnitPrice": 9.98,
      "measurementUnitQuantityPrice": 5.83,
      "measurementUnit": "L",
      "isRedPrice": false,
      "pricePerUOM": 9.98,
      "activationDate": "19-03-2024",
      "recordSource": "Offline",
      "isPromoActive": "N",
      "priceChangeCode": "E",
      "quantityPricePerUOM": 5.83,
      "quantityActivationDate": "19-03-2024",
      "quantityPriceChangeCode": "L"
    },
    "isAvailable": true,
    "isPriceAvailable": true,
    "inPromo": false,
    "gtin": [
      "05410103136080",
      "05410103136127",
      "03600542461474",
      "03600542461054"
    ],
    "topCategoryName": "Lichaamsverzorging/Parfumerie",
    "topCategoryId": "591",
    "businessDomain": "RETAIL_BE",
    "IsPrivateLabel": false,
    "IsBiffe": false,
    "WeightconversionFactor": "0",
    "IsWeightArticle": false,
    "IsBio": false,
    "CountryOfOrigin": "POLEN",
    "IsExclusivelySoldInLuxembourg": false,
    "OrderUnit": "P",
    "ShortName": "UT.D SH. HON./HAV.400ML",
    "IsNew": false,
    "RecentQuanityOfStockUnits": "1,1,2,2",
    "LongName": "ULTRA DOUX shampoo honing/haver 400ml",
    "FicCode": "N"
  },
  {
    "productId": "859047",
    "technicalArticleNumber": "4709360",
    "commercialArticleNumber": "31780",
    "name": "stick musk/toniq",
    "description": "*Deostick\n*Assortiment:\n-Musk\n-Green\n24u bescherming",
    "brand": "MENNEN",
    "seoBrand": "Mennen",
    "thumbNail": "https://static.colruytgroup.com/images/200x200/std.lang.all/11/72/asset-3361172.jpg",
    "fullImage": "https://static.colruytgroup.com/images/500x500/std.lang.all/11/72/asset-3361172.jpg",
    "squareImage": "https://static.colruytgroup.com/images/500x500sq/std.lang.all/11/72/asset-3361172.jpg",
    "content": "60ml",
    "walkRouteSequenceNumber": 14650,
    "price": {
      "basicPrice": 5.99,
      "recommendedQuantity": "1.0",
      "measurementUnitPrice": 99.84,
      "measurementUnit": "L",
      "isRedPrice": false,
      "pricePerUOM": 99.84,
      "activationDate": "02-02-2024",
      "recordSource": "Offline",
      "isPromoActive": "N",
      "priceChangeCode": "E"
    },
    "isAvailable": true,
    "isPriceAvailable": true,
    "inPromo": false,
    "gtin": [
      "05410103154961",
      "03600551074337",
      "05410103154954",
      "03600551072098"
    ],
    "topCategoryName": "Lichaamsverzorging/Parfumerie",
    "topCategoryId": "591",
    "businessDomain": "RETAIL_BE",
    "IsPrivateLabel": false,
    "IsBiffe": false,
    "WeightconversionFactor": "0",
    "IsWeightArticle": false,
    "IsBio": false,
    "CountryOfOrigin": "ITALIË",
    "IsExclusivelySoldInLuxembourg": false,
    "OrderUnit": "P",
    "ShortName": "MENN STICK MUSK/TONIQ60",
    "IsNew": false,
    "RecentQuanityOfStockUnits": "2,1,2,1",
    "LongName": "MENNEN stick musk/toniq 60ml",
    "FicCode": "N"
  },
  {
    "productId": "860422",
    "technicalArticleNumber": "4711233",
    "commercialArticleNumber": "9226",
    "name": "deo soft feel",
    "description": "*Anti-transpirant\n*Soft feel\n*72u bescherming",
    "brand": "DOVE",
    "seoBrand": "Dove",
    "thumbNail": "https://static.colruytgroup.com/images/200x200/std.lang.all/13/05/asset-3241305.jpg",
    "fullImage": "https://static.colruytgroup.com/images/500x500/std.lang.all/13/05/asset-3241305.jpg",
    "squareImage": "https://static.colruytgroup.com/images/500x500sq/std.lang.all/13/05/asset-3241305.jpg",
    "content": "150ml",
    "walkRouteSequenceNumber": 14751,
    "price": {
      "basicPrice": 4.27,
      "recommendedQuantity": "1.0",
      "measurementUnitPrice": 28.47,
      "measurementUnit": "L",
      "isRedPrice": false,
      "pricePerUOM": 28.47,
      "activationDate": "23-03-2024",
      "recordSource": "Folder",
      "isPromoActive": "N",
      "priceChangeCode": "E"
    },
    "isAvailable": true,
    "isPriceAvailable": true,
    "inPromo": true,
    "promotion": [
      {
        "techPromoId": "100897COLR",
        "promotionId": "100897",
        "promotionType": "4",
        "isPersonalized": "N",
        "publicationStartDate": "13-03-2024",
        "publicationEndDate": "26-03-2024"
      }
    ],
    "gtin": [
      "85400141867943",
      "08720181306747",
      "75400141867946",
      "08720181291838"
    ],
    "topCategoryName": "Lichaamsverzorging/Parfumerie",
    "topCategoryId": "591",
    "businessDomain": "RETAIL_BE",
    "IsPrivateLabel": false,
    "IsBiffe": false,
    "WeightconversionFactor": "0",
    "IsWeightArticle": false,
    "IsBio": false,
    "CountryOfOrigin": "VERENIGD KONINKRIJK",
    "IsExclusivelySoldInLuxembourg": false,
    "OrderUnit": "P",
    "ShortName": "DOVE DEO SOFT FEEL 150",
    "IsNew": false,
    "RecentQuanityOfStockUnits": "1,2",
    "LongName": "DOVE deo soft feel 150ml",
    "FicCode": "N"
  },
  {
    "productId": "786460",
    "technicalArticleNumber": "4588043",
    "commercialArticleNumber": "19477",
    "name": "super",
    "brand": "TAMPAX COMPAK",
    "seoBrand": "Tampax Compak",
    "thumbNail": "https://static.colruytgroup.com/images/200x200/std.lang.all/79/77/asset-2877977.jpg",
    "fullImage": "https://static.colruytgroup.com/images/500x500/std.lang.all/79/77/asset-2877977.jpg",
    "squareImage": "https://static.colruytgroup.com/images/500x500sq/std.lang.all/79/77/asset-2877977.jpg",
    "content": "20st",
    "walkRouteSequenceNumber": 14403,
    "price": {
      "basicPrice": 2.69,
      "recommendedQuantity": "1.0",
      "measurementUnitPrice": 0.135,
      "measurementUnit": "S",
      "isRedPrice": false,
      "pricePerUOM": 0.135,
      "activationDate": "15-03-2024",
      "recordSource": "Offline",
      "isPromoActive": "N",
      "priceChangeCode": "E"
    },
    "isAvailable": true,
    "isPriceAvailable": true,
    "inPromo": true,
    "promotion": [
      {
        "techPromoId": "100869COLR",
        "promotionId": "100869",
        "promotionType": "4",
        "isPersonalized": "N",
        "publicationStartDate": "13-03-2024",
        "publicationEndDate": "26-03-2024"
      }
    ],
    "gtin": [
      "25400141971464",
      "08006540458969",
      "08006540458976"
    ],
    "topCategoryName": "Lichaamsverzorging/Parfumerie",
    "topCategoryId": "591",
    "businessDomain": "RETAIL_BE",
    "IsPrivateLabel": false,
    "IsBiffe": false,
    "WeightconversionFactor": "0",
    "IsWeightArticle": false,
    "IsBio": false,
    "CountryOfOrigin": "HONGARIJE",
    "IsExclusivelySoldInLuxembourg": false,
    "OrderUnit": "P",
    "ShortName": "TAMP COMPAK SUPER 20ST",
    "IsNew": false,
    "RecentQuanityOfStockUnits": "1,2",
    "LongName": "TAMPAX COMPAK super 20st",
    "FicCode": "N"
  },
  {
    "productId": "58708",
    "technicalArticleNumber": "2341097",
    "commercialArticleNumber": "21761",
    "name": "zakdoeken Regular 4 laags",
    "description": "*10 zakdoeken\n*42 pakken\n*100% cellulose\n*FSC/Recycleerbare\n*Geen lotion 4 laags",
    "brand": "TEMPO",
    "seoBrand": "Tempo",
    "thumbNail": "https://static.colruytgroup.com/images/200x200/nl_be/31/71/asset-2353171.jpg",
    "fullImage": "https://static.colruytgroup.com/images/500x500/nl_be/31/71/asset-2353171.jpg",
    "squareImage": "https://static.colruytgroup.com/images/500x500sq/nl_be/31/71/asset-2353171.jpg",
    "content": "42st",
    "walkRouteSequenceNumber": 3906,
    "price": {
      "basicPrice": 8.38,
      "recommendedQuantity": "1.0",
      "measurementUnitPrice": 0.2,
      "measurementUnit": "S",
      "isRedPrice": false,
      "pricePerUOM": 0.2,
      "activationDate": "21-03-2024",
      "recordSource": "Offline",
      "isPromoActive": "Y",
      "priceChangeCode": "L"
    },
    "isAvailable": true,
    "isPriceAvailable": true,
    "inPromo": true,
    "promotion": [
      {
        "techPromoId": "100825COLR",
        "promotionId": "100825",
        "promotionType": "3",
        "isPersonalized": "N",
        "publicationStartDate": "13-03-2024",
        "publicationEndDate": "26-03-2024"
      }
    ],
    "gtin": [
      "07322540787047",
      "07322540787054"
    ],
    "topCategoryName": "Lichaamsverzorging/Parfumerie",
    "topCategoryId": "591",
    "businessDomain": "RETAIL_BE",
    "IsPrivateLabel": false,
    "IsBiffe": false,
    "WeightconversionFactor": "0",
    "IsWeightArticle": false,
    "IsBio": false,
    "CountryOfOrigin": "DUITSLAND",
    "IsExclusivelySoldInLuxembourg": false,
    "OrderUnit": "P",
    "ShortName": "TEMPO 42X10 ZAKDOEK",
    "IsNew": false,
    "RecentQuanityOfStockUnits": "1,8",
    "LongName": "TEMPO zakdoeken Regular 4 laags 42st",
    "AlcoholVolume": "0",
    "FicCode": "N"
  },
  {
    "productId": "783556",
    "technicalArticleNumber": "4581994",
    "commercialArticleNumber": "6634",
    "name": "tandpasta comp.prote.fris",
    "description": "*Voor gevoelige\ntanden\n*Frisse adem\n*Superieure reiniging",
    "brand": "SENSODYNE",
    "seoBrand": "Sensodyne",
    "thumbNail": "https://static.colruytgroup.com/images/200x200/std.lang.all/63/80/asset-2846380.jpg",
    "fullImage": "https://static.colruytgroup.com/images/500x500/std.lang.all/63/80/asset-2846380.jpg",
    "squareImage": "https://static.colruytgroup.com/images/500x500sq/std.lang.all/63/80/asset-2846380.jpg",
    "content": "75ml",
    "walkRouteSequenceNumber": 14357,
    "price": {
      "basicPrice": 5.99,
      "recommendedQuantity": "1.0",
      "measurementUnitPrice": 79.87,
      "measurementUnit": "L",
      "isRedPrice": false,
      "pricePerUOM": 79.87,
      "activationDate": "13-03-2024",
      "recordSource": "Offline",
      "isPromoActive": "N",
      "priceChangeCode": "H"
    },
    "isAvailable": true,
    "isPriceAvailable": true,
    "inPromo": false,
    "gtin": [
      "35400141971478",
      "15054563120882",
      "05054563120861"
    ],
    "topCategoryName": "Lichaamsverzorging/Parfumerie",
    "topCategoryId": "591",
    "businessDomain": "RETAIL_BE",
    "IsPrivateLabel": false,
    "IsBiffe": false,
    "WeightconversionFactor": "0",
    "IsWeightArticle": false,
    "IsBio": false,
    "CountryOfOrigin": "BELGIË",
    "IsExclusivelySoldInLuxembourg": false,
    "OrderUnit": "P",
    "ShortName": "SENS.TP COMP.PR.FRIS75",
    "IsNew": false,
    "RecentQuanityOfStockUnits": "2,1",
    "LongName": "SENSODYNE tandpasta comp.prote.fris 75ml",
    "FicCode": "N"
  },
  {
    "productId": "780968",
    "technicalArticleNumber": "4577113",
    "commercialArticleNumber": "28824",
    "name": "maandverband long+",
    "brand": "ALWAYS MAXI",
    "seoBrand": "Always Maxi",
    "thumbNail": "https://ecgproductmw.colruytgroup.com/ecgproductmw/noPicForArticle_2.jpg",
    "fullImage": "https://ecgproductmw.colruytgroup.com/ecgproductmw/noPicForArticle_5.jpg",
    "squareImage": "https://ecgproductmw.colruytgroup.com/ecgproductmw/noPicForArticle_5.jpg",
    "content": "20st",
    "walkRouteSequenceNumber": 14561,
    "price": {
      "basicPrice": 4.25,
      "recommendedQuantity": "2.0",
      "quantityPrice": 2.91,
      "quantityPriceQuantity": "3.0",
      "measurementUnitPrice": 0.213,
      "measurementUnitQuantityPrice": 0.146,
      "measurementUnit": "S",
      "isRedPrice": false,
      "pricePerUOM": 0.213,
      "activationDate": "18-03-2024",
      "recordSource": "Offline",
      "isPromoActive": "N",
      "priceChangeCode": "E",
      "quantityPricePerUOM": 0.146,
      "quantityActivationDate": "18-03-2024",
      "quantityPriceChangeCode": "H"
    },
    "isAvailable": true,
    "isPriceAvailable": true,
    "inPromo": false,
    "gtin": [
      "08006540452158",
      "15400141595533",
      "08006540452141"
    ],
    "topCategoryName": "Lichaamsverzorging/Parfumerie",
    "topCategoryId": "591",
    "businessDomain": "RETAIL_BE",
    "IsPrivateLabel": false,
    "IsBiffe": false,
    "WeightconversionFactor": "0",
    "IsWeightArticle": false,
    "IsBio": false,
    "CountryOfOrigin": "OEKRAÏNE",
    "IsExclusivelySoldInLuxembourg": false,
    "OrderUnit": "P",
    "ShortName": "ALWA MAXI MVB LONG+20ST",
    "IsNew": false,
    "RecentQuanityOfStockUnits": "1,2,12",
    "LongName": "ALWAYS MAXI maandverband long+ 20st",
    "FicCode": "N"
  },
  {
    "productId": "846838",
    "technicalArticleNumber": "4693262",
    "commercialArticleNumber": "15143",
    "name": "tandpasta wh.vita",
    "brand": "ORAL-B",
    "seoBrand": "Oral-B 3D White",
    "thumbNail": "https://static.colruytgroup.com/images/200x200/nl_be/00/03/asset-3330003.jpg",
    "fullImage": "https://static.colruytgroup.com/images/500x500/nl_be/00/03/asset-3330003.jpg",
    "squareImage": "https://static.colruytgroup.com/images/500x500sq/nl_be/00/03/asset-3330003.jpg",
    "content": "75ml",
    "walkRouteSequenceNumber": 14380,
    "price": {
      "basicPrice": 3.99,
      "recommendedQuantity": "1.0",
      "quantityPrice": 2.92,
      "quantityPriceQuantity": "3.0",
      "measurementUnitPrice": 53.2,
      "measurementUnitQuantityPrice": 38.94,
      "measurementUnit": "L",
      "isRedPrice": false,
      "pricePerUOM": 53.2,
      "activationDate": "23-03-2024",
      "recordSource": "Offline",
      "isPromoActive": "N",
      "priceChangeCode": "E",
      "quantityPricePerUOM": 38.94,
      "quantityActivationDate": "23-03-2024",
      "quantityPriceChangeCode": "E"
    },
    "isAvailable": true,
    "isPriceAvailable": true,
    "inPromo": false,
    "gtin": [
      "35400141874731",
      "08001090999948",
      "08700216066822",
      "08700216066815",
      "08001090999887",
      "08001090999924",
      "08001090999962"
    ],
    "topCategoryName": "Lichaamsverzorging/Parfumerie",
    "topCategoryId": "591",
    "businessDomain": "RETAIL_BE",
    "IsPrivateLabel": false,
    "IsBiffe": false,
    "WeightconversionFactor": "0",
    "IsWeightArticle": false,
    "IsBio": false,
    "CountryOfOrigin": "DUITSLAND",
    "IsExclusivelySoldInLuxembourg": false,
    "OrderUnit": "P",
    "ShortName": "ORAL TP 3D WH.VIT.FR.75",
    "IsNew": false,
    "RecentQuanityOfStockUnits": "4,1,2,3",
    "LongName": "ORAL-B tandpasta wh.vita 75ml",
    "FicCode": "N"
  },
  {
    "productId": "886707",
    "technicalArticleNumber": "4746030",
    "commercialArticleNumber": "32684",
    "name": "Ultra Day&Night",
    "description": "*Maandverband 10ST\n*Ultra\n*Dag & Nacht\n*Met vleugels",
    "brand": "ALWAYS ULTRA",
    "seoBrand": "Always Ultra",
    "thumbNail": "https://static.colruytgroup.com/images/200x200/std.lang.all/05/59/asset-3290559.jpg",
    "fullImage": "https://static.colruytgroup.com/images/500x500/std.lang.all/05/59/asset-3290559.jpg",
    "squareImage": "https://static.colruytgroup.com/images/500x500sq/std.lang.all/05/59/asset-3290559.jpg",
    "content": "10st",
    "walkRouteSequenceNumber": 14573,
    "price": {
      "basicPrice": 2.39,
      "recommendedQuantity": "1.0",
      "measurementUnitPrice": 0.239,
      "measurementUnit": "S",
      "isRedPrice": false,
      "pricePerUOM": 0.239,
      "activationDate": "13-03-2024",
      "recordSource": "Offline",
      "isPromoActive": "N",
      "priceChangeCode": "E"
    },
    "isAvailable": true,
    "isPriceAvailable": true,
    "inPromo": true,
    "promotion": [
      {
        "techPromoId": "100869COLR",
        "promotionId": "100869",
        "promotionType": "4",
        "isPersonalized": "N",
        "publicationStartDate": "13-03-2024",
        "publicationEndDate": "26-03-2024"
      }
    ],
    "gtin": [
      "15400141874744",
      "08006540822647",
      "08006540822630"
    ],
    "topCategoryName": "Lichaamsverzorging/Parfumerie",
    "topCategoryId": "591",
    "businessDomain": "RETAIL_BE",
    "IsPrivateLabel": false,
    "IsBiffe": false,
    "WeightconversionFactor": "0",
    "IsWeightArticle": false,
    "IsBio": false,
    "CountryOfOrigin": "DUITSLAND",
    "IsExclusivelySoldInLuxembourg": false,
    "OrderUnit": "P",
    "ShortName": "ALWA MVB UL.DAG&NACHT10",
    "IsNew": false,
    "RecentQuanityOfStockUnits": "4,1,16",
    "LongName": "ALWAYS ULTRA Ultra Day&Night 10st",
    "FicCode": "N"
  },
  {
    "productId": "775093",
    "technicalArticleNumber": "4565289",
    "commercialArticleNumber": "3169",
    "name": "tandpasta comp.pr.cool",
    "description": "*Complete protection +\n-Cool Mint\n*Superieure Reiniging\n*Bescherming tegen\ngevoeligheid",
    "brand": "SENSODYNE",
    "seoBrand": "Sensodyne Complete Protection",
    "thumbNail": "https://static.colruytgroup.com/images/200x200/std.lang.all/78/83/asset-2747883.jpg",
    "fullImage": "https://static.colruytgroup.com/images/500x500/std.lang.all/78/83/asset-2747883.jpg",
    "squareImage": "https://static.colruytgroup.com/images/500x500sq/std.lang.all/78/83/asset-2747883.jpg",
    "content": "75ml",
    "walkRouteSequenceNumber": 14356,
    "price": {
      "basicPrice": 4.89,
      "recommendedQuantity": "1.0",
      "measurementUnitPrice": 65.2,
      "measurementUnit": "L",
      "isRedPrice": false,
      "pricePerUOM": 65.2,
      "activationDate": "14-03-2024",
      "recordSource": "Offline",
      "isPromoActive": "N",
      "priceChangeCode": "E"
    },
    "isAvailable": true,
    "isPriceAvailable": true,
    "inPromo": false,
    "gtin": [
      "15054563120844",
      "05054563120823",
      "55400141912970"
    ],
    "topCategoryName": "Lichaamsverzorging/Parfumerie",
    "topCategoryId": "591",
    "businessDomain": "RETAIL_BE",
    "IsPrivateLabel": false,
    "IsBiffe": false,
    "WeightconversionFactor": "0",
    "IsWeightArticle": false,
    "IsBio": false,
    "CountryOfOrigin": "VERENIGD KONINKRIJK",
    "IsExclusivelySoldInLuxembourg": false,
    "OrderUnit": "P",
    "ShortName": "SENS TP COMP.PR.COOL75",
    "IsNew": false,
    "RecentQuanityOfStockUnits": "2,1",
    "LongName": "SENSODYNE tandpasta comp.pr.cool 75ml",
    "AlcoholVolume": "0",
    "FicCode": "N"
  },
  {
    "productId": "208253",
    "technicalArticleNumber": "3518358",
    "commercialArticleNumber": "10505",
    "name": "tandenborstel kids",
    "brand": "BONI",
    "seoBrand": "Boni Selection",
    "thumbNail": "https://static.colruytgroup.com/images/200x200/std.lang.all/48/32/asset-1164832.jpg",
    "fullImage": "https://static.colruytgroup.com/images/500x500/std.lang.all/48/32/asset-1164832.jpg",
    "squareImage": "https://static.colruytgroup.com/images/500x500sq/std.lang.all/48/32/asset-1164832.jpg",
    "content": "2st",
    "walkRouteSequenceNumber": 14210,
    "price": {
      "basicPrice": 1.1,
      "recommendedQuantity": "1.0",
      "measurementUnitPrice": 0.55,
      "measurementUnit": "S",
      "isRedPrice": false,
      "pricePerUOM": 0.55,
      "activationDate": "16-03-2024",
      "recordSource": "Offline",
      "isPromoActive": "N",
      "priceChangeCode": "L"
    },
    "isAvailable": true,
    "isPriceAvailable": true,
    "inPromo": false,
    "gtin": [
      "15400141796374",
      "15400141113829",
      "05400141425352"
    ],
    "topCategoryName": "Lichaamsverzorging/Parfumerie",
    "topCategoryId": "591",
    "businessDomain": "RETAIL_BE",
    "IsPrivateLabel": true,
    "IsBiffe": false,
    "WeightconversionFactor": "0",
    "IsWeightArticle": false,
    "IsBio": false,
    "CountryOfOrigin": "CHINA (VOLKSREBUPLIEK)",
    "IsExclusivelySoldInLuxembourg": false,
    "OrderUnit": "P",
    "ShortName": "BONI TB KIDS 2 STUKS",
    "IsNew": false,
    "RecentQuanityOfStockUnits": "1",
    "LongName": "BONI tandenborstel kids 2st",
    "AlcoholVolume": "0",
    "FicCode": "N"
  },
  {
    "productId": "846843",
    "technicalArticleNumber": "4693269",
    "commercialArticleNumber": "15368",
    "name": "tp sensitive",
    "brand": "ORAL-B",
    "seoBrand": "Oral-B Pro-Expert",
    "thumbNail": "https://static.colruytgroup.com/images/200x200/nl_be/00/04/asset-3330004.jpg",
    "fullImage": "https://static.colruytgroup.com/images/500x500/nl_be/00/04/asset-3330004.jpg",
    "squareImage": "https://static.colruytgroup.com/images/500x500sq/nl_be/00/04/asset-3330004.jpg",
    "content": "75ml",
    "walkRouteSequenceNumber": 14381,
    "price": {
      "basicPrice": 3.99,
      "recommendedQuantity": "1.0",
      "quantityPrice": 2.92,
      "quantityPriceQuantity": "3.0",
      "measurementUnitPrice": 53.2,
      "measurementUnitQuantityPrice": 38.94,
      "measurementUnit": "L",
      "isRedPrice": false,
      "pricePerUOM": 53.2,
      "activationDate": "23-03-2024",
      "recordSource": "Offline",
      "isPromoActive": "N",
      "priceChangeCode": "E",
      "quantityPricePerUOM": 38.94,
      "quantityActivationDate": "23-03-2024",
      "quantityPriceChangeCode": "E"
    },
    "isAvailable": true,
    "isPriceAvailable": true,
    "inPromo": false,
    "gtin": [
      "08001090579546",
      "08700216337441",
      "08700216337434",
      "08001090578488",
      "08001090579492",
      "08001090578471"
    ],
    "topCategoryName": "Lichaamsverzorging/Parfumerie",
    "topCategoryId": "591",
    "businessDomain": "RETAIL_BE",
    "IsPrivateLabel": false,
    "IsBiffe": false,
    "WeightconversionFactor": "0",
    "IsWeightArticle": false,
    "IsBio": false,
    "CountryOfOrigin": "DUITSLAND",
    "IsExclusivelySoldInLuxembourg": false,
    "OrderUnit": "P",
    "ShortName": "ORAL TP PRO EXP SENS75",
    "InSeason": true,
    "IsNew": false,
    "RecentQuanityOfStockUnits": "3,1,2",
    "LongName": "ORAL-B tp sensitive 75ml",
    "StartSeasonDate": "24/02/2023",
    "FicCode": "N"
  },
  {
    "productId": "687230",
    "technicalArticleNumber": "4411525",
    "commercialArticleNumber": "25485",
    "name": "deo click",
    "description": "*Man deodorant\n*Anti-transpiratie\n*Aantrekkelijke geur\n*48u bescherming\n*Tegen zweet",
    "brand": "AXE",
    "seoBrand": "Axe",
    "thumbNail": "https://static.colruytgroup.com/images/200x200/std.lang.all/69/97/asset-2376997.jpg",
    "fullImage": "https://static.colruytgroup.com/images/500x500/std.lang.all/69/97/asset-2376997.jpg",
    "squareImage": "https://static.colruytgroup.com/images/500x500sq/std.lang.all/69/97/asset-2376997.jpg",
    "content": "150ml",
    "walkRouteSequenceNumber": 14670,
    "price": {
      "basicPrice": 3.32,
      "recommendedQuantity": "1.0",
      "measurementUnitPrice": 22.14,
      "measurementUnit": "L",
      "isRedPrice": false,
      "pricePerUOM": 22.14,
      "activationDate": "20-03-2024",
      "recordSource": "Folder",
      "isPromoActive": "N",
      "priceChangeCode": "H"
    },
    "isAvailable": true,
    "isPriceAvailable": true,
    "inPromo": true,
    "promotion": [
      {
        "techPromoId": "100896COLR",
        "promotionId": "100896",
        "promotionType": "4",
        "isPersonalized": "N",
        "publicationStartDate": "13-03-2024",
        "publicationEndDate": "26-03-2024"
      }
    ],
    "gtin": [
      "75400141535951",
      "65400141540729",
      "08720181029295",
      "08720181029752"
    ],
    "topCategoryName": "Lichaamsverzorging/Parfumerie",
    "topCategoryId": "591",
    "businessDomain": "RETAIL_BE",
    "IsPrivateLabel": false,
    "IsBiffe": false,
    "WeightconversionFactor": "0",
    "IsWeightArticle": false,
    "IsBio": false,
    "CountryOfOrigin": "VERENIGD KONINKRIJK",
    "IsExclusivelySoldInLuxembourg": false,
    "OrderUnit": "P",
    "ShortName": "AXE DEO CLICK 150ML",
    "IsNew": false,
    "RecentQuanityOfStockUnits": "2,1,12",
    "LongName": "AXE deo click 150ml",
    "FicCode": "N"
  },
  {
    "productId": "788477",
    "technicalArticleNumber": "4591896",
    "commercialArticleNumber": "28992",
    "name": "whitening",
    "description": "*Complete\nbescherming\n*Whitening tandpasta\n*Antibacterieel",
    "brand": "COLGATE TOTAL",
    "seoBrand": "Colgate Total",
    "thumbNail": "https://static.colruytgroup.com/images/200x200/nl_be/35/67/asset-2843567.jpg",
    "fullImage": "https://static.colruytgroup.com/images/500x500/nl_be/35/67/asset-2843567.jpg",
    "squareImage": "https://static.colruytgroup.com/images/500x500sq/nl_be/35/67/asset-2843567.jpg",
    "content": "75ml",
    "walkRouteSequenceNumber": 14369,
    "price": {
      "basicPrice": 3.29,
      "recommendedQuantity": "1.0",
      "measurementUnitPrice": 43.87,
      "measurementUnit": "L",
      "isRedPrice": false,
      "pricePerUOM": 43.87,
      "activationDate": "14-03-2024",
      "recordSource": "Offline",
      "isPromoActive": "N",
      "priceChangeCode": "E"
    },
    "isAvailable": true,
    "isPriceAvailable": true,
    "inPromo": false,
    "gtin": [
      "08718951508002",
      "08718951514294",
      "08718951514300"
    ],
    "topCategoryName": "Lichaamsverzorging/Parfumerie",
    "topCategoryId": "591",
    "businessDomain": "RETAIL_BE",
    "IsPrivateLabel": false,
    "IsBiffe": false,
    "WeightconversionFactor": "0",
    "IsWeightArticle": false,
    "IsBio": false,
    "CountryOfOrigin": "POLEN",
    "IsExclusivelySoldInLuxembourg": false,
    "OrderUnit": "P",
    "ShortName": "COLG.TOTAL WHITENING.75",
    "IsNew": false,
    "RecentQuanityOfStockUnits": "2,1",
    "LongName": "COLGATE TOTAL whitening 75ml",
    "FicCode": "N"
  },
  {
    "productId": "98029",
    "technicalArticleNumber": "2845416",
    "commercialArticleNumber": "8783",
    "name": "Styling mousse Strong",
    "description": "*Styling mousse\n*150 ml\n*2 parfums:\n-Extra Strong\n-Ultra Strong",
    "brand": "NIVEA",
    "seoBrand": "Nivea",
    "thumbNail": "https://static.colruytgroup.com/images/200x200/std.lang.all/51/45/asset-2855145.jpg",
    "fullImage": "https://static.colruytgroup.com/images/500x500/std.lang.all/51/45/asset-2855145.jpg",
    "squareImage": "https://static.colruytgroup.com/images/500x500sq/std.lang.all/51/45/asset-2855145.jpg",
    "content": "150ml",
    "walkRouteSequenceNumber": 15320,
    "price": {
      "basicPrice": 3.79,
      "recommendedQuantity": "1.0",
      "quantityPrice": 2.39,
      "quantityPriceQuantity": "4.0",
      "measurementUnitPrice": 25.27,
      "measurementUnitQuantityPrice": 15.94,
      "measurementUnit": "L",
      "isRedPrice": false,
      "pricePerUOM": 25.27,
      "activationDate": "23-03-2024",
      "recordSource": "Offline",
      "isPromoActive": "N",
      "priceChangeCode": "E",
      "quantityPricePerUOM": 15.94,
      "quantityActivationDate": "23-03-2024",
      "quantityPriceChangeCode": "E"
    },
    "isAvailable": true,
    "isPriceAvailable": true,
    "inPromo": false,
    "gtin": [
      "04005900174246",
      "04005900174123",
      "04005900174116",
      "04005900174239",
      "04005900174253",
      "04005900174130"
    ],
    "topCategoryName": "Lichaamsverzorging/Parfumerie",
    "topCategoryId": "591",
    "businessDomain": "RETAIL_BE",
    "IsPrivateLabel": false,
    "IsBiffe": false,
    "WeightconversionFactor": "0",
    "IsWeightArticle": false,
    "IsBio": false,
    "CountryOfOrigin": "POLEN",
    "IsExclusivelySoldInLuxembourg": false,
    "OrderUnit": "P",
    "ShortName": "NIVEA STYL.MOUS.150 ASS",
    "IsNew": false,
    "RecentQuanityOfStockUnits": "1,1",
    "LongName": "NIVEA Styling mousse Strong 150ml",
    "AlcoholVolume": "0",
    "FicCode": "N"
  },
  {
    "productId": "860399",
    "technicalArticleNumber": "4711210",
    "commercialArticleNumber": "8388",
    "name": "deo granaatappel & lemon",
    "description": "*Anti-transpirant\n*72u bescherming\n*granaatappel&lemon",
    "brand": "DOVE",
    "seoBrand": "Dove",
    "thumbNail": "https://static.colruytgroup.com/images/200x200/std.lang.all/13/03/asset-3241303.jpg",
    "fullImage": "https://static.colruytgroup.com/images/500x500/std.lang.all/13/03/asset-3241303.jpg",
    "squareImage": "https://static.colruytgroup.com/images/500x500sq/std.lang.all/13/03/asset-3241303.jpg",
    "content": "150ml",
    "walkRouteSequenceNumber": 14749,
    "price": {
      "basicPrice": 4.39,
      "recommendedQuantity": "1.0",
      "measurementUnitPrice": 29.27,
      "measurementUnit": "L",
      "isRedPrice": false,
      "pricePerUOM": 29.27,
      "activationDate": "23-03-2024",
      "recordSource": "Online",
      "isPromoActive": "N",
      "priceChangeCode": "E"
    },
    "isAvailable": true,
    "isPriceAvailable": true,
    "inPromo": true,
    "promotion": [
      {
        "techPromoId": "100897COLR",
        "promotionId": "100897",
        "promotionType": "4",
        "isPersonalized": "N",
        "publicationStartDate": "13-03-2024",
        "publicationEndDate": "26-03-2024"
      }
    ],
    "gtin": [
      "65400141910225",
      "08720181291791",
      "08720181306686",
      "55400141910228"
    ],
    "topCategoryName": "Lichaamsverzorging/Parfumerie",
    "topCategoryId": "591",
    "businessDomain": "RETAIL_BE",
    "IsPrivateLabel": false,
    "IsBiffe": false,
    "WeightconversionFactor": "0",
    "IsWeightArticle": false,
    "IsBio": false,
    "CountryOfOrigin": "VERENIGD KONINKRIJK",
    "IsExclusivelySoldInLuxembourg": false,
    "OrderUnit": "P",
    "ShortName": "DOVE DEO POMEGRA&LEM150",
    "IsNew": false,
    "RecentQuanityOfStockUnits": "1,2",
    "LongName": "DOVE deo granaatappel & lemon 150ml",
    "FicCode": "N"
  },
  {
    "productId": "1776",
    "technicalArticleNumber": "23060",
    "commercialArticleNumber": "23060",
    "name": "tandpasta 2in1 Original",
    "description": "*Versterkt en\nbeschermt de tanden",
    "brand": "THERAMED",
    "seoBrand": "Theramed",
    "thumbNail": "https://static.colruytgroup.com/images/200x200/std.lang.all/07/39/asset-660739.jpg",
    "fullImage": "https://static.colruytgroup.com/images/500x500/std.lang.all/07/39/asset-660739.jpg",
    "squareImage": "https://static.colruytgroup.com/images/500x500sq/std.lang.all/07/39/asset-660739.jpg",
    "content": "75ml",
    "walkRouteSequenceNumber": 14362,
    "price": {
      "basicPrice": 3.45,
      "recommendedQuantity": "1.0",
      "measurementUnitPrice": 46,
      "measurementUnit": "L",
      "isRedPrice": false,
      "pricePerUOM": 46,
      "activationDate": "15-03-2024",
      "recordSource": "Offline",
      "isPromoActive": "N",
      "priceChangeCode": "H"
    },
    "isAvailable": true,
    "isPriceAvailable": true,
    "inPromo": false,
    "gtin": [
      "05400141230604",
      "05410091669782",
      "05412530744012"
    ],
    "topCategoryName": "Lichaamsverzorging/Parfumerie",
    "topCategoryId": "591",
    "businessDomain": "RETAIL_BE",
    "IsPrivateLabel": false,
    "IsBiffe": false,
    "WeightconversionFactor": "0",
    "IsWeightArticle": false,
    "IsBio": false,
    "CountryOfOrigin": "SLOVENIË",
    "IsExclusivelySoldInLuxembourg": false,
    "OrderUnit": "P",
    "ShortName": "THERAM.2IN1 ORIGIN.75ML",
    "IsNew": false,
    "RecentQuanityOfStockUnits": "1,2",
    "LongName": "THERAMED tandpasta 2in1 Original 75ml",
    "AlcoholVolume": "0",
    "FicCode": "N"
  },
  {
    "productId": "116376",
    "technicalArticleNumber": "3011844",
    "commercialArticleNumber": "5384",
    "name": "deo Woman fris gevoel",
    "description": "*Bodyspray\n*Fris gevoel:\n24u bescherming",
    "brand": "BONI",
    "seoBrand": "Boni Selection",
    "thumbNail": "https://static.colruytgroup.com/images/200x200/std.lang.all/10/90/asset-1931090.jpg",
    "fullImage": "https://static.colruytgroup.com/images/500x500/std.lang.all/10/90/asset-1931090.jpg",
    "squareImage": "https://static.colruytgroup.com/images/500x500sq/std.lang.all/10/90/asset-1931090.jpg",
    "content": "200ml",
    "walkRouteSequenceNumber": 14723,
    "price": {
      "basicPrice": 1.49,
      "recommendedQuantity": "1.0",
      "measurementUnitPrice": 7.45,
      "measurementUnit": "L",
      "isRedPrice": false,
      "pricePerUOM": 7.45,
      "activationDate": "13-03-2024",
      "recordSource": "Offline",
      "isPromoActive": "N",
      "priceChangeCode": "H"
    },
    "isAvailable": true,
    "isPriceAvailable": true,
    "inPromo": false,
    "gtin": [
      "05400141233018",
      "05400141363050",
      "15400141233015",
      "05400141412369",
      "05400141084535"
    ],
    "topCategoryName": "Lichaamsverzorging/Parfumerie",
    "topCategoryId": "591",
    "businessDomain": "RETAIL_BE",
    "IsPrivateLabel": true,
    "IsBiffe": false,
    "WeightconversionFactor": "0",
    "IsWeightArticle": false,
    "IsBio": false,
    "CountryOfOrigin": "BELGIË",
    "IsExclusivelySoldInLuxembourg": false,
    "OrderUnit": "P",
    "ShortName": "BONI DEOSPRAY 200ML",
    "IsNew": false,
    "RecentQuanityOfStockUnits": "1,12",
    "LongName": "BONI deo Woman fris gevoel 200ml",
    "AlcoholVolume": "0",
    "FicCode": "N"
  },
  {
    "productId": "866361",
    "technicalArticleNumber": "4718818",
    "commercialArticleNumber": "7667",
    "name": "vochtig toiletpap.Aloë Vera",
    "description": "*42 vellen\n*FSC\n*Aloe Vera\n*FSC\n*0% alcohol/parfum",
    "brand": "LOTUS",
    "seoBrand": "Lotus",
    "thumbNail": "https://static.colruytgroup.com/images/200x200/std.lang.all/16/93/asset-3201693.jpg",
    "fullImage": "https://static.colruytgroup.com/images/500x500/std.lang.all/16/93/asset-3201693.jpg",
    "squareImage": "https://static.colruytgroup.com/images/500x500sq/std.lang.all/16/93/asset-3201693.jpg",
    "content": "42st",
    "walkRouteSequenceNumber": 10171,
    "price": {
      "basicPrice": 2.59,
      "recommendedQuantity": "1.0",
      "measurementUnitPrice": 0.062,
      "measurementUnit": "S",
      "isRedPrice": false,
      "pricePerUOM": 0.062,
      "activationDate": "15-03-2024",
      "recordSource": "Offline",
      "isPromoActive": "N",
      "priceChangeCode": "H"
    },
    "isAvailable": true,
    "isPriceAvailable": true,
    "inPromo": false,
    "gtin": [
      "07322540947977",
      "07322540757750"
    ],
    "topCategoryName": "Lichaamsverzorging/Parfumerie",
    "topCategoryId": "591",
    "businessDomain": "RETAIL_BE",
    "IsPrivateLabel": false,
    "IsBiffe": false,
    "WeightconversionFactor": "0",
    "IsWeightArticle": false,
    "IsBio": false,
    "CountryOfOrigin": "VERENIGD KONINKRIJK",
    "IsExclusivelySoldInLuxembourg": false,
    "OrderUnit": "P",
    "ShortName": "LOTU VOCHTIG TP ALOE42V",
    "IsNew": false,
    "RecentQuanityOfStockUnits": "1,16",
    "LongName": "LOTUS vochtig toiletpap.Aloë Vera 42st",
    "FicCode": "N"
  },
  {
    "productId": "780972",
    "technicalArticleNumber": "4577119",
    "commercialArticleNumber": "28830",
    "name": "compak super+",
    "brand": "TAMPAX",
    "seoBrand": "Tampax",
    "thumbNail": "https://static.colruytgroup.com/images/200x200/std.lang.all/76/96/asset-2877696.jpg",
    "fullImage": "https://static.colruytgroup.com/images/500x500/std.lang.all/76/96/asset-2877696.jpg",
    "squareImage": "https://static.colruytgroup.com/images/500x500sq/std.lang.all/76/96/asset-2877696.jpg",
    "content": "18st",
    "walkRouteSequenceNumber": 14407,
    "price": {
      "basicPrice": 3.29,
      "recommendedQuantity": "2.0",
      "measurementUnitPrice": 0.183,
      "measurementUnit": "S",
      "isRedPrice": false,
      "pricePerUOM": 0.183,
      "activationDate": "22-03-2024",
      "recordSource": "Offline",
      "isPromoActive": "Y",
      "priceChangeCode": "E"
    },
    "isAvailable": true,
    "isPriceAvailable": true,
    "inPromo": true,
    "promotion": [
      {
        "techPromoId": "100869COLR",
        "promotionId": "100869",
        "promotionType": "4",
        "isPersonalized": "N",
        "publicationStartDate": "13-03-2024",
        "publicationEndDate": "26-03-2024"
      }
    ],
    "gtin": [
      "08006540468074",
      "08006540468081",
      "75400141510255"
    ],
    "topCategoryName": "Lichaamsverzorging/Parfumerie",
    "topCategoryId": "591",
    "businessDomain": "RETAIL_BE",
    "IsPrivateLabel": false,
    "IsBiffe": false,
    "WeightconversionFactor": "0",
    "IsWeightArticle": false,
    "IsBio": false,
    "CountryOfOrigin": "HONGARIJE",
    "IsExclusivelySoldInLuxembourg": false,
    "OrderUnit": "P",
    "ShortName": "TAMP COMPAK SUPER+ 18ST",
    "IsNew": false,
    "RecentQuanityOfStockUnits": "1,2",
    "LongName": "TAMPAX compak super+ 18st",
    "FicCode": "N"
  },
  {
    "productId": "819512",
    "technicalArticleNumber": "4651748",
    "commercialArticleNumber": "6910",
    "name": "shampoo kids abrik.2in1",
    "description": "*Shampoo\n*250ml\n*Abrikoos",
    "brand": "ULTRA DOUX",
    "seoBrand": "Ultra Doux",
    "thumbNail": "https://static.colruytgroup.com/images/200x200/std.lang.all/58/83/asset-2985883.jpg",
    "fullImage": "https://static.colruytgroup.com/images/500x500/std.lang.all/58/83/asset-2985883.jpg",
    "squareImage": "https://static.colruytgroup.com/images/500x500sq/std.lang.all/58/83/asset-2985883.jpg",
    "content": "250ml",
    "walkRouteSequenceNumber": 15111,
    "price": {
      "basicPrice": 2.49,
      "recommendedQuantity": "1.0",
      "quantityPrice": 2.33,
      "quantityPriceQuantity": "3.0",
      "measurementUnitPrice": 9.96,
      "measurementUnitQuantityPrice": 9.32,
      "measurementUnit": "L",
      "isRedPrice": false,
      "pricePerUOM": 9.96,
      "activationDate": "22-03-2024",
      "recordSource": "Offline",
      "isPromoActive": "N",
      "priceChangeCode": "H",
      "quantityPricePerUOM": 9.32,
      "quantityActivationDate": "22-03-2024",
      "quantityPriceChangeCode": "H"
    },
    "isAvailable": true,
    "isPriceAvailable": true,
    "inPromo": false,
    "gtin": [
      "05410103136486",
      "03600542460422",
      "05410103136479"
    ],
    "topCategoryName": "Baby",
    "topCategoryId": "761",
    "businessDomain": "RETAIL_BE",
    "IsPrivateLabel": false,
    "IsBiffe": false,
    "WeightconversionFactor": "0",
    "IsWeightArticle": false,
    "IsBio": false,
    "CountryOfOrigin": "POLEN",
    "IsExclusivelySoldInLuxembourg": false,
    "OrderUnit": "P",
    "ShortName": "ULTD SH.ABRIK2IN1 250ML",
    "IsNew": false,
    "RecentQuanityOfStockUnits": "2,12,1",
    "LongName": "ULTRA DOUX shampoo kids abrik.2in1 250ml",
    "FicCode": "N"
  },
  {
    "productId": "11526",
    "technicalArticleNumber": "1355672",
    "commercialArticleNumber": "23106",
    "name": "tp Integral 8 Complete",
    "description": "*Tandpasta\n*Mondhygiëne\n*Witte tanden\n*Anticariës\n*Gezond tandvlees",
    "brand": "SIGNAL",
    "seoBrand": "Signal Integral 8",
    "thumbNail": "https://static.colruytgroup.com/images/200x200/nl_be/40/70/asset-2014070.jpg",
    "fullImage": "https://static.colruytgroup.com/images/500x500/nl_be/40/70/asset-2014070.jpg",
    "squareImage": "https://static.colruytgroup.com/images/500x500sq/nl_be/40/70/asset-2014070.jpg",
    "content": "75ml",
    "walkRouteSequenceNumber": 14341,
    "price": {
      "basicPrice": 2.39,
      "recommendedQuantity": "1.0",
      "measurementUnitPrice": 31.87,
      "measurementUnit": "L",
      "isRedPrice": false,
      "pricePerUOM": 31.87,
      "activationDate": "17-02-2024",
      "recordSource": "Offline",
      "isPromoActive": "N",
      "priceChangeCode": "E"
    },
    "isAvailable": true,
    "isPriceAvailable": true,
    "inPromo": false,
    "gtin": [
      "03014230002243",
      "05400141723601",
      "08710908454158",
      "08710908454288",
      "08720182012432",
      "08717644978573",
      "08717163366141",
      "08717163510254",
      "08717163510353",
      "08717644005316",
      "08717644234068",
      "08717644234075",
      "08717644258088",
      "08717644258095",
      "08717644978399",
      "08710908176098",
      "08720182012371"
    ],
    "topCategoryName": "Lichaamsverzorging/Parfumerie",
    "topCategoryId": "591",
    "businessDomain": "RETAIL_BE",
    "IsPrivateLabel": false,
    "IsBiffe": false,
    "WeightconversionFactor": "0",
    "IsWeightArticle": false,
    "IsBio": false,
    "CountryOfOrigin": "BELGIË",
    "IsExclusivelySoldInLuxembourg": false,
    "OrderUnit": "P",
    "ShortName": "SIGN.INTEG.COMPLET 75ML",
    "InSeason": true,
    "IsNew": false,
    "RecentQuanityOfStockUnits": "2,1",
    "LongName": "SIGNAL tp Integral 8 Complete 75ml",
    "AlcoholVolume": "0",
    "StartSeasonDate": "29/03/2019",
    "FicCode": "N"
  },
  {
    "productId": "872385",
    "technicalArticleNumber": "4726704",
    "commercialArticleNumber": "19083",
    "name": "rol Fresh Sensation",
    "description": "*Anti-transpirant\n*Fresch Sensation",
    "brand": "NIVEA",
    "seoBrand": "Nivea",
    "thumbNail": "https://static.colruytgroup.com/images/200x200/std.lang.all/58/05/asset-3245805.jpg",
    "fullImage": "https://static.colruytgroup.com/images/500x500/std.lang.all/58/05/asset-3245805.jpg",
    "squareImage": "https://static.colruytgroup.com/images/500x500sq/std.lang.all/58/05/asset-3245805.jpg",
    "content": "50ml",
    "walkRouteSequenceNumber": 14663,
    "price": {
      "basicPrice": 5.05,
      "recommendedQuantity": "1.0",
      "measurementUnitPrice": 101,
      "measurementUnit": "L",
      "isRedPrice": false,
      "pricePerUOM": 101,
      "activationDate": "23-03-2024",
      "recordSource": "Offline",
      "isPromoActive": "N",
      "priceChangeCode": "H"
    },
    "isAvailable": true,
    "isPriceAvailable": true,
    "inPromo": false,
    "gtin": [
      "65400141874749",
      "04006000011455",
      "04006000011462",
      "35400141433082"
    ],
    "topCategoryName": "Lichaamsverzorging/Parfumerie",
    "topCategoryId": "591",
    "businessDomain": "RETAIL_BE",
    "IsPrivateLabel": false,
    "IsBiffe": false,
    "WeightconversionFactor": "0",
    "IsWeightArticle": false,
    "IsBio": false,
    "CountryOfOrigin": "DUITSLAND",
    "IsExclusivelySoldInLuxembourg": false,
    "OrderUnit": "P",
    "ShortName": "NIVE ROL FRESCH SENS.50",
    "IsNew": false,
    "RecentQuanityOfStockUnits": "2,1",
    "LongName": "NIVEA rol Fresh Sensation 50ml",
    "AlcoholVolume": "0",
    "FicCode": "N"
  },
  {
    "productId": "60392",
    "technicalArticleNumber": "2390620",
    "commercialArticleNumber": "36450",
    "name": "haarlak Volume/Gloss",
    "description": "*Styling spray\n*400 ml\n*2 parfums:\n-Volume Lift\n-Shine & Hold",
    "brand": "SYOSS",
    "seoBrand": "Syoss",
    "thumbNail": "https://static.colruytgroup.com/images/200x200/std.lang.all/14/69/asset-2421469.jpg",
    "fullImage": "https://static.colruytgroup.com/images/500x500/std.lang.all/14/69/asset-2421469.jpg",
    "squareImage": "https://static.colruytgroup.com/images/500x500sq/std.lang.all/14/69/asset-2421469.jpg",
    "content": "400ml",
    "walkRouteSequenceNumber": 15314,
    "price": {
      "basicPrice": 5.99,
      "recommendedQuantity": "1.0",
      "measurementUnitPrice": 14.98,
      "measurementUnit": "L",
      "isRedPrice": false,
      "pricePerUOM": 14.98,
      "activationDate": "11-03-2024",
      "recordSource": "Offline",
      "isPromoActive": "N",
      "priceChangeCode": "E"
    },
    "isAvailable": true,
    "isPriceAvailable": true,
    "inPromo": false,
    "gtin": [
      "05412530859839",
      "05410091678012",
      "05412530859907",
      "05412530859853",
      "05410091678005",
      "05410091733049",
      "05410091733094",
      "05410091733025",
      "05412530870230",
      "05410091739089"
    ],
    "topCategoryName": "Lichaamsverzorging/Parfumerie",
    "topCategoryId": "591",
    "businessDomain": "RETAIL_BE",
    "IsPrivateLabel": false,
    "IsBiffe": false,
    "WeightconversionFactor": "0",
    "IsWeightArticle": false,
    "IsBio": false,
    "CountryOfOrigin": "DUITSLAND",
    "IsExclusivelySoldInLuxembourg": false,
    "OrderUnit": "P",
    "ShortName": "SYOS SPRAY VOL/MAX 400",
    "IsNew": false,
    "RecentQuanityOfStockUnits": "1,1",
    "LongName": "SYOSS haarlak Volume/Gloss 400ml",
    "AlcoholVolume": "0",
    "FicCode": "N"
  },
  {
    "productId": "860296",
    "technicalArticleNumber": "4711043",
    "commercialArticleNumber": "7427",
    "name": "extra fresh",
    "description": "*Bodyspray\n*72h bescherming",
    "brand": "DOVE",
    "seoBrand": "Dove Men+Care",
    "thumbNail": "https://static.colruytgroup.com/images/200x200/std.lang.all/13/00/asset-3241300.jpg",
    "fullImage": "https://static.colruytgroup.com/images/500x500/std.lang.all/13/00/asset-3241300.jpg",
    "squareImage": "https://static.colruytgroup.com/images/500x500sq/std.lang.all/13/00/asset-3241300.jpg",
    "content": "150ml",
    "walkRouteSequenceNumber": 14666,
    "price": {
      "basicPrice": 3.92,
      "recommendedQuantity": "1.0",
      "measurementUnitPrice": 26.14,
      "measurementUnit": "L",
      "isRedPrice": false,
      "pricePerUOM": 26.14,
      "activationDate": "23-03-2024",
      "recordSource": "Folder",
      "isPromoActive": "N",
      "priceChangeCode": "E"
    },
    "isAvailable": true,
    "isPriceAvailable": true,
    "inPromo": true,
    "promotion": [
      {
        "techPromoId": "100897COLR",
        "promotionId": "100897",
        "promotionType": "4",
        "isPersonalized": "N",
        "publicationStartDate": "13-03-2024",
        "publicationEndDate": "26-03-2024"
      }
    ],
    "gtin": [
      "08720181284687",
      "55400141712648",
      "65400141712645",
      "08720181284397"
    ],
    "topCategoryName": "Lichaamsverzorging/Parfumerie",
    "topCategoryId": "591",
    "businessDomain": "RETAIL_BE",
    "IsPrivateLabel": false,
    "IsBiffe": false,
    "WeightconversionFactor": "0",
    "IsWeightArticle": false,
    "IsBio": false,
    "CountryOfOrigin": "VERENIGD KONINKRIJK",
    "IsExclusivelySoldInLuxembourg": false,
    "OrderUnit": "P",
    "ShortName": "DOVE DEO EXT.FRESH150ML",
    "IsNew": false,
    "RecentQuanityOfStockUnits": "2,1",
    "LongName": "DOVE extra fresh 150ml",
    "AlcoholVolume": "0",
    "FicCode": "N"
  },
  {
    "productId": "771906",
    "technicalArticleNumber": "4560415",
    "commercialArticleNumber": "28418",
    "name": "deo ice chill",
    "description": "*Man deodorant\n*Anti-transpiratie\n*Aantrekkelijke geur\n*48u bescherming\n*Tegen zweet",
    "brand": "AXE",
    "seoBrand": "Axe",
    "thumbNail": "https://static.colruytgroup.com/images/200x200/std.lang.all/35/16/asset-2843516.jpg",
    "fullImage": "https://static.colruytgroup.com/images/500x500/std.lang.all/35/16/asset-2843516.jpg",
    "squareImage": "https://static.colruytgroup.com/images/500x500sq/std.lang.all/35/16/asset-2843516.jpg",
    "content": "150ml",
    "walkRouteSequenceNumber": 14681,
    "price": {
      "basicPrice": 3.59,
      "recommendedQuantity": "1.0",
      "measurementUnitPrice": 23.94,
      "measurementUnit": "L",
      "isRedPrice": false,
      "pricePerUOM": 23.94,
      "activationDate": "21-03-2024",
      "recordSource": "Folder",
      "isPromoActive": "N",
      "priceChangeCode": "L"
    },
    "isAvailable": true,
    "isPriceAvailable": true,
    "inPromo": true,
    "promotion": [
      {
        "techPromoId": "100896COLR",
        "promotionId": "100896",
        "promotionType": "4",
        "isPersonalized": "N",
        "publicationStartDate": "13-03-2024",
        "publicationEndDate": "26-03-2024"
      }
    ],
    "gtin": [
      "08720181027758",
      "08720181028014",
      "85400141510245",
      "35400141595537"
    ],
    "topCategoryName": "Lichaamsverzorging/Parfumerie",
    "topCategoryId": "591",
    "businessDomain": "RETAIL_BE",
    "IsPrivateLabel": false,
    "IsBiffe": false,
    "WeightconversionFactor": "0",
    "IsWeightArticle": false,
    "IsBio": false,
    "CountryOfOrigin": "VERENIGD KONINKRIJK",
    "IsExclusivelySoldInLuxembourg": false,
    "OrderUnit": "P",
    "ShortName": "AXE DEO ICE CHILL 150ML",
    "IsNew": false,
    "RecentQuanityOfStockUnits": "1,2",
    "LongName": "AXE deo ice chill 150ml",
    "FicCode": "N"
  },
  {
    "productId": "840173",
    "technicalArticleNumber": "4684113",
    "commercialArticleNumber": "9859",
    "name": "tandpasta Ultra Clean",
    "description": "*Tegen tandvlees-\nproblemen\n*Met fluor",
    "brand": "PARODONTAX",
    "seoBrand": "Parodontax",
    "thumbNail": "https://static.colruytgroup.com/images/200x200/std.lang.all/15/35/asset-3021535.jpg",
    "fullImage": "https://static.colruytgroup.com/images/500x500/std.lang.all/15/35/asset-3021535.jpg",
    "squareImage": "https://static.colruytgroup.com/images/500x500sq/std.lang.all/15/35/asset-3021535.jpg",
    "content": "75ml",
    "walkRouteSequenceNumber": 14352,
    "price": {
      "basicPrice": 4.35,
      "recommendedQuantity": "1.0",
      "measurementUnitPrice": 58,
      "measurementUnit": "L",
      "isRedPrice": false,
      "pricePerUOM": 58,
      "activationDate": "06-03-2024",
      "recordSource": "Online",
      "isPromoActive": "N",
      "priceChangeCode": "L"
    },
    "isAvailable": true,
    "isPriceAvailable": true,
    "inPromo": false,
    "gtin": [
      "05054563148322",
      "15054563148343",
      "15400141454892"
    ],
    "topCategoryName": "Lichaamsverzorging/Parfumerie",
    "topCategoryId": "591",
    "businessDomain": "RETAIL_BE",
    "IsPrivateLabel": false,
    "IsBiffe": false,
    "WeightconversionFactor": "0",
    "IsWeightArticle": false,
    "IsBio": false,
    "CountryOfOrigin": "TSJECHIË (REPUBLIEK)",
    "IsExclusivelySoldInLuxembourg": false,
    "OrderUnit": "P",
    "ShortName": "PARO.TP ULT.CLEAN 75ML",
    "IsNew": false,
    "RecentQuanityOfStockUnits": "1,2",
    "LongName": "PARODONTAX tandpasta Ultra Clean 75ml",
    "AlcoholVolume": "0",
    "FicCode": "N"
  },
  {
    "productId": "38897",
    "technicalArticleNumber": "1675043",
    "commercialArticleNumber": "23400",
    "name": "douche karn/hon",
    "description": "*Bad- en douchecrème\n*2 parfums:\n-Honing\n-Karnemelk",
    "brand": "MELKMEISJE",
    "seoBrand": "Melkmeisje",
    "thumbNail": "https://static.colruytgroup.com/images/200x200/std.lang.all/82/35/asset-3148235.jpg",
    "fullImage": "https://static.colruytgroup.com/images/500x500/std.lang.all/82/35/asset-3148235.jpg",
    "squareImage": "https://static.colruytgroup.com/images/500x500sq/std.lang.all/82/35/asset-3148235.jpg",
    "content": "2L",
    "walkRouteSequenceNumber": 14737,
    "price": {
      "basicPrice": 7.18,
      "recommendedQuantity": "1.0",
      "measurementUnitPrice": 3.59,
      "measurementUnit": "L",
      "isRedPrice": false,
      "pricePerUOM": 3.59,
      "activationDate": "13-03-2024",
      "recordSource": "Offline",
      "isPromoActive": "N",
      "priceChangeCode": "L"
    },
    "isAvailable": true,
    "isPriceAvailable": true,
    "inPromo": false,
    "gtin": [
      "08710919129953",
      "08710919622997",
      "08710919154870",
      "08710919154863",
      "08710919154856"
    ],
    "topCategoryName": "Lichaamsverzorging/Parfumerie",
    "topCategoryId": "591",
    "businessDomain": "RETAIL_BE",
    "IsPrivateLabel": false,
    "IsBiffe": false,
    "WeightconversionFactor": "0",
    "IsWeightArticle": false,
    "IsBio": false,
    "CountryOfOrigin": "BELGIË",
    "IsExclusivelySoldInLuxembourg": false,
    "OrderUnit": "P",
    "ShortName": "MELK.KARNEMEL/HONING2L",
    "IsNew": false,
    "RecentQuanityOfStockUnits": "1,1",
    "LongName": "MELKMEISJE douche karn/hon 2L",
    "AlcoholVolume": "0",
    "FicCode": "N"
  },
  {
    "productId": "57897",
    "technicalArticleNumber": "2277675",
    "commercialArticleNumber": "36220",
    "name": "douche Clean Comf",
    "description": "*Douchegel\n*Zachte huid\n*Voedende verzorging\n*Gehydrateerde huid\n*Ultrafrisse geur",
    "brand": "DOVE MEN+CARE",
    "seoBrand": "Dove",
    "thumbNail": "https://static.colruytgroup.com/images/200x200/std.lang.all/62/87/asset-3216287.jpg",
    "fullImage": "https://static.colruytgroup.com/images/500x500/std.lang.all/62/87/asset-3216287.jpg",
    "squareImage": "https://static.colruytgroup.com/images/500x500sq/std.lang.all/62/87/asset-3216287.jpg",
    "content": "400ml",
    "walkRouteSequenceNumber": 14439,
    "price": {
      "basicPrice": 4.49,
      "recommendedQuantity": "1.0",
      "measurementUnitPrice": 11.23,
      "measurementUnit": "L",
      "isRedPrice": false,
      "pricePerUOM": 11.23,
      "activationDate": "23-03-2024",
      "recordSource": "Folder",
      "isPromoActive": "N",
      "priceChangeCode": "E"
    },
    "isAvailable": true,
    "isPriceAvailable": true,
    "inPromo": true,
    "promotion": [
      {
        "techPromoId": "100897COLR",
        "promotionId": "100897",
        "promotionType": "4",
        "isPersonalized": "N",
        "publicationStartDate": "13-03-2024",
        "publicationEndDate": "26-03-2024"
      }
    ],
    "gtin": [
      "08712561801782",
      "08720181356254",
      "08720181313448",
      "08712561801973",
      "08717163766361",
      "08717163766439",
      "08717163766736",
      "08717644683149",
      "05400141962208"
    ],
    "topCategoryName": "Lichaamsverzorging/Parfumerie",
    "topCategoryId": "591",
    "businessDomain": "RETAIL_BE",
    "IsPrivateLabel": false,
    "IsBiffe": false,
    "WeightconversionFactor": "0",
    "IsWeightArticle": false,
    "IsBio": false,
    "CountryOfOrigin": "DUITSLAND",
    "IsExclusivelySoldInLuxembourg": false,
    "OrderUnit": "P",
    "ShortName": "DOVE MEN DCH COMFORT400",
    "IsNew": false,
    "RecentQuanityOfStockUnits": "1,2,1",
    "LongName": "DOVE MEN+CARE douche Clean Comf 400ml",
    "AlcoholVolume": "0",
    "FicCode": "N"
  },
  {
    "productId": "886699",
    "technicalArticleNumber": "4746022",
    "commercialArticleNumber": "32680",
    "name": "Secure night extra",
    "description": "*Maandverband 8 ST\n*Nacht\n*Ultra beschermend Extra\n*Met vleugels",
    "brand": "ALWAYS ULTRA",
    "seoBrand": "Always Ultra",
    "thumbNail": "https://static.colruytgroup.com/images/200x200/std.lang.all/05/57/asset-3290557.jpg",
    "fullImage": "https://static.colruytgroup.com/images/500x500/std.lang.all/05/57/asset-3290557.jpg",
    "squareImage": "https://static.colruytgroup.com/images/500x500sq/std.lang.all/05/57/asset-3290557.jpg",
    "content": "8st",
    "walkRouteSequenceNumber": 14589,
    "price": {
      "basicPrice": 2.99,
      "recommendedQuantity": "1.0",
      "measurementUnitPrice": 0.374,
      "measurementUnit": "S",
      "isRedPrice": false,
      "pricePerUOM": 0.374,
      "activationDate": "13-03-2024",
      "recordSource": "Offline",
      "isPromoActive": "N",
      "priceChangeCode": "E"
    },
    "isAvailable": true,
    "isPriceAvailable": true,
    "inPromo": true,
    "promotion": [
      {
        "techPromoId": "100869COLR",
        "promotionId": "100869",
        "promotionType": "4",
        "isPersonalized": "N",
        "publicationStartDate": "13-03-2024",
        "publicationEndDate": "26-03-2024"
      }
    ],
    "gtin": [
      "75400141874739",
      "08006540822845",
      "08006540822852"
    ],
    "topCategoryName": "Lichaamsverzorging/Parfumerie",
    "topCategoryId": "591",
    "businessDomain": "RETAIL_BE",
    "IsPrivateLabel": false,
    "IsBiffe": false,
    "WeightconversionFactor": "0",
    "IsWeightArticle": false,
    "IsBio": false,
    "CountryOfOrigin": "DUITSLAND",
    "IsExclusivelySoldInLuxembourg": false,
    "OrderUnit": "P",
    "ShortName": "ALWA.MVB UL.SEC.NIG.EX8",
    "IsNew": false,
    "RecentQuanityOfStockUnits": "4,1",
    "LongName": "ALWAYS ULTRA Secure night extra 8st",
    "FicCode": "N"
  },
  {
    "productId": "819521",
    "technicalArticleNumber": "4651791",
    "commercialArticleNumber": "6937",
    "name": "shampoo olijf/ haver",
    "description": "*Shampoo\n*Assorti:\n-Mytische olijven\n-Havermoutmelk",
    "brand": "ULTRA DOUX",
    "seoBrand": "Ultra Doux",
    "thumbNail": "https://static.colruytgroup.com/images/200x200/std.lang.all/58/84/asset-2985884.jpg",
    "fullImage": "https://static.colruytgroup.com/images/500x500/std.lang.all/58/84/asset-2985884.jpg",
    "squareImage": "https://static.colruytgroup.com/images/500x500sq/std.lang.all/58/84/asset-2985884.jpg",
    "content": "250ml",
    "walkRouteSequenceNumber": 15097,
    "price": {
      "basicPrice": 2.49,
      "recommendedQuantity": "1.0",
      "quantityPrice": 2.33,
      "quantityPriceQuantity": "3.0",
      "measurementUnitPrice": 9.96,
      "measurementUnitQuantityPrice": 9.32,
      "measurementUnit": "L",
      "isRedPrice": false,
      "pricePerUOM": 9.96,
      "activationDate": "19-03-2024",
      "recordSource": "Offline",
      "isPromoActive": "N",
      "priceChangeCode": "E",
      "quantityPricePerUOM": 9.32,
      "quantityActivationDate": "19-03-2024",
      "quantityPriceChangeCode": "H"
    },
    "isAvailable": true,
    "isPriceAvailable": true,
    "inPromo": false,
    "gtin": [
      "05410103136042",
      "05410103136004",
      "03600542461375",
      "03600542461566"
    ],
    "topCategoryName": "Lichaamsverzorging/Parfumerie",
    "topCategoryId": "591",
    "businessDomain": "RETAIL_BE",
    "IsPrivateLabel": false,
    "IsBiffe": false,
    "WeightconversionFactor": "0",
    "IsWeightArticle": false,
    "IsBio": false,
    "CountryOfOrigin": "POLEN",
    "IsExclusivelySoldInLuxembourg": false,
    "OrderUnit": "P",
    "ShortName": "ULTD SH.OLIJF/HAVER250",
    "IsNew": false,
    "RecentQuanityOfStockUnits": "2,2,1,1",
    "LongName": "ULTRA DOUX shampoo olijf/ haver 250ml",
    "FicCode": "N"
  },
  {
    "productId": "687225",
    "technicalArticleNumber": "4411520",
    "commercialArticleNumber": "25484",
    "name": "deo wild gr.mojito cedarwood",
    "description": "*Man deodorant\n*Anti-transpiratie\n*Aantrekkelijke geur\n*48u bescherming\n*Tegen zweet",
    "brand": "AXE",
    "seoBrand": "Axe",
    "thumbNail": "https://static.colruytgroup.com/images/200x200/std.lang.all/79/57/asset-2417957.jpg",
    "fullImage": "https://static.colruytgroup.com/images/500x500/std.lang.all/79/57/asset-2417957.jpg",
    "squareImage": "https://static.colruytgroup.com/images/500x500sq/std.lang.all/79/57/asset-2417957.jpg",
    "content": "150ml",
    "walkRouteSequenceNumber": 14680,
    "price": {
      "basicPrice": 3.46,
      "recommendedQuantity": "1.0",
      "measurementUnitPrice": 23.07,
      "measurementUnit": "L",
      "isRedPrice": false,
      "pricePerUOM": 23.07,
      "activationDate": "21-03-2024",
      "recordSource": "Folder",
      "isPromoActive": "N",
      "priceChangeCode": "L"
    },
    "isAvailable": true,
    "isPriceAvailable": true,
    "inPromo": true,
    "promotion": [
      {
        "techPromoId": "100896COLR",
        "promotionId": "100896",
        "promotionType": "4",
        "isPersonalized": "N",
        "publicationStartDate": "13-03-2024",
        "publicationEndDate": "26-03-2024"
      }
    ],
    "gtin": [
      "08720181027680",
      "08720181027888",
      "25400141540714",
      "65400141446977"
    ],
    "topCategoryName": "Lichaamsverzorging/Parfumerie",
    "topCategoryId": "591",
    "businessDomain": "RETAIL_BE",
    "IsPrivateLabel": false,
    "IsBiffe": false,
    "WeightconversionFactor": "0",
    "IsWeightArticle": false,
    "IsBio": false,
    "CountryOfOrigin": "VERENIGD KONINKRIJK",
    "IsExclusivelySoldInLuxembourg": false,
    "OrderUnit": "P",
    "ShortName": "AXE DEO WILD MOJITO 150",
    "IsNew": false,
    "RecentQuanityOfStockUnits": "1,2",
    "LongName": "AXE deo wild gr.mojito cedarwood 150ml",
    "FicCode": "N"
  },
  {
    "productId": "46377",
    "technicalArticleNumber": "2543214",
    "commercialArticleNumber": "9477",
    "name": "tandpasta",
    "description": "*Met fluor",
    "brand": "EVERYDAY",
    "seoBrand": "Everyday",
    "thumbNail": "https://static.colruytgroup.com/images/200x200/std.lang.all/59/71/asset-2055971.jpg",
    "fullImage": "https://static.colruytgroup.com/images/500x500/std.lang.all/59/71/asset-2055971.jpg",
    "squareImage": "https://static.colruytgroup.com/images/500x500sq/std.lang.all/59/71/asset-2055971.jpg",
    "content": "125ml",
    "walkRouteSequenceNumber": 14335,
    "price": {
      "basicPrice": 0.59,
      "recommendedQuantity": "1.0",
      "measurementUnitPrice": 4.72,
      "measurementUnit": "L",
      "isRedPrice": false,
      "pricePerUOM": 4.72,
      "activationDate": "02-02-2024",
      "recordSource": "Offline",
      "isPromoActive": "N",
      "priceChangeCode": "E"
    },
    "isAvailable": true,
    "isPriceAvailable": true,
    "inPromo": false,
    "gtin": [
      "05400141324136",
      "05400141479706",
      "05400141774900",
      "15400141324133",
      "15400141774907",
      "25400141324130",
      "05400141779400"
    ],
    "topCategoryName": "Lichaamsverzorging/Parfumerie",
    "topCategoryId": "591",
    "businessDomain": "RETAIL_BE",
    "IsPrivateLabel": true,
    "IsBiffe": false,
    "WeightconversionFactor": "0",
    "IsWeightArticle": false,
    "IsBio": false,
    "CountryOfOrigin": "BULGARIJE",
    "IsExclusivelySoldInLuxembourg": false,
    "OrderUnit": "P",
    "ShortName": "EVD TANDPASTA 125ML",
    "IsNew": false,
    "RecentQuanityOfStockUnits": "1,48",
    "LongName": "EVERYDAY tandpasta 125ml",
    "AlcoholVolume": "0",
    "FicCode": "N"
  },
  {
    "productId": "788468",
    "technicalArticleNumber": "4591887",
    "commercialArticleNumber": "28991",
    "name": "tandpasta one",
    "description": "*Whitening tandpasta\n*Glazuurbescherming\n*Beschermt tandvlees",
    "brand": "COLGATE MAX WHITE",
    "seoBrand": "Colgate Max White",
    "thumbNail": "https://static.colruytgroup.com/images/200x200/nl_be/42/85/asset-2824285.jpg",
    "fullImage": "https://static.colruytgroup.com/images/500x500/nl_be/42/85/asset-2824285.jpg",
    "squareImage": "https://static.colruytgroup.com/images/500x500sq/nl_be/42/85/asset-2824285.jpg",
    "content": "75ml",
    "walkRouteSequenceNumber": 14365,
    "price": {
      "basicPrice": 3.99,
      "recommendedQuantity": "1.0",
      "quantityPrice": 1.99,
      "quantityPriceQuantity": "2.0",
      "measurementUnitPrice": 53.2,
      "measurementUnitQuantityPrice": 26.54,
      "measurementUnit": "L",
      "isRedPrice": false,
      "pricePerUOM": 53.2,
      "activationDate": "23-03-2024",
      "recordSource": "Offline",
      "isPromoActive": "N",
      "priceChangeCode": "E",
      "quantityPricePerUOM": 26.54,
      "quantityActivationDate": "23-03-2024",
      "quantityPriceChangeCode": "E"
    },
    "isAvailable": true,
    "isPriceAvailable": true,
    "inPromo": false,
    "gtin": [
      "08718951484672",
      "08718951484665"
    ],
    "topCategoryName": "Lichaamsverzorging/Parfumerie",
    "topCategoryId": "591",
    "businessDomain": "RETAIL_BE",
    "IsPrivateLabel": false,
    "IsBiffe": false,
    "WeightconversionFactor": "0",
    "IsWeightArticle": false,
    "IsBio": false,
    "CountryOfOrigin": "POLEN",
    "IsExclusivelySoldInLuxembourg": false,
    "OrderUnit": "P",
    "ShortName": "COLG MAX WHITE ONE 75ML",
    "IsNew": false,
    "RecentQuanityOfStockUnits": "1",
    "LongName": "COLGATE MAX WHITE tandpasta one 75ml",
    "FicCode": "N"
  },
  {
    "productId": "868968",
    "technicalArticleNumber": "4722236",
    "commercialArticleNumber": "17303",
    "name": "Tandpasta Protection Caries",
    "description": "*Beschermt tegen\naanvallen van\nbacteriën\n*Met fluor, calcium",
    "brand": "SIGNAL",
    "seoBrand": "Signal",
    "thumbNail": "https://ecgproductmw.colruytgroup.com/ecgproductmw/noPicForArticle_2.jpg",
    "fullImage": "https://ecgproductmw.colruytgroup.com/ecgproductmw/noPicForArticle_5.jpg",
    "squareImage": "https://ecgproductmw.colruytgroup.com/ecgproductmw/noPicForArticle_5.jpg",
    "content": "100ml",
    "walkRouteSequenceNumber": 14332,
    "price": {
      "basicPrice": 2.65,
      "recommendedQuantity": "1.0",
      "measurementUnitPrice": 26.5,
      "measurementUnit": "L",
      "isRedPrice": false,
      "pricePerUOM": 26.5,
      "activationDate": "17-02-2024",
      "recordSource": "Offline",
      "isPromoActive": "N",
      "priceChangeCode": "E"
    },
    "isAvailable": true,
    "isPriceAvailable": true,
    "inPromo": false,
    "gtin": [
      "15400141867944",
      "08717163611654",
      "03014230002090"
    ],
    "topCategoryName": "Lichaamsverzorging/Parfumerie",
    "topCategoryId": "591",
    "businessDomain": "RETAIL_BE",
    "IsPrivateLabel": false,
    "IsBiffe": false,
    "WeightconversionFactor": "0",
    "IsWeightArticle": false,
    "IsBio": false,
    "CountryOfOrigin": "FRANKRIJK",
    "IsExclusivelySoldInLuxembourg": false,
    "OrderUnit": "P",
    "ShortName": "SIGN.PROT.CARIES 100ML",
    "IsNew": false,
    "RecentQuanityOfStockUnits": "2,1",
    "LongName": "SIGNAL Tandpasta Protection Caries 100ml",
    "AlcoholVolume": "0",
    "FicCode": "N"
  },
  {
    "productId": "774693",
    "technicalArticleNumber": "4564363",
    "commercialArticleNumber": "1924",
    "name": "tandp. comp.prot.adv.whi.",
    "description": "*Voor gevoelige tanden\n*Voor wittere tanden\n*Superieure reiniging",
    "brand": "SENSODYNE",
    "seoBrand": "Sensodyne",
    "thumbNail": "https://static.colruytgroup.com/images/200x200/std.lang.all/78/82/asset-2747882.jpg",
    "fullImage": "https://static.colruytgroup.com/images/500x500/std.lang.all/78/82/asset-2747882.jpg",
    "squareImage": "https://static.colruytgroup.com/images/500x500sq/std.lang.all/78/82/asset-2747882.jpg",
    "content": "75ml",
    "walkRouteSequenceNumber": 14355,
    "price": {
      "basicPrice": 6.55,
      "recommendedQuantity": "1.0",
      "measurementUnitPrice": 87.34,
      "measurementUnit": "L",
      "isRedPrice": false,
      "pricePerUOM": 87.34,
      "activationDate": "16-03-2024",
      "recordSource": "Offline",
      "isPromoActive": "N",
      "priceChangeCode": "H"
    },
    "isAvailable": true,
    "isPriceAvailable": true,
    "inPromo": false,
    "gtin": [
      "65400141912960",
      "05054563120908",
      "15054563120929"
    ],
    "topCategoryName": "Lichaamsverzorging/Parfumerie",
    "topCategoryId": "591",
    "businessDomain": "RETAIL_BE",
    "IsPrivateLabel": false,
    "IsBiffe": false,
    "WeightconversionFactor": "0",
    "IsWeightArticle": false,
    "IsBio": false,
    "CountryOfOrigin": "SLOWAKIJE",
    "IsExclusivelySoldInLuxembourg": false,
    "OrderUnit": "P",
    "ShortName": "SENS TP COMPL.PROT.WH75",
    "IsNew": false,
    "RecentQuanityOfStockUnits": "1,2",
    "LongName": "SENSODYNE tandp. comp.prot.adv.whi. 75ml",
    "FicCode": "N"
  },
  {
    "productId": "3616",
    "technicalArticleNumber": "1101595",
    "commercialArticleNumber": "23641",
    "name": "douche Extreme Cool",
    "description": "*Douchegel & haar\n*Extra cool",
    "brand": "FA MEN",
    "seoBrand": "Fa",
    "thumbNail": "https://static.colruytgroup.com/images/200x200/std.lang.all/39/55/asset-2453955.jpg",
    "fullImage": "https://static.colruytgroup.com/images/500x500/std.lang.all/39/55/asset-2453955.jpg",
    "squareImage": "https://static.colruytgroup.com/images/500x500sq/std.lang.all/39/55/asset-2453955.jpg",
    "content": "250ml",
    "walkRouteSequenceNumber": 14430,
    "price": {
      "basicPrice": 2.99,
      "recommendedQuantity": "1.0",
      "quantityPrice": 1.49,
      "quantityPriceQuantity": "2.0",
      "measurementUnitPrice": 11.96,
      "measurementUnitQuantityPrice": 5.96,
      "measurementUnit": "L",
      "isRedPrice": false,
      "pricePerUOM": 11.96,
      "activationDate": "23-03-2024",
      "recordSource": "Offline",
      "isPromoActive": "N",
      "priceChangeCode": "E",
      "quantityPricePerUOM": 5.96,
      "quantityActivationDate": "23-03-2024",
      "quantityPriceChangeCode": "E"
    },
    "isAvailable": true,
    "isPriceAvailable": true,
    "inPromo": false,
    "gtin": [
      "05412530907158",
      "05410091675868",
      "05400141037609",
      "03178040675278",
      "05412530725875",
      "05412530754783",
      "05412530725851",
      "05412530725868",
      "05412530754790",
      "03178040958463"
    ],
    "topCategoryName": "Lichaamsverzorging/Parfumerie",
    "topCategoryId": "591",
    "businessDomain": "RETAIL_BE",
    "IsPrivateLabel": false,
    "IsBiffe": false,
    "WeightconversionFactor": "0",
    "IsWeightArticle": false,
    "IsBio": false,
    "CountryOfOrigin": "DUITSLAND",
    "IsExclusivelySoldInLuxembourg": false,
    "OrderUnit": "P",
    "ShortName": "FA MEN DCH EXTR.COOL250",
    "IsNew": false,
    "RecentQuanityOfStockUnits": "1,2",
    "LongName": "FA MEN douche Extreme Cool 250ml",
    "AlcoholVolume": "0",
    "FicCode": "N"
  },
  {
    "productId": "860410",
    "technicalArticleNumber": "4711221",
    "commercialArticleNumber": "8845",
    "name": "deo original",
    "description": "*Anti-transpirant\n*original\n*72U",
    "brand": "DOVE",
    "seoBrand": "Dove",
    "thumbNail": "https://static.colruytgroup.com/images/200x200/std.lang.all/13/04/asset-3241304.jpg",
    "fullImage": "https://static.colruytgroup.com/images/500x500/std.lang.all/13/04/asset-3241304.jpg",
    "squareImage": "https://static.colruytgroup.com/images/500x500sq/std.lang.all/13/04/asset-3241304.jpg",
    "content": "100ml",
    "walkRouteSequenceNumber": 14746,
    "price": {
      "basicPrice": 3.7,
      "recommendedQuantity": "1.0",
      "measurementUnitPrice": 37,
      "measurementUnit": "L",
      "isRedPrice": false,
      "pricePerUOM": 37,
      "activationDate": "21-03-2024",
      "recordSource": "Folder",
      "isPromoActive": "N",
      "priceChangeCode": "H"
    },
    "isAvailable": true,
    "isPriceAvailable": true,
    "inPromo": true,
    "promotion": [
      {
        "techPromoId": "100897COLR",
        "promotionId": "100897",
        "promotionType": "4",
        "isPersonalized": "N",
        "publicationStartDate": "13-03-2024",
        "publicationEndDate": "26-03-2024"
      }
    ],
    "gtin": [
      "08720181299964",
      "35400141910224",
      "08720181299902",
      "45400141910221"
    ],
    "topCategoryName": "Lichaamsverzorging/Parfumerie",
    "topCategoryId": "591",
    "businessDomain": "RETAIL_BE",
    "IsPrivateLabel": false,
    "IsBiffe": false,
    "WeightconversionFactor": "0",
    "IsWeightArticle": false,
    "IsBio": false,
    "CountryOfOrigin": "VERENIGD KONINKRIJK",
    "IsExclusivelySoldInLuxembourg": false,
    "OrderUnit": "P",
    "ShortName": "DOVE DEO ORIGINAL 100",
    "IsNew": false,
    "RecentQuanityOfStockUnits": "1,2",
    "LongName": "DOVE deo original 100ml",
    "FicCode": "N"
  },
  {
    "productId": "860435",
    "technicalArticleNumber": "4711246",
    "commercialArticleNumber": "9729",
    "name": "Deo orig./invis.dry roller",
    "description": "*Anti-transpirant\n*Assortiment:\n-Original\n-Invisible Dry\n*72u bescherming",
    "brand": "DOVE",
    "seoBrand": "Dove",
    "thumbNail": "https://static.colruytgroup.com/images/200x200/std.lang.all/42/18/asset-3354218.jpg",
    "fullImage": "https://static.colruytgroup.com/images/500x500/std.lang.all/42/18/asset-3354218.jpg",
    "squareImage": "https://static.colruytgroup.com/images/500x500sq/std.lang.all/42/18/asset-3354218.jpg",
    "content": "50ml",
    "walkRouteSequenceNumber": 14676,
    "price": {
      "basicPrice": 3.29,
      "recommendedQuantity": "1.0",
      "quantityPrice": 2.19,
      "quantityPriceQuantity": "3.0",
      "measurementUnitPrice": 65.8,
      "measurementUnitQuantityPrice": 43.8,
      "measurementUnit": "L",
      "isRedPrice": false,
      "pricePerUOM": 65.8,
      "activationDate": "21-03-2024",
      "recordSource": "Offline",
      "isPromoActive": "N",
      "priceChangeCode": "E",
      "quantityPricePerUOM": 43.8,
      "quantityActivationDate": "21-03-2024",
      "quantityPriceChangeCode": "H"
    },
    "isAvailable": true,
    "isPriceAvailable": true,
    "inPromo": false,
    "gtin": [
      "55400141540968",
      "85400141434732",
      "08720181273896",
      "00000059084051",
      "00000059095842",
      "08720181269684"
    ],
    "topCategoryName": "Lichaamsverzorging/Parfumerie",
    "topCategoryId": "591",
    "businessDomain": "RETAIL_BE",
    "IsPrivateLabel": false,
    "IsBiffe": false,
    "WeightconversionFactor": "0",
    "IsWeightArticle": false,
    "IsBio": false,
    "CountryOfOrigin": "VERENIGD KONINKRIJK",
    "IsExclusivelySoldInLuxembourg": false,
    "OrderUnit": "P",
    "ShortName": "DOVE ROL.ORIG/INV.DRY50",
    "IsNew": false,
    "RecentQuanityOfStockUnits": "2,1,1",
    "LongName": "DOVE Deo orig./invis.dry roller 50ml",
    "AlcoholVolume": "0",
    "FicCode": "N"
  },
  {
    "productId": "881761",
    "technicalArticleNumber": "4739217",
    "commercialArticleNumber": "3471",
    "name": "Zero Dry/Normal",
    "description": "*Douchegel zero\n*Ass.: -Normal:\n-Nourishing: Droge Huid",
    "brand": "SANEX",
    "seoBrand": "Sanex",
    "thumbNail": "https://static.colruytgroup.com/images/200x200/std.lang.all/87/79/asset-3338779.jpg",
    "fullImage": "https://static.colruytgroup.com/images/500x500/std.lang.all/87/79/asset-3338779.jpg",
    "squareImage": "https://static.colruytgroup.com/images/500x500sq/std.lang.all/87/79/asset-3338779.jpg",
    "content": "400ml",
    "walkRouteSequenceNumber": 14708,
    "price": {
      "basicPrice": 4.99,
      "recommendedQuantity": "1.0",
      "measurementUnitPrice": 12.48,
      "measurementUnit": "L",
      "isRedPrice": false,
      "pricePerUOM": 12.48,
      "activationDate": "23-03-2024",
      "recordSource": "Offline",
      "isPromoActive": "N",
      "priceChangeCode": "E"
    },
    "isAvailable": true,
    "isPriceAvailable": true,
    "inPromo": false,
    "gtin": [
      "08718951573475",
      "08718951572898",
      "08718951572881",
      "08718951573468",
      "55400141874742",
      "08718951573024",
      "08718951573109"
    ],
    "topCategoryName": "Lichaamsverzorging/Parfumerie",
    "topCategoryId": "591",
    "businessDomain": "RETAIL_BE",
    "IsPrivateLabel": false,
    "IsBiffe": false,
    "WeightconversionFactor": "0",
    "IsWeightArticle": false,
    "IsBio": false,
    "CountryOfOrigin": "ITALIË",
    "IsExclusivelySoldInLuxembourg": false,
    "OrderUnit": "P",
    "ShortName": "SANE DCH DRY/NORMAL 400",
    "IsNew": false,
    "RecentQuanityOfStockUnits": "1,1,2,2",
    "LongName": "SANEX Zero Dry/Normal 400ml",
    "FicCode": "N"
  },
  {
    "productId": "216932",
    "technicalArticleNumber": "3481891",
    "commercialArticleNumber": "11219",
    "name": "droog kat. Sensitive ovaal",
    "description": "*Droog katoen ovaal\n*64 stuks\n*100% Katoen vezels\n*Ultra glad\n*Ultra-zacht",
    "brand": "DEMAK'UP",
    "seoBrand": "Demak'Up",
    "thumbNail": "https://static.colruytgroup.com/images/200x200/std.lang.all/20/91/asset-932091.jpg",
    "fullImage": "https://static.colruytgroup.com/images/500x500/std.lang.all/20/91/asset-932091.jpg",
    "squareImage": "https://static.colruytgroup.com/images/500x500sq/std.lang.all/20/91/asset-932091.jpg",
    "content": "64st",
    "walkRouteSequenceNumber": 15672,
    "price": {
      "basicPrice": 3.85,
      "recommendedQuantity": "1.0",
      "measurementUnitPrice": 0.061,
      "measurementUnit": "S",
      "isRedPrice": false,
      "pricePerUOM": 0.061,
      "activationDate": "22-03-2024",
      "recordSource": "Offline",
      "isPromoActive": "N",
      "priceChangeCode": "H"
    },
    "isAvailable": true,
    "isPriceAvailable": true,
    "inPromo": false,
    "gtin": [
      "07322540809886",
      "05400141221534",
      "07322540809879"
    ],
    "topCategoryName": "Lichaamsverzorging/Parfumerie",
    "topCategoryId": "591",
    "businessDomain": "RETAIL_BE",
    "IsPrivateLabel": false,
    "IsBiffe": false,
    "WeightconversionFactor": "0",
    "IsWeightArticle": false,
    "IsBio": false,
    "CountryOfOrigin": "FRANKRIJK",
    "IsExclusivelySoldInLuxembourg": false,
    "OrderUnit": "P",
    "ShortName": "DEMAK UP SENS OVAL 64ST",
    "IsNew": false,
    "RecentQuanityOfStockUnits": "1",
    "LongName": "DEMAK'UP droog kat. Sensitive ovaal 64st",
    "AlcoholVolume": "0",
    "FicCode": "N"
  },
  {
    "productId": "873217",
    "technicalArticleNumber": "4727979",
    "commercialArticleNumber": "28093",
    "name": "mondwater",
    "description": "*6 in 1 werking",
    "brand": "LISTERINE TOTAL CARE",
    "seoBrand": "Listerine Total Care",
    "thumbNail": "https://static.colruytgroup.com/images/200x200/std.lang.all/77/34/asset-3237734.jpg",
    "fullImage": "https://static.colruytgroup.com/images/500x500/std.lang.all/77/34/asset-3237734.jpg",
    "squareImage": "https://static.colruytgroup.com/images/500x500sq/std.lang.all/77/34/asset-3237734.jpg",
    "content": "500ml",
    "walkRouteSequenceNumber": 14442,
    "price": {
      "basicPrice": 6.69,
      "recommendedQuantity": "1.0",
      "quantityPrice": 4.66,
      "quantityPriceQuantity": "3.0",
      "measurementUnitPrice": 13.38,
      "measurementUnitQuantityPrice": 9.32,
      "measurementUnit": "L",
      "isRedPrice": false,
      "pricePerUOM": 13.38,
      "activationDate": "23-03-2024",
      "recordSource": "Offline",
      "isPromoActive": "N",
      "priceChangeCode": "E",
      "quantityPricePerUOM": 9.32,
      "quantityActivationDate": "23-03-2024",
      "quantityPriceChangeCode": "E"
    },
    "isAvailable": true,
    "isPriceAvailable": true,
    "inPromo": false,
    "gtin": [
      "03574661734576",
      "03574661734583",
      "65400141433076"
    ],
    "topCategoryName": "Lichaamsverzorging/Parfumerie",
    "topCategoryId": "591",
    "businessDomain": "RETAIL_BE",
    "IsPrivateLabel": false,
    "IsBiffe": false,
    "WeightconversionFactor": "0",
    "IsWeightArticle": false,
    "IsBio": false,
    "CountryOfOrigin": "ITALIË",
    "IsExclusivelySoldInLuxembourg": false,
    "OrderUnit": "P",
    "ShortName": "LIST.TOTAL CARE 500 ML",
    "IsNew": false,
    "RecentQuanityOfStockUnits": "2,1",
    "LongName": "LISTERINE TOTAL CARE mondwater 500ml",
    "FicCode": "N"
  },
  {
    "productId": "59739",
    "technicalArticleNumber": "2278869",
    "commercialArticleNumber": "23148",
    "name": "douche Kids exotisch",
    "description": "*Douchegel\n*Exotisch fruit\n*pH-neutraal, prikt\nniet in de ogen",
    "brand": "TAHITI",
    "seoBrand": "Tahiti",
    "thumbNail": "https://static.colruytgroup.com/images/200x200/nl_be/92/09/asset-859209.jpg",
    "fullImage": "https://static.colruytgroup.com/images/500x500/nl_be/92/09/asset-859209.jpg",
    "squareImage": "https://static.colruytgroup.com/images/500x500sq/nl_be/92/09/asset-859209.jpg",
    "content": "300ml",
    "walkRouteSequenceNumber": 14457,
    "price": {
      "basicPrice": 2.59,
      "recommendedQuantity": "1.0",
      "measurementUnitPrice": 8.64,
      "measurementUnit": "L",
      "isRedPrice": false,
      "pricePerUOM": 8.64,
      "activationDate": "12-02-2024",
      "recordSource": "Offline",
      "isPromoActive": "N",
      "priceChangeCode": "H"
    },
    "isAvailable": true,
    "isPriceAvailable": true,
    "inPromo": false,
    "gtin": [
      "08714789406220",
      "08718951087569",
      "08718951087552"
    ],
    "topCategoryName": "Baby",
    "topCategoryId": "761",
    "businessDomain": "RETAIL_BE",
    "IsPrivateLabel": false,
    "IsBiffe": false,
    "WeightconversionFactor": "0",
    "IsWeightArticle": false,
    "IsBio": false,
    "CountryOfOrigin": "FRANKRIJK",
    "IsExclusivelySoldInLuxembourg": false,
    "OrderUnit": "P",
    "ShortName": "TAHITI KIDS 2IN1 300 ML",
    "IsNew": false,
    "RecentQuanityOfStockUnits": "1",
    "LongName": "TAHITI douche Kids exotisch 300ml",
    "AlcoholVolume": "0",
    "FicCode": "N"
  },
  {
    "productId": "756996",
    "technicalArticleNumber": "4532766",
    "commercialArticleNumber": "12107",
    "name": "shampoo for Men",
    "description": "*Shampoo 400ml\n*Dagelijks gebruik\nvoor mannen\n*Kracht en volume",
    "brand": "SCHWARZKOPF",
    "seoBrand": "Schwarzkopf",
    "thumbNail": "https://static.colruytgroup.com/images/200x200/std.lang.all/95/60/asset-2739560.jpg",
    "fullImage": "https://static.colruytgroup.com/images/500x500/std.lang.all/95/60/asset-2739560.jpg",
    "squareImage": "https://static.colruytgroup.com/images/500x500sq/std.lang.all/95/60/asset-2739560.jpg",
    "content": "400ml",
    "walkRouteSequenceNumber": 15054,
    "price": {
      "basicPrice": 2.59,
      "recommendedQuantity": "1.0",
      "measurementUnitPrice": 6.48,
      "measurementUnit": "L",
      "isRedPrice": false,
      "pricePerUOM": 6.48,
      "activationDate": "23-03-2024",
      "recordSource": "Offline",
      "isPromoActive": "N",
      "priceChangeCode": "E"
    },
    "isAvailable": true,
    "isPriceAvailable": true,
    "inPromo": false,
    "gtin": [
      "05410091763329",
      "05412530922243",
      "05412530922267",
      "45400141912300"
    ],
    "topCategoryName": "Lichaamsverzorging/Parfumerie",
    "topCategoryId": "591",
    "businessDomain": "RETAIL_BE",
    "IsPrivateLabel": false,
    "IsBiffe": false,
    "WeightconversionFactor": "0",
    "IsWeightArticle": false,
    "IsBio": false,
    "CountryOfOrigin": "DUITSLAND",
    "IsExclusivelySoldInLuxembourg": false,
    "OrderUnit": "P",
    "ShortName": "SCHW SH. FOR MEN 400ML",
    "IsNew": false,
    "RecentQuanityOfStockUnits": "1,2",
    "LongName": "SCHWARZKOPF shampoo for Men 400ml",
    "FicCode": "N"
  },
  {
    "productId": "16119",
    "technicalArticleNumber": "1426704",
    "commercialArticleNumber": "605647",
    "name": "Voor kunstgebit 90 tabs",
    "brand": "STERADENT",
    "seoBrand": "Steradent",
    "thumbNail": "https://static.colruytgroup.com/images/200x200/std.lang.all/94/45/asset-529445.jpg",
    "fullImage": "https://static.colruytgroup.com/images/500x500/std.lang.all/94/45/asset-529445.jpg",
    "squareImage": "https://static.colruytgroup.com/images/500x500sq/std.lang.all/94/45/asset-529445.jpg",
    "walkRouteSequenceNumber": 14189,
    "price": {
      "basicPrice": 6.85,
      "recommendedQuantity": "1.0",
      "measurementUnitPrice": 0.077,
      "measurementUnit": "S",
      "isRedPrice": false,
      "pricePerUOM": 0.077,
      "activationDate": "08-03-2024",
      "recordSource": "Offline",
      "isPromoActive": "N",
      "priceChangeCode": "H"
    },
    "isAvailable": true,
    "isPriceAvailable": true,
    "inPromo": false,
    "gtin": [
      "03059946240633",
      "05410036442494",
      "08710552398525",
      "15410036442491",
      "15410036457105"
    ],
    "topCategoryName": "Lichaamsverzorging/Parfumerie",
    "topCategoryId": "591",
    "businessDomain": "NON_FOOD",
    "IsPrivateLabel": false,
    "IsBiffe": false,
    "IsWeightArticle": false,
    "RecentQuanityOfStockUnits": "1",
    "LongName": "STERADENT Voor kunstgebit 90 tabs",
    "IsBio": false,
    "CountryOfOrigin": "BELGIË",
    "FicCode": "N",
    "OrderUnit": "P",
    "ShortName": "STERADENT 90 TABS TRIPL",
    "IsNew": false
  },
  {
    "productId": "50342",
    "technicalArticleNumber": "2366244",
    "commercialArticleNumber": "832366",
    "name": "Opzetborstels Easy",
    "description": "BONI/EVD\nOPZETBORSTEL 3 STUKS",
    "brand": "BONI",
    "seoBrand": "Boni Selection",
    "thumbNail": "https://static.colruytgroup.com/images/200x200/std.lang.all/67/94/asset-1326794.jpg",
    "fullImage": "https://static.colruytgroup.com/images/500x500/std.lang.all/67/94/asset-1326794.jpg",
    "squareImage": "https://static.colruytgroup.com/images/500x500sq/std.lang.all/67/94/asset-1326794.jpg",
    "content": "3st",
    "walkRouteSequenceNumber": 14225,
    "price": {
      "basicPrice": 5,
      "recommendedQuantity": "1.0",
      "measurementUnitPrice": 1.67,
      "measurementUnit": "S",
      "isRedPrice": false,
      "pricePerUOM": 1.67,
      "activationDate": "12-03-2024",
      "recordSource": "Folder",
      "isPromoActive": "N",
      "priceChangeCode": "L"
    },
    "isAvailable": true,
    "isPriceAvailable": true,
    "inPromo": false,
    "gtin": [
      "08711341868014",
      "15400141662334",
      "05400141961584",
      "05400141932393",
      "05400141826333",
      "05400141662337",
      "05400141158595"
    ],
    "topCategoryName": "Lichaamsverzorging/Parfumerie",
    "topCategoryId": "591",
    "businessDomain": "NON_FOOD",
    "IsPrivateLabel": true,
    "IsBiffe": false,
    "IsWeightArticle": false,
    "RecentQuanityOfStockUnits": "1,1",
    "LongName": "BONI Opzetborstels Easy 3st",
    "IsBio": false,
    "AlcoholVolume": "0",
    "CountryOfOrigin": "BELGIË",
    "FicCode": "N",
    "OrderUnit": "P",
    "ShortName": "BONI OPZETBORST.3ST",
    "IsNew": false
  },
  {
    "productId": "858693",
    "technicalArticleNumber": "4708973",
    "commercialArticleNumber": "31695",
    "name": "inlegkruisje normal fresh",
    "description": "*Inlegkruisje 84ST\n*Normal",
    "brand": "ALWAYS",
    "seoBrand": "Always",
    "thumbNail": "https://static.colruytgroup.com/images/200x200/std.lang.all/76/94/asset-2877694.jpg",
    "fullImage": "https://static.colruytgroup.com/images/500x500/std.lang.all/76/94/asset-2877694.jpg",
    "squareImage": "https://static.colruytgroup.com/images/500x500sq/std.lang.all/76/94/asset-2877694.jpg",
    "content": "84st",
    "walkRouteSequenceNumber": 14388,
    "price": {
      "basicPrice": 6.39,
      "recommendedQuantity": "1.0",
      "measurementUnitPrice": 0.077,
      "measurementUnit": "S",
      "isRedPrice": false,
      "pricePerUOM": 0.077,
      "activationDate": "15-02-2024",
      "recordSource": "Offline",
      "isPromoActive": "N",
      "priceChangeCode": "E"
    },
    "isAvailable": true,
    "isPriceAvailable": true,
    "inPromo": true,
    "promotion": [
      {
        "techPromoId": "100869COLR",
        "promotionId": "100869",
        "promotionType": "4",
        "isPersonalized": "N",
        "publicationStartDate": "13-03-2024",
        "publicationEndDate": "26-03-2024"
      }
    ],
    "gtin": [
      "15400141657422",
      "08006540806838",
      "08006540806845"
    ],
    "topCategoryName": "Lichaamsverzorging/Parfumerie",
    "topCategoryId": "591",
    "businessDomain": "RETAIL_BE",
    "IsPrivateLabel": false,
    "IsBiffe": false,
    "WeightconversionFactor": "0",
    "IsWeightArticle": false,
    "IsBio": false,
    "CountryOfOrigin": "DUITSLAND",
    "IsExclusivelySoldInLuxembourg": false,
    "OrderUnit": "P",
    "ShortName": "ALWA ILK NORMAL FRESH84",
    "IsNew": false,
    "RecentQuanityOfStockUnits": "2,1",
    "LongName": "ALWAYS inlegkruisje normal fresh 84st",
    "FicCode": "N"
  },
  {
    "productId": "47228",
    "technicalArticleNumber": "2485190",
    "commercialArticleNumber": "38257",
    "name": "pioenroos/zonnebloem",
    "description": "*Bad- en douchecrème\n*2 parfums:\n-Pioenroos, katoen\n-Zonnebloem, melk\n*PH-neutraal",
    "brand": "MELKMEISJE",
    "seoBrand": "Melkmeisje",
    "thumbNail": "https://static.colruytgroup.com/images/200x200/std.lang.all/48/17/asset-3034817.jpg",
    "fullImage": "https://static.colruytgroup.com/images/500x500/std.lang.all/48/17/asset-3034817.jpg",
    "squareImage": "https://static.colruytgroup.com/images/500x500sq/std.lang.all/48/17/asset-3034817.jpg",
    "content": "2L",
    "walkRouteSequenceNumber": 14736,
    "price": {
      "basicPrice": 7.98,
      "recommendedQuantity": "1.0",
      "measurementUnitPrice": 3.99,
      "measurementUnit": "L",
      "isRedPrice": false,
      "pricePerUOM": 3.99,
      "activationDate": "13-03-2024",
      "recordSource": "Offline",
      "isPromoActive": "N",
      "priceChangeCode": "H"
    },
    "isAvailable": true,
    "isPriceAvailable": true,
    "inPromo": false,
    "gtin": [
      "08710919154832",
      "08710919623017",
      "08710919154917",
      "08710919154849"
    ],
    "topCategoryName": "Lichaamsverzorging/Parfumerie",
    "topCategoryId": "591",
    "businessDomain": "RETAIL_BE",
    "IsPrivateLabel": false,
    "IsBiffe": false,
    "WeightconversionFactor": "0",
    "IsWeightArticle": false,
    "IsBio": false,
    "CountryOfOrigin": "NEDERLAND",
    "IsExclusivelySoldInLuxembourg": false,
    "OrderUnit": "P",
    "ShortName": "MELKMEIS.PIOEN/ZON2L",
    "IsNew": false,
    "RecentQuanityOfStockUnits": "1,1",
    "LongName": "MELKMEISJE pioenroos/zonnebloem 2L",
    "AlcoholVolume": "0",
    "FicCode": "N"
  },
  {
    "productId": "864383",
    "technicalArticleNumber": "4716190",
    "commercialArticleNumber": "31998",
    "name": "douchegel Classic",
    "description": "*Douchegel\n*Klassiek\n*pH-neutraal, zonder\nparabenen, zonder\nkleurstoffen",
    "brand": "SUNLIGHT",
    "seoBrand": "Sunlight",
    "thumbNail": "https://static.colruytgroup.com/images/200x200/std.lang.all/62/96/asset-3216296.jpg",
    "fullImage": "https://static.colruytgroup.com/images/500x500/std.lang.all/62/96/asset-3216296.jpg",
    "squareImage": "https://static.colruytgroup.com/images/500x500sq/std.lang.all/62/96/asset-3216296.jpg",
    "content": "450ml",
    "walkRouteSequenceNumber": 14717,
    "price": {
      "basicPrice": 3.95,
      "recommendedQuantity": "1.0",
      "measurementUnitPrice": 8.78,
      "measurementUnit": "L",
      "isRedPrice": false,
      "pricePerUOM": 8.78,
      "activationDate": "01-03-2024",
      "recordSource": "Offline",
      "isPromoActive": "N",
      "priceChangeCode": "L"
    },
    "isAvailable": true,
    "isPriceAvailable": true,
    "inPromo": false,
    "gtin": [
      "25400141852053",
      "08720181355011",
      "08720181354861",
      "08720181354793"
    ],
    "topCategoryName": "Lichaamsverzorging/Parfumerie",
    "topCategoryId": "591",
    "businessDomain": "RETAIL_BE",
    "IsPrivateLabel": false,
    "IsBiffe": false,
    "WeightconversionFactor": "0",
    "IsWeightArticle": false,
    "IsBio": false,
    "CountryOfOrigin": "BELGIË",
    "IsExclusivelySoldInLuxembourg": false,
    "OrderUnit": "P",
    "ShortName": "SUNL DCH CLASSIC 450ML",
    "IsNew": false,
    "RecentQuanityOfStockUnits": "1,2",
    "LongName": "SUNLIGHT douchegel Classic 450ml",
    "AlcoholVolume": "0",
    "FicCode": "N"
  },
  {
    "productId": "776932",
    "technicalArticleNumber": "4569090",
    "commercialArticleNumber": "14394",
    "name": "deo cotton/aloe vera",
    "description": "*Deodorant spray\n*Langhoudend\n*Frisse geur\n*Tegen zweet\n*Dermatologisch",
    "brand": "REXONA",
    "seoBrand": "Rexona",
    "thumbNail": "https://static.colruytgroup.com/images/200x200/std.lang.all/52/58/asset-2755258.jpg",
    "fullImage": "https://static.colruytgroup.com/images/500x500/std.lang.all/52/58/asset-2755258.jpg",
    "squareImage": "https://static.colruytgroup.com/images/500x500sq/std.lang.all/52/58/asset-2755258.jpg",
    "content": "150ml",
    "walkRouteSequenceNumber": 14728,
    "price": {
      "basicPrice": 4.69,
      "recommendedQuantity": "1.0",
      "measurementUnitPrice": 31.27,
      "measurementUnit": "L",
      "isRedPrice": false,
      "pricePerUOM": 31.27,
      "activationDate": "04-03-2024",
      "recordSource": "Offline",
      "isPromoActive": "N",
      "priceChangeCode": "E"
    },
    "isAvailable": true,
    "isPriceAvailable": true,
    "inPromo": false,
    "gtin": [
      "08720181183751",
      "08720181183928",
      "08720181183843",
      "08720181183799",
      "25400141473128",
      "15400141473121"
    ],
    "topCategoryName": "Lichaamsverzorging/Parfumerie",
    "topCategoryId": "591",
    "businessDomain": "RETAIL_BE",
    "IsPrivateLabel": false,
    "IsBiffe": false,
    "WeightconversionFactor": "0",
    "IsWeightArticle": false,
    "IsBio": false,
    "CountryOfOrigin": "VERENIGD KONINKRIJK",
    "IsExclusivelySoldInLuxembourg": false,
    "OrderUnit": "P",
    "ShortName": "REXO DEO 72 COT/ALOE150",
    "IsNew": false,
    "RecentQuanityOfStockUnits": "2,1,1",
    "LongName": "REXONA deo cotton/aloe vera 150ml",
    "FicCode": "N"
  },
  {
    "productId": "324669",
    "technicalArticleNumber": "3769276",
    "commercialArticleNumber": "282058",
    "name": "Body verzorgende Body Milk",
    "description": "+Bodymelk\n*400 ml\n*Droge huid",
    "brand": "NIVEA",
    "seoBrand": "Nivea",
    "thumbNail": "https://static.colruytgroup.com/images/200x200/std.lang.all/76/08/asset-2507608.jpg",
    "fullImage": "https://static.colruytgroup.com/images/500x500/std.lang.all/76/08/asset-2507608.jpg",
    "squareImage": "https://static.colruytgroup.com/images/500x500sq/std.lang.all/76/08/asset-2507608.jpg",
    "content": "400ml",
    "walkRouteSequenceNumber": 15571,
    "price": {
      "basicPrice": 4.19,
      "recommendedQuantity": "1.0",
      "measurementUnitPrice": 10.48,
      "measurementUnit": "L",
      "isRedPrice": false,
      "pricePerUOM": 10.48,
      "activationDate": "21-03-2024",
      "recordSource": "Folder",
      "isPromoActive": "N",
      "priceChangeCode": "H"
    },
    "isAvailable": true,
    "isPriceAvailable": true,
    "inPromo": false,
    "gtin": [
      "04005900417985",
      "04005900417961",
      "04005900417978",
      "04005805215259"
    ],
    "topCategoryName": "Lichaamsverzorging/Parfumerie",
    "topCategoryId": "591",
    "businessDomain": "NON_FOOD",
    "IsPrivateLabel": false,
    "IsBiffe": false,
    "IsWeightArticle": false,
    "RecentQuanityOfStockUnits": "1",
    "LongName": "NIVEA Body verzorgende Body Milk 400ml",
    "IsBio": false,
    "CountryOfOrigin": "BELGIË",
    "FicCode": "N",
    "OrderUnit": "P",
    "ShortName": "NIV.BODYMELK 400ML",
    "IsNew": false
  },
  {
    "productId": "841156",
    "technicalArticleNumber": "4685491",
    "commercialArticleNumber": "20283",
    "name": "douchegel luxur/divine",
    "description": "*Douchegel\n*Assorti:\n-Luxur\n-Divine",
    "brand": "FA",
    "seoBrand": "Fa",
    "thumbNail": "https://static.colruytgroup.com/images/200x200/std.lang.all/35/30/asset-3153530.jpg",
    "fullImage": "https://static.colruytgroup.com/images/500x500/std.lang.all/35/30/asset-3153530.jpg",
    "squareImage": "https://static.colruytgroup.com/images/500x500sq/std.lang.all/35/30/asset-3153530.jpg",
    "content": "250ml",
    "walkRouteSequenceNumber": 14640,
    "price": {
      "basicPrice": 2.39,
      "recommendedQuantity": "1.0",
      "quantityPrice": 1.59,
      "quantityPriceQuantity": "2.0",
      "measurementUnitPrice": 9.56,
      "measurementUnitQuantityPrice": 6.36,
      "measurementUnit": "L",
      "isRedPrice": false,
      "pricePerUOM": 9.56,
      "activationDate": "23-03-2024",
      "recordSource": "Offline",
      "isPromoActive": "N",
      "priceChangeCode": "E",
      "quantityPricePerUOM": 6.36,
      "quantityActivationDate": "23-03-2024",
      "quantityPriceChangeCode": "E"
    },
    "isAvailable": true,
    "isPriceAvailable": true,
    "inPromo": false,
    "gtin": [
      "05412530862679",
      "05412530862662",
      "05412530794512",
      "05412530794505",
      "05410091734619",
      "05410091697006",
      "55400141456801"
    ],
    "topCategoryName": "Lichaamsverzorging/Parfumerie",
    "topCategoryId": "591",
    "businessDomain": "RETAIL_BE",
    "IsPrivateLabel": false,
    "IsBiffe": false,
    "WeightconversionFactor": "0",
    "IsWeightArticle": false,
    "IsBio": false,
    "CountryOfOrigin": "DUITSLAND",
    "IsExclusivelySoldInLuxembourg": false,
    "OrderUnit": "P",
    "ShortName": "FA DCH LUX/DIV.250",
    "IsNew": false,
    "RecentQuanityOfStockUnits": "1,2,1",
    "LongName": "FA douchegel luxur/divine 250ml",
    "FicCode": "N"
  },
  {
    "productId": "619",
    "technicalArticleNumber": "6489",
    "commercialArticleNumber": "6489",
    "name": "maandverb. Confort super",
    "description": "*Maandverband\n*Dikte: maxi\n*Individueel verpakt",
    "brand": "VANIA MAXI",
    "seoBrand": "Vania Maxi",
    "thumbNail": "https://static.colruytgroup.com/images/200x200/std.lang.all/60/81/asset-2076081.jpg",
    "fullImage": "https://static.colruytgroup.com/images/500x500/std.lang.all/60/81/asset-2076081.jpg",
    "squareImage": "https://static.colruytgroup.com/images/500x500sq/std.lang.all/60/81/asset-2076081.jpg",
    "content": "16st",
    "walkRouteSequenceNumber": 14587,
    "price": {
      "basicPrice": 2.99,
      "recommendedQuantity": "2.0",
      "quantityPrice": 2.32,
      "quantityPriceQuantity": "3.0",
      "measurementUnitPrice": 0.187,
      "measurementUnitQuantityPrice": 0.145,
      "measurementUnit": "S",
      "isRedPrice": false,
      "pricePerUOM": 0.187,
      "activationDate": "23-03-2024",
      "recordSource": "Offline",
      "isPromoActive": "N",
      "priceChangeCode": "E",
      "quantityPricePerUOM": 0.145,
      "quantityActivationDate": "23-03-2024",
      "quantityPriceChangeCode": "E"
    },
    "isAvailable": true,
    "isPriceAvailable": true,
    "inPromo": false,
    "gtin": [
      "03278940918007",
      "03574661418858",
      "03574661418865",
      "05400141383621"
    ],
    "topCategoryName": "Lichaamsverzorging/Parfumerie",
    "topCategoryId": "591",
    "businessDomain": "RETAIL_BE",
    "IsPrivateLabel": false,
    "IsBiffe": false,
    "WeightconversionFactor": "0",
    "IsWeightArticle": false,
    "IsBio": false,
    "CountryOfOrigin": "BELGIË",
    "IsExclusivelySoldInLuxembourg": false,
    "OrderUnit": "P",
    "ShortName": "VANIA MAXI 16 SUPER",
    "IsNew": false,
    "RecentQuanityOfStockUnits": "2,1",
    "LongName": "VANIA MAXI maandverb. Confort super 16st",
    "AlcoholVolume": "0",
    "FicCode": "N"
  },
  {
    "productId": "848571",
    "technicalArticleNumber": "4695790",
    "commercialArticleNumber": "29035",
    "name": "complete protection&clean",
    "brand": "ORAL-B",
    "seoBrand": "Oral-B",
    "thumbNail": "https://static.colruytgroup.com/images/200x200/std.lang.all/27/95/asset-3172795.jpg",
    "fullImage": "https://static.colruytgroup.com/images/500x500/std.lang.all/27/95/asset-3172795.jpg",
    "squareImage": "https://static.colruytgroup.com/images/500x500sq/std.lang.all/27/95/asset-3172795.jpg",
    "content": "75ml",
    "walkRouteSequenceNumber": 14379,
    "price": {
      "basicPrice": 2.99,
      "recommendedQuantity": "1.0",
      "measurementUnitPrice": 39.87,
      "measurementUnit": "L",
      "isRedPrice": false,
      "pricePerUOM": 39.87,
      "activationDate": "16-11-2023",
      "isPromoActive": "N",
      "priceChangeCode": "E"
    },
    "isAvailable": true,
    "isPriceAvailable": true,
    "inPromo": false,
    "gtin": [
      "08001090679635",
      "08001090679611",
      "08001090679666"
    ],
    "topCategoryName": "Lichaamsverzorging/Parfumerie",
    "topCategoryId": "591",
    "businessDomain": "RETAIL_BE",
    "IsPrivateLabel": false,
    "IsBiffe": false,
    "WeightconversionFactor": "0",
    "IsWeightArticle": false,
    "IsBio": false,
    "CountryOfOrigin": "DUITSLAND",
    "IsExclusivelySoldInLuxembourg": false,
    "OrderUnit": "P",
    "ShortName": "ORAL TP COMPL.PROT&CL75",
    "InSeason": true,
    "IsNew": false,
    "RecentQuanityOfStockUnits": "3,1",
    "LongName": "ORAL-B complete protection&clean 75ml",
    "AlcoholVolume": "0",
    "StartSeasonDate": "24/02/2023",
    "FicCode": "N"
  },
  {
    "productId": "332797",
    "technicalArticleNumber": "3812592",
    "commercialArticleNumber": "17377",
    "name": "deo 0% komkommer/original",
    "description": "*Deodorant spray\n*Alcoholvrij\n*Aluminiumvrij\n*48u bescherming\n*Ultrafrisse geur",
    "brand": "DOVE",
    "seoBrand": "Dove",
    "thumbNail": "https://static.colruytgroup.com/images/200x200/std.lang.all/39/30/asset-1703930.jpg",
    "fullImage": "https://static.colruytgroup.com/images/500x500/std.lang.all/39/30/asset-1703930.jpg",
    "squareImage": "https://static.colruytgroup.com/images/500x500sq/std.lang.all/39/30/asset-1703930.jpg",
    "content": "150ml",
    "walkRouteSequenceNumber": 14750,
    "price": {
      "basicPrice": 3.56,
      "recommendedQuantity": "1.0",
      "measurementUnitPrice": 23.74,
      "measurementUnit": "L",
      "isRedPrice": false,
      "pricePerUOM": 23.74,
      "activationDate": "23-03-2024",
      "recordSource": "Folder",
      "isPromoActive": "N",
      "priceChangeCode": "E"
    },
    "isAvailable": true,
    "isPriceAvailable": true,
    "inPromo": true,
    "promotion": [
      {
        "techPromoId": "100897COLR",
        "promotionId": "100897",
        "promotionType": "4",
        "isPersonalized": "N",
        "publicationStartDate": "13-03-2024",
        "publicationEndDate": "26-03-2024"
      }
    ],
    "gtin": [
      "05400141141078",
      "15400141614692",
      "08710908404184",
      "08710447320853",
      "08710447320655",
      "08710447210451",
      "05400141141566",
      "08720181302206",
      "08720181302213",
      "08720181302237",
      "08720181302251"
    ],
    "topCategoryName": "Lichaamsverzorging/Parfumerie",
    "topCategoryId": "591",
    "businessDomain": "RETAIL_BE",
    "IsPrivateLabel": false,
    "IsBiffe": false,
    "WeightconversionFactor": "0",
    "IsWeightArticle": false,
    "IsBio": false,
    "CountryOfOrigin": "ITALIË",
    "IsExclusivelySoldInLuxembourg": false,
    "OrderUnit": "P",
    "ShortName": "DOVE DEO 0%KOMK/ORIG150",
    "IsNew": false,
    "RecentQuanityOfStockUnits": "2,1,1",
    "LongName": "DOVE deo 0% komkommer/original 150ml",
    "AlcoholVolume": "0",
    "FicCode": "N"
  },
  {
    "productId": "762557",
    "technicalArticleNumber": "4542425",
    "commercialArticleNumber": "5535",
    "name": "maandverband nacht",
    "description": "*Maxi",
    "brand": "VANIA MAXI",
    "seoBrand": "Vania Maxi",
    "thumbNail": "https://static.colruytgroup.com/images/200x200/std.lang.all/73/80/asset-3267380.jpg",
    "fullImage": "https://static.colruytgroup.com/images/500x500/std.lang.all/73/80/asset-3267380.jpg",
    "squareImage": "https://static.colruytgroup.com/images/500x500sq/std.lang.all/73/80/asset-3267380.jpg",
    "content": "12st",
    "walkRouteSequenceNumber": 14592,
    "price": {
      "basicPrice": 3.19,
      "recommendedQuantity": "1.0",
      "quantityPrice": 2.32,
      "quantityPriceQuantity": "3.0",
      "measurementUnitPrice": 0.266,
      "measurementUnitQuantityPrice": 0.194,
      "measurementUnit": "S",
      "isRedPrice": false,
      "pricePerUOM": 0.266,
      "activationDate": "23-03-2024",
      "recordSource": "Offline",
      "isPromoActive": "N",
      "priceChangeCode": "E",
      "quantityPricePerUOM": 0.194,
      "quantityActivationDate": "23-03-2024",
      "quantityPriceChangeCode": "E"
    },
    "isAvailable": true,
    "isPriceAvailable": true,
    "inPromo": false,
    "gtin": [
      "25400141915888",
      "03574661419442",
      "03574661419435"
    ],
    "topCategoryName": "Lichaamsverzorging/Parfumerie",
    "topCategoryId": "591",
    "businessDomain": "RETAIL_BE",
    "IsPrivateLabel": false,
    "IsBiffe": false,
    "WeightconversionFactor": "0",
    "IsWeightArticle": false,
    "IsBio": false,
    "CountryOfOrigin": "BELGIË",
    "IsExclusivelySoldInLuxembourg": false,
    "OrderUnit": "P",
    "ShortName": "VANIA MAXI NACHT 12ST",
    "IsNew": false,
    "RecentQuanityOfStockUnits": "1,2,15",
    "LongName": "VANIA MAXI maandverband nacht 12st",
    "AlcoholVolume": "0",
    "FicCode": "N"
  },
  {
    "productId": "628097",
    "technicalArticleNumber": "4312164",
    "commercialArticleNumber": "23762",
    "name": "gel indestr/invisible",
    "description": "*Gel\n*150 ml\n*Assortiment\n-Indistructible\n-Invisible",
    "brand": "STUDIO LINE",
    "seoBrand": "Studio Line",
    "thumbNail": "https://static.colruytgroup.com/images/200x200/std.lang.all/80/75/asset-2288075.jpg",
    "fullImage": "https://static.colruytgroup.com/images/500x500/std.lang.all/80/75/asset-2288075.jpg",
    "squareImage": "https://static.colruytgroup.com/images/500x500sq/std.lang.all/80/75/asset-2288075.jpg",
    "content": "150ml",
    "walkRouteSequenceNumber": 15307,
    "price": {
      "basicPrice": 3.99,
      "recommendedQuantity": "1.0",
      "measurementUnitPrice": 26.6,
      "measurementUnit": "L",
      "isRedPrice": false,
      "pricePerUOM": 26.6,
      "activationDate": "26-02-2024",
      "recordSource": "Offline",
      "isPromoActive": "N",
      "priceChangeCode": "E"
    },
    "isAvailable": true,
    "isPriceAvailable": true,
    "inPromo": false,
    "gtin": [
      "03600522471127",
      "75410103851609",
      "03600520921235",
      "03600522471233",
      "03600520921211"
    ],
    "topCategoryName": "Lichaamsverzorging/Parfumerie",
    "topCategoryId": "591",
    "businessDomain": "RETAIL_BE",
    "IsPrivateLabel": false,
    "IsBiffe": false,
    "WeightconversionFactor": "0",
    "IsWeightArticle": false,
    "IsBio": false,
    "CountryOfOrigin": "BELGIË",
    "IsExclusivelySoldInLuxembourg": false,
    "OrderUnit": "P",
    "ShortName": "STUD.GEL INDES/INVIS150",
    "IsNew": false,
    "RecentQuanityOfStockUnits": "1,1",
    "LongName": "STUDIO LINE gel indestr/invisible 150ml",
    "FicCode": "N"
  },
  {
    "productId": "470896",
    "technicalArticleNumber": "4059939",
    "commercialArticleNumber": "6839",
    "name": "deo original",
    "description": "*Anti-transpirant\n*Original\n*48u bescherming\nmet Vitamine E",
    "brand": "DOVE",
    "seoBrand": "Dove",
    "thumbNail": "https://static.colruytgroup.com/images/200x200/std.lang.all/23/54/asset-3342354.jpg",
    "fullImage": "https://static.colruytgroup.com/images/500x500/std.lang.all/23/54/asset-3342354.jpg",
    "squareImage": "https://static.colruytgroup.com/images/500x500sq/std.lang.all/23/54/asset-3342354.jpg",
    "content": "200ml",
    "walkRouteSequenceNumber": 14744,
    "price": {
      "basicPrice": 3.82,
      "recommendedQuantity": "2.0",
      "quantityPrice": 2.87,
      "quantityPriceQuantity": "3.0",
      "measurementUnitPrice": 19.1,
      "measurementUnitQuantityPrice": 14.35,
      "measurementUnit": "L",
      "isRedPrice": false,
      "pricePerUOM": 19.1,
      "activationDate": "23-03-2024",
      "recordSource": "Folder",
      "isPromoActive": "N",
      "priceChangeCode": "L",
      "quantityPricePerUOM": 14.35,
      "quantityActivationDate": "23-03-2024",
      "quantityPriceChangeCode": "E"
    },
    "isAvailable": true,
    "isPriceAvailable": true,
    "inPromo": false,
    "gtin": [
      "08413300605868",
      "03014230000201",
      "25400141257902",
      "35400141257909"
    ],
    "topCategoryName": "Lichaamsverzorging/Parfumerie",
    "topCategoryId": "591",
    "businessDomain": "RETAIL_BE",
    "IsPrivateLabel": false,
    "IsBiffe": false,
    "WeightconversionFactor": "0",
    "IsWeightArticle": false,
    "IsBio": false,
    "CountryOfOrigin": "VERENIGD KONINKRIJK",
    "IsExclusivelySoldInLuxembourg": false,
    "OrderUnit": "P",
    "ShortName": "DOVE DEO ORIGINAL 200ML",
    "InSeason": true,
    "IsNew": false,
    "RecentQuanityOfStockUnits": "1,2",
    "LongName": "DOVE deo original 200ml",
    "StartSeasonDate": "07/07/2023",
    "FicCode": "N"
  },
  {
    "productId": "825561",
    "technicalArticleNumber": "4662452",
    "commercialArticleNumber": "29890",
    "name": "shampoo subl.oliën/kids",
    "description": "*Shampoo\n*Assorti:\n-Baby&kids havermelk\n2 in 1\n-Sublieme oliën",
    "brand": "ULTRA DOUX",
    "seoBrand": "Ultra Doux",
    "thumbNail": "https://static.colruytgroup.com/images/200x200/std.lang.all/47/52/asset-3034752.jpg",
    "fullImage": "https://static.colruytgroup.com/images/500x500/std.lang.all/47/52/asset-3034752.jpg",
    "squareImage": "https://static.colruytgroup.com/images/500x500sq/std.lang.all/47/52/asset-3034752.jpg",
    "content": "250ml",
    "walkRouteSequenceNumber": 15110,
    "price": {
      "basicPrice": 3.39,
      "recommendedQuantity": "1.0",
      "quantityPrice": 2.33,
      "quantityPriceQuantity": "3.0",
      "measurementUnitPrice": 13.56,
      "measurementUnitQuantityPrice": 9.32,
      "measurementUnit": "L",
      "isRedPrice": false,
      "pricePerUOM": 13.56,
      "activationDate": "19-03-2024",
      "recordSource": "Offline",
      "isPromoActive": "N",
      "priceChangeCode": "E",
      "quantityPricePerUOM": 9.32,
      "quantityActivationDate": "19-03-2024",
      "quantityPriceChangeCode": "H"
    },
    "isAvailable": true,
    "isPriceAvailable": true,
    "inPromo": false,
    "gtin": [
      "05410103136202",
      "03600542461191",
      "03600542463362",
      "05410103136165"
    ],
    "topCategoryName": "Lichaamsverzorging/Parfumerie",
    "topCategoryId": "591",
    "businessDomain": "RETAIL_BE",
    "IsPrivateLabel": false,
    "IsBiffe": false,
    "WeightconversionFactor": "0",
    "IsWeightArticle": false,
    "IsBio": false,
    "CountryOfOrigin": "POLEN",
    "IsExclusivelySoldInLuxembourg": false,
    "OrderUnit": "P",
    "ShortName": "ULTD SH.SUBL/KID HAV250",
    "IsNew": false,
    "RecentQuanityOfStockUnits": "1,1,2,2",
    "LongName": "ULTRA DOUX shampoo subl.oliën/kids 250ml",
    "FicCode": "N"
  },
  {
    "productId": "94872",
    "technicalArticleNumber": "2862928",
    "commercialArticleNumber": "34537",
    "name": "douche Mystic moments SG",
    "description": "*Douchegel\n*Parfum:\n-Mystic Moments",
    "brand": "FA",
    "seoBrand": "Fa",
    "thumbNail": "https://static.colruytgroup.com/images/200x200/std.lang.all/78/73/asset-2747873.jpg",
    "fullImage": "https://static.colruytgroup.com/images/500x500/std.lang.all/78/73/asset-2747873.jpg",
    "squareImage": "https://static.colruytgroup.com/images/500x500sq/std.lang.all/78/73/asset-2747873.jpg",
    "content": "250ml",
    "walkRouteSequenceNumber": 14634,
    "price": {
      "basicPrice": 2.56,
      "recommendedQuantity": "1.0",
      "measurementUnitPrice": 10.24,
      "measurementUnit": "L",
      "isRedPrice": false,
      "pricePerUOM": 10.24,
      "activationDate": "22-03-2024",
      "recordSource": "Offline",
      "isPromoActive": "N",
      "priceChangeCode": "H"
    },
    "isAvailable": true,
    "isPriceAvailable": true,
    "inPromo": false,
    "gtin": [
      "05410091757403",
      "05412530906212",
      "05412530767394",
      "05412530767387",
      "05410091682156",
      "05412530906229",
      "05400141038057",
      "05412530932365",
      "05410091767242",
      "05412530932341"
    ],
    "topCategoryName": "Lichaamsverzorging/Parfumerie",
    "topCategoryId": "591",
    "businessDomain": "RETAIL_BE",
    "IsPrivateLabel": false,
    "IsBiffe": false,
    "WeightconversionFactor": "0",
    "IsWeightArticle": false,
    "IsBio": false,
    "CountryOfOrigin": "BELGIË",
    "IsExclusivelySoldInLuxembourg": false,
    "OrderUnit": "P",
    "ShortName": "FA DCH MYSTIC MOME250ML",
    "IsNew": false,
    "RecentQuanityOfStockUnits": "2,1",
    "LongName": "FA douche Mystic moments SG 250ml",
    "AlcoholVolume": "0",
    "FicCode": "N"
  },
  {
    "productId": "865600",
    "technicalArticleNumber": "4717793",
    "commercialArticleNumber": "4037",
    "name": "douche relax/massage",
    "description": "*Douchegel 250ml\n*Assortiment van:\n-Relax: met lavendel\n-Massage: zeezout & aloë\nextract + essentiële olieën",
    "brand": "PALMOLIVE",
    "seoBrand": "Palmolive",
    "thumbNail": "https://static.colruytgroup.com/images/200x200/std.lang.all/34/43/asset-3193443.jpg",
    "fullImage": "https://static.colruytgroup.com/images/500x500/std.lang.all/34/43/asset-3193443.jpg",
    "squareImage": "https://static.colruytgroup.com/images/500x500sq/std.lang.all/34/43/asset-3193443.jpg",
    "content": "250ml",
    "walkRouteSequenceNumber": 14699,
    "price": {
      "basicPrice": 2.69,
      "recommendedQuantity": "1.0",
      "quantityPrice": 1.69,
      "quantityPriceQuantity": "4.0",
      "measurementUnitPrice": 10.76,
      "measurementUnitQuantityPrice": 6.76,
      "measurementUnit": "L",
      "isRedPrice": false,
      "pricePerUOM": 10.76,
      "activationDate": "13-03-2024",
      "recordSource": "Offline",
      "isPromoActive": "N",
      "priceChangeCode": "E",
      "quantityPricePerUOM": 6.76,
      "quantityActivationDate": "13-03-2024",
      "quantityPriceChangeCode": "L"
    },
    "isAvailable": true,
    "isPriceAvailable": true,
    "inPromo": false,
    "gtin": [
      "15400141712657",
      "08718951592049",
      "08718951592025",
      "08718951592018",
      "08718951591974",
      "08718951591950",
      "08718951591943"
    ],
    "topCategoryName": "Lichaamsverzorging/Parfumerie",
    "topCategoryId": "591",
    "businessDomain": "RETAIL_BE",
    "IsPrivateLabel": false,
    "IsBiffe": false,
    "WeightconversionFactor": "0",
    "IsWeightArticle": false,
    "IsBio": false,
    "CountryOfOrigin": "FRANKRIJK",
    "IsExclusivelySoldInLuxembourg": false,
    "OrderUnit": "P",
    "ShortName": "PALM DCH.REL/MAS 250ML",
    "IsNew": false,
    "RecentQuanityOfStockUnits": "2,1,1",
    "LongName": "PALMOLIVE douche relax/massage 250ml",
    "FicCode": "N"
  },
  {
    "productId": "192434",
    "technicalArticleNumber": "3452758",
    "commercialArticleNumber": "12346",
    "name": "tandpasta kids aardbei",
    "description": "*Assortiment:\n-Aardbei\n+6 jaar",
    "brand": "THERAMED",
    "seoBrand": "Theramed",
    "thumbNail": "https://static.colruytgroup.com/images/200x200/std.lang.all/39/34/asset-2043934.jpg",
    "fullImage": "https://static.colruytgroup.com/images/500x500/std.lang.all/39/34/asset-2043934.jpg",
    "squareImage": "https://static.colruytgroup.com/images/500x500sq/std.lang.all/39/34/asset-2043934.jpg",
    "content": "75ml",
    "walkRouteSequenceNumber": 14196,
    "price": {
      "basicPrice": 3.19,
      "recommendedQuantity": "1.0",
      "measurementUnitPrice": 42.54,
      "measurementUnit": "L",
      "isRedPrice": false,
      "pricePerUOM": 42.54,
      "activationDate": "29-01-2024",
      "recordSource": "Offline",
      "isPromoActive": "N",
      "priceChangeCode": "E"
    },
    "isAvailable": true,
    "isPriceAvailable": true,
    "inPromo": false,
    "gtin": [
      "05400141464153",
      "08410436263207",
      "08410436263184",
      "05412530862099",
      "05410091734220"
    ],
    "topCategoryName": "Lichaamsverzorging/Parfumerie",
    "topCategoryId": "591",
    "businessDomain": "RETAIL_BE",
    "IsPrivateLabel": false,
    "IsBiffe": false,
    "WeightconversionFactor": "0",
    "IsWeightArticle": false,
    "IsBio": false,
    "CountryOfOrigin": "DUITSLAND",
    "IsExclusivelySoldInLuxembourg": false,
    "OrderUnit": "P",
    "ShortName": "THER TP JUN.AARDBEI 75",
    "IsNew": false,
    "RecentQuanityOfStockUnits": "2,1",
    "LongName": "THERAMED tandpasta kids aardbei 75ml",
    "AlcoholVolume": "0",
    "FicCode": "N"
  },
  {
    "productId": "39340",
    "technicalArticleNumber": "1789603",
    "commercialArticleNumber": "23845",
    "name": "Bath Indulging Cream",
    "description": "*Romig schuim\n*Voedende verzorging\n*Ontspannend bad\n*Aromatische geur\n*Gehydrateerde huid",
    "brand": "DOVE",
    "seoBrand": "Dove",
    "thumbNail": "https://static.colruytgroup.com/images/200x200/std.lang.all/92/39/asset-2809239.jpg",
    "fullImage": "https://static.colruytgroup.com/images/500x500/std.lang.all/92/39/asset-2809239.jpg",
    "squareImage": "https://static.colruytgroup.com/images/500x500sq/std.lang.all/92/39/asset-2809239.jpg",
    "content": "750ml",
    "walkRouteSequenceNumber": 14761,
    "price": {
      "basicPrice": 6.99,
      "recommendedQuantity": "1.0",
      "quantityPrice": 3.99,
      "quantityPriceQuantity": "4.0",
      "measurementUnitPrice": 9.32,
      "measurementUnitQuantityPrice": 5.32,
      "measurementUnit": "L",
      "isRedPrice": false,
      "pricePerUOM": 9.32,
      "activationDate": "12-03-2024",
      "recordSource": "Offline",
      "isPromoActive": "N",
      "priceChangeCode": "E",
      "quantityPricePerUOM": 5.32,
      "quantityActivationDate": "12-03-2024",
      "quantityPriceChangeCode": "L"
    },
    "isAvailable": true,
    "isPriceAvailable": true,
    "inPromo": false,
    "gtin": [
      "08717644040614",
      "08717163429891",
      "08717163429884",
      "08718114545806"
    ],
    "topCategoryName": "Lichaamsverzorging/Parfumerie",
    "topCategoryId": "591",
    "businessDomain": "RETAIL_BE",
    "IsPrivateLabel": false,
    "IsBiffe": false,
    "WeightconversionFactor": "0",
    "IsWeightArticle": false,
    "IsBio": false,
    "CountryOfOrigin": "DUITSLAND",
    "IsExclusivelySoldInLuxembourg": false,
    "OrderUnit": "P",
    "ShortName": "DOVE BAD INDULGING 750",
    "InSeason": true,
    "IsNew": false,
    "RecentQuanityOfStockUnits": "1,6",
    "LongName": "DOVE Bath Indulging Cream 750ml",
    "AlcoholVolume": "0",
    "StartSeasonDate": "03/01/2022",
    "FicCode": "N"
  },
  {
    "productId": "731611",
    "technicalArticleNumber": "4489639",
    "commercialArticleNumber": "12505",
    "name": "inco pants unisex S-M",
    "brand": "BONI",
    "seoBrand": "Boni Selection",
    "thumbNail": "https://static.colruytgroup.com/images/200x200/std.lang.all/29/32/asset-2762932.jpg",
    "fullImage": "https://static.colruytgroup.com/images/500x500/std.lang.all/29/32/asset-2762932.jpg",
    "squareImage": "https://static.colruytgroup.com/images/500x500sq/std.lang.all/29/32/asset-2762932.jpg",
    "content": "10st",
    "walkRouteSequenceNumber": 14141,
    "price": {
      "basicPrice": 4.99,
      "recommendedQuantity": "1.0",
      "quantityPrice": 4.81,
      "quantityPriceQuantity": "5.0",
      "measurementUnitPrice": 0.499,
      "measurementUnitQuantityPrice": 0.481,
      "measurementUnit": "S",
      "isRedPrice": false,
      "pricePerUOM": 0.499,
      "activationDate": "16-03-2024",
      "recordSource": "Offline",
      "isPromoActive": "N",
      "priceChangeCode": "L",
      "quantityPricePerUOM": 0.481,
      "quantityActivationDate": "16-03-2024",
      "quantityPriceChangeCode": "E"
    },
    "isAvailable": true,
    "isPriceAvailable": true,
    "inPromo": false,
    "gtin": [
      "15400141696285",
      "05400141696288"
    ],
    "topCategoryName": "Lichaamsverzorging/Parfumerie",
    "topCategoryId": "591",
    "businessDomain": "RETAIL_BE",
    "IsPrivateLabel": true,
    "IsBiffe": false,
    "WeightconversionFactor": "0",
    "IsWeightArticle": false,
    "IsBio": false,
    "CountryOfOrigin": "BELGIË",
    "IsExclusivelySoldInLuxembourg": false,
    "OrderUnit": "P",
    "ShortName": "BONI INCO P.UNIS.S-M 10",
    "IsNew": false,
    "RecentQuanityOfStockUnits": "1,4",
    "LongName": "BONI inco pants unisex S-M 10st",
    "FicCode": "N"
  },
  {
    "productId": "596263",
    "technicalArticleNumber": "4258126",
    "commercialArticleNumber": "22764",
    "name": "rol normaal/sensitive",
    "description": "*Deoroller Natur Protect\n*Assortiment:\n-Gevoelige Huid\n-Normale Huid\n24U",
    "brand": "SANEX",
    "seoBrand": "Sanex",
    "thumbNail": "https://static.colruytgroup.com/images/200x200/std.lang.all/46/65/asset-2274665.jpg",
    "fullImage": "https://static.colruytgroup.com/images/500x500/std.lang.all/46/65/asset-2274665.jpg",
    "squareImage": "https://static.colruytgroup.com/images/500x500sq/std.lang.all/46/65/asset-2274665.jpg",
    "content": "50ml",
    "walkRouteSequenceNumber": 14672,
    "price": {
      "basicPrice": 3.55,
      "recommendedQuantity": "1.0",
      "measurementUnitPrice": 71,
      "measurementUnit": "L",
      "isRedPrice": false,
      "pricePerUOM": 71,
      "activationDate": "22-03-2024",
      "recordSource": "Online",
      "isPromoActive": "N",
      "priceChangeCode": "E"
    },
    "isAvailable": true,
    "isPriceAvailable": true,
    "inPromo": false,
    "gtin": [
      "08718951315501",
      "08718951315457",
      "08718951315440",
      "45400141387962",
      "08718951315518",
      "65400141387966"
    ],
    "topCategoryName": "Lichaamsverzorging/Parfumerie",
    "topCategoryId": "591",
    "businessDomain": "RETAIL_BE",
    "IsPrivateLabel": false,
    "IsBiffe": false,
    "WeightconversionFactor": "0",
    "IsWeightArticle": false,
    "IsBio": false,
    "CountryOfOrigin": "ITALIË",
    "IsExclusivelySoldInLuxembourg": false,
    "OrderUnit": "P",
    "ShortName": "SANE ROL NORM/SENS 50",
    "IsNew": false,
    "RecentQuanityOfStockUnits": "1,2,1",
    "LongName": "SANEX rol normaal/sensitive 50ml",
    "FicCode": "N"
  },
  {
    "productId": "153121",
    "technicalArticleNumber": "3248336",
    "commercialArticleNumber": "13680",
    "name": "handzeep Classic/ 0%",
    "description": "*Handzeep\n*Dermatologisch\n*Voedende verzorging\n*Zachte huid\n*pH neutrale formule",
    "brand": "SUNLIGHT",
    "seoBrand": "Sunlight",
    "thumbNail": "https://static.colruytgroup.com/images/200x200/std.lang.all/94/18/asset-1549418.jpg",
    "fullImage": "https://static.colruytgroup.com/images/500x500/std.lang.all/94/18/asset-1549418.jpg",
    "squareImage": "https://static.colruytgroup.com/images/500x500sq/std.lang.all/94/18/asset-1549418.jpg",
    "content": "250ml",
    "walkRouteSequenceNumber": 15079,
    "price": {
      "basicPrice": 2.59,
      "recommendedQuantity": "1.0",
      "measurementUnitPrice": 10.36,
      "measurementUnit": "L",
      "isRedPrice": false,
      "pricePerUOM": 10.36,
      "activationDate": "29-02-2024",
      "recordSource": "Offline",
      "isPromoActive": "N",
      "priceChangeCode": "E"
    },
    "isAvailable": true,
    "isPriceAvailable": true,
    "inPromo": false,
    "gtin": [
      "15400141893776",
      "05400141172317",
      "08710447412008",
      "08710447412510",
      "08712561751469",
      "08712561752268"
    ],
    "topCategoryName": "Lichaamsverzorging/Parfumerie",
    "topCategoryId": "591",
    "businessDomain": "RETAIL_BE",
    "IsPrivateLabel": false,
    "IsBiffe": false,
    "WeightconversionFactor": "0",
    "IsWeightArticle": false,
    "IsBio": false,
    "CountryOfOrigin": "POLEN",
    "IsExclusivelySoldInLuxembourg": false,
    "OrderUnit": "P",
    "ShortName": "SUNL ZEEP CLASS/0% 250",
    "IsNew": false,
    "RecentQuanityOfStockUnits": "1,1,2",
    "LongName": "SUNLIGHT handzeep Classic/ 0% 250ml",
    "AlcoholVolume": "0",
    "FicCode": "N"
  },
  {
    "productId": "873135",
    "technicalArticleNumber": "4727642",
    "commercialArticleNumber": "25364",
    "name": "shampoo color vive",
    "description": "*Shampoo\n*300ml\n*Voor gekleurd haar",
    "brand": "ELSEVE",
    "seoBrand": "Elseve",
    "thumbNail": "https://static.colruytgroup.com/images/200x200/std.lang.all/37/22/asset-3243722.jpg",
    "fullImage": "https://static.colruytgroup.com/images/500x500/std.lang.all/37/22/asset-3243722.jpg",
    "squareImage": "https://static.colruytgroup.com/images/500x500sq/std.lang.all/37/22/asset-3243722.jpg",
    "content": "300ml",
    "walkRouteSequenceNumber": 15093,
    "price": {
      "basicPrice": 3.92,
      "recommendedQuantity": "1.0",
      "measurementUnitPrice": 13.07,
      "measurementUnit": "L",
      "isRedPrice": false,
      "pricePerUOM": 13.07,
      "activationDate": "23-03-2024",
      "recordSource": "Folder",
      "isPromoActive": "Y",
      "priceChangeCode": "H"
    },
    "isAvailable": true,
    "isPriceAvailable": true,
    "inPromo": true,
    "promotion": [
      {
        "techPromoId": "100894COLR",
        "promotionId": "100894",
        "promotionType": "4",
        "isPersonalized": "N",
        "publicationStartDate": "13-03-2024",
        "publicationEndDate": "26-03-2024"
      }
    ],
    "gtin": [
      "03600524092917",
      "03600524092948"
    ],
    "topCategoryName": "Lichaamsverzorging/Parfumerie",
    "topCategoryId": "591",
    "businessDomain": "RETAIL_BE",
    "IsPrivateLabel": false,
    "IsBiffe": false,
    "WeightconversionFactor": "0",
    "IsWeightArticle": false,
    "IsBio": false,
    "CountryOfOrigin": "FRANKRIJK",
    "IsExclusivelySoldInLuxembourg": false,
    "OrderUnit": "P",
    "ShortName": "ELSE SH.COLOR VIVE 300",
    "IsNew": false,
    "RecentQuanityOfStockUnits": "1,2",
    "LongName": "ELSEVE shampoo color vive 300ml",
    "FicCode": "N"
  },
  {
    "productId": "609118",
    "technicalArticleNumber": "4281029",
    "commercialArticleNumber": "12233",
    "name": "shampoo anti-roos",
    "description": "*Shampoo\n*300ml\n*Anti-roos",
    "brand": "BONI",
    "seoBrand": "Boni Selection",
    "thumbNail": "https://static.colruytgroup.com/images/200x200/std.lang.all/20/32/asset-2332032.jpg",
    "fullImage": "https://static.colruytgroup.com/images/500x500/std.lang.all/20/32/asset-2332032.jpg",
    "squareImage": "https://static.colruytgroup.com/images/500x500sq/std.lang.all/20/32/asset-2332032.jpg",
    "content": "300ml",
    "walkRouteSequenceNumber": 14807,
    "price": {
      "basicPrice": 1.75,
      "recommendedQuantity": "1.0",
      "measurementUnitPrice": 5.84,
      "measurementUnit": "L",
      "isRedPrice": false,
      "pricePerUOM": 5.84,
      "activationDate": "03-01-2024",
      "recordSource": "Offline",
      "isPromoActive": "N",
      "priceChangeCode": "H"
    },
    "isAvailable": true,
    "isPriceAvailable": true,
    "inPromo": false,
    "gtin": [
      "15400141413813",
      "05400141413816",
      "55400141954291"
    ],
    "topCategoryName": "Lichaamsverzorging/Parfumerie",
    "topCategoryId": "591",
    "businessDomain": "RETAIL_BE",
    "IsPrivateLabel": true,
    "IsBiffe": false,
    "WeightconversionFactor": "0",
    "IsWeightArticle": false,
    "IsBio": false,
    "CountryOfOrigin": "BELGIË",
    "IsExclusivelySoldInLuxembourg": false,
    "OrderUnit": "P",
    "ShortName": "BONI SH ANTI-ROOS 300",
    "InSeason": true,
    "IsNew": false,
    "RecentQuanityOfStockUnits": "1",
    "LongName": "BONI shampoo anti-roos 300ml",
    "StartSeasonDate": "02/12/2020",
    "FicCode": "N"
  },
  {
    "productId": "896498",
    "technicalArticleNumber": "4756211",
    "commercialArticleNumber": "11984",
    "name": "tandpasta Advanced Charcoal",
    "brand": "ORAL-B",
    "seoBrand": "Oral-B 3D White",
    "thumbNail": "https://static.colruytgroup.com/images/200x200/std.lang.all/06/80/asset-3360680.jpg",
    "fullImage": "https://static.colruytgroup.com/images/500x500/std.lang.all/06/80/asset-3360680.jpg",
    "squareImage": "https://static.colruytgroup.com/images/500x500sq/std.lang.all/06/80/asset-3360680.jpg",
    "content": "75ml",
    "walkRouteSequenceNumber": 14386,
    "price": {
      "basicPrice": 4.99,
      "recommendedQuantity": "1.0",
      "quantityPrice": 2.82,
      "quantityPriceQuantity": "2.0",
      "measurementUnitPrice": 66.54,
      "measurementUnitQuantityPrice": 37.6,
      "measurementUnit": "L",
      "isRedPrice": false,
      "pricePerUOM": 66.54,
      "activationDate": "20-03-2024",
      "recordSource": "Offline",
      "isPromoActive": "N",
      "priceChangeCode": "E",
      "quantityPricePerUOM": 37.6,
      "quantityActivationDate": "20-03-2024",
      "quantityPriceChangeCode": "L"
    },
    "isAvailable": true,
    "isPriceAvailable": true,
    "inPromo": false,
    "gtin": [
      "08006540882337",
      "08006540882320",
      "08006540882269",
      "08006540882283"
    ],
    "topCategoryName": "Lichaamsverzorging/Parfumerie",
    "topCategoryId": "591",
    "businessDomain": "RETAIL_BE",
    "IsPrivateLabel": false,
    "IsBiffe": false,
    "WeightconversionFactor": "0",
    "IsWeightArticle": false,
    "IsBio": false,
    "CountryOfOrigin": "DUITSLAND",
    "IsExclusivelySoldInLuxembourg": false,
    "OrderUnit": "P",
    "ShortName": "ORAL TP 3D ADV CHAR75ML",
    "IsNew": false,
    "RecentQuanityOfStockUnits": "2,1",
    "LongName": "ORAL-B tandpasta Advanced Charcoal 75ml",
    "FicCode": "N"
  },
  {
    "productId": "854451",
    "technicalArticleNumber": "4703430",
    "commercialArticleNumber": "31244",
    "name": "mondwater sensitive",
    "description": "*Gevoelige tanden\n*Verfrist de adem\n*Zonder alcohol",
    "brand": "ELMEX",
    "seoBrand": "Elmex",
    "thumbNail": "https://static.colruytgroup.com/images/200x200/nl_be/40/77/asset-3254077.jpg",
    "fullImage": "https://static.colruytgroup.com/images/500x500/nl_be/40/77/asset-3254077.jpg",
    "squareImage": "https://static.colruytgroup.com/images/500x500sq/nl_be/40/77/asset-3254077.jpg",
    "content": "400ml",
    "walkRouteSequenceNumber": 14462,
    "price": {
      "basicPrice": 5.89,
      "recommendedQuantity": "1.0",
      "measurementUnitPrice": 14.73,
      "measurementUnit": "L",
      "isRedPrice": false,
      "pricePerUOM": 14.73,
      "activationDate": "18-03-2024",
      "recordSource": "Offline",
      "isPromoActive": "N",
      "priceChangeCode": "H"
    },
    "isAvailable": true,
    "isPriceAvailable": true,
    "inPromo": true,
    "promotion": [
      {
        "techPromoId": "100891COLR",
        "promotionId": "100891",
        "promotionType": "3",
        "isPersonalized": "N",
        "publicationStartDate": "13-03-2024",
        "publicationEndDate": "26-03-2024"
      }
    ],
    "gtin": [
      "08718951556881",
      "08718951544659"
    ],
    "topCategoryName": "Lichaamsverzorging/Parfumerie",
    "topCategoryId": "591",
    "businessDomain": "RETAIL_BE",
    "IsPrivateLabel": false,
    "IsBiffe": false,
    "WeightconversionFactor": "0",
    "IsWeightArticle": false,
    "IsBio": false,
    "CountryOfOrigin": "POLEN",
    "IsExclusivelySoldInLuxembourg": false,
    "OrderUnit": "P",
    "ShortName": "ELME MW SENSITIVE 400",
    "IsNew": false,
    "RecentQuanityOfStockUnits": "1",
    "LongName": "ELMEX mondwater sensitive 400ml",
    "AlcoholVolume": "0",
    "FicCode": "N"
  },
  {
    "productId": "861483",
    "technicalArticleNumber": "4712743",
    "commercialArticleNumber": "23883",
    "name": "deospray invisible dry",
    "description": "*Spray\n*Getest op 100 kleuren\n*Anti-transparant\n*72u bescherming",
    "brand": "DOVE",
    "seoBrand": "Dove",
    "thumbNail": "https://static.colruytgroup.com/images/200x200/std.lang.all/13/06/asset-3241306.jpg",
    "fullImage": "https://static.colruytgroup.com/images/500x500/std.lang.all/13/06/asset-3241306.jpg",
    "squareImage": "https://static.colruytgroup.com/images/500x500sq/std.lang.all/13/06/asset-3241306.jpg",
    "content": "150ml",
    "walkRouteSequenceNumber": 14743,
    "price": {
      "basicPrice": 3.99,
      "recommendedQuantity": "1.0",
      "measurementUnitPrice": 26.6,
      "measurementUnit": "L",
      "isRedPrice": false,
      "pricePerUOM": 26.6,
      "activationDate": "21-03-2024",
      "recordSource": "Offline",
      "isPromoActive": "N",
      "priceChangeCode": "H"
    },
    "isAvailable": true,
    "isPriceAvailable": true,
    "inPromo": true,
    "promotion": [
      {
        "techPromoId": "100897COLR",
        "promotionId": "100897",
        "promotionType": "4",
        "isPersonalized": "N",
        "publicationStartDate": "13-03-2024",
        "publicationEndDate": "26-03-2024"
      }
    ],
    "gtin": [
      "25400141910227",
      "08720181291609",
      "08720181306327",
      "15400141910220"
    ],
    "topCategoryName": "Lichaamsverzorging/Parfumerie",
    "topCategoryId": "591",
    "businessDomain": "RETAIL_BE",
    "IsPrivateLabel": false,
    "IsBiffe": false,
    "WeightconversionFactor": "0",
    "IsWeightArticle": false,
    "IsBio": false,
    "CountryOfOrigin": "VERENIGD KONINKRIJK",
    "IsExclusivelySoldInLuxembourg": false,
    "OrderUnit": "P",
    "ShortName": "DOVE DEO INVI DRY 150ML",
    "IsNew": false,
    "RecentQuanityOfStockUnits": "2,1",
    "LongName": "DOVE deospray invisible dry 150ml",
    "AlcoholVolume": "0",
    "FicCode": "N"
  },
  {
    "productId": "5954",
    "technicalArticleNumber": "346816",
    "commercialArticleNumber": "346816",
    "name": "dissolvant",
    "brand": "DIADERMINE",
    "seoBrand": "Diadermine",
    "thumbNail": "https://static.colruytgroup.com/images/200x200/std.lang.all/34/52/asset-2823452.jpg",
    "fullImage": "https://static.colruytgroup.com/images/500x500/std.lang.all/34/52/asset-2823452.jpg",
    "squareImage": "https://static.colruytgroup.com/images/500x500sq/std.lang.all/34/52/asset-2823452.jpg",
    "content": "125ml",
    "walkRouteSequenceNumber": 15800,
    "price": {
      "basicPrice": 3.09,
      "recommendedQuantity": "1.0",
      "measurementUnitPrice": 24.72,
      "measurementUnit": "L",
      "isRedPrice": false,
      "pricePerUOM": 24.72,
      "activationDate": "01-03-2024",
      "recordSource": "Offline",
      "isPromoActive": "N",
      "priceChangeCode": "H"
    },
    "isAvailable": true,
    "isPriceAvailable": true,
    "inPromo": false,
    "gtin": [
      "03178041198714",
      "05410091223779",
      "03178040713611",
      "03178041321792",
      "05410091213466",
      "05410091728908",
      "05412530705075",
      "05412530850539",
      "05412530850546",
      "08718900018996",
      "03178041474122",
      "03178040715172"
    ],
    "topCategoryName": "Lichaamsverzorging/Parfumerie",
    "topCategoryId": "591",
    "businessDomain": "NON_FOOD",
    "IsPrivateLabel": false,
    "IsBiffe": false,
    "IsWeightArticle": false,
    "RecentQuanityOfStockUnits": "1",
    "LongName": "DIADERMINE dissolvant 125ml",
    "IsBio": false,
    "AlcoholVolume": "0",
    "CountryOfOrigin": "DUITSLAND",
    "FicCode": "N",
    "OrderUnit": "P",
    "ShortName": "DIADER.NAGELLAK REMOVER",
    "IsNew": false
  },
  {
    "productId": "851700",
    "technicalArticleNumber": "4699847",
    "commercialArticleNumber": "30993",
    "name": "tandpaste White Now",
    "description": "*Wittere tanden\n*Direct tot 3 tinten\nwitter",
    "brand": "SIGNAL",
    "seoBrand": "Signal",
    "thumbNail": "https://static.colruytgroup.com/images/200x200/std.lang.all/79/57/asset-3237957.jpg",
    "fullImage": "https://static.colruytgroup.com/images/500x500/std.lang.all/79/57/asset-3237957.jpg",
    "squareImage": "https://static.colruytgroup.com/images/500x500sq/std.lang.all/79/57/asset-3237957.jpg",
    "content": "75ml",
    "walkRouteSequenceNumber": 14340,
    "price": {
      "basicPrice": 4.69,
      "recommendedQuantity": "1.0",
      "measurementUnitPrice": 62.54,
      "measurementUnit": "L",
      "isRedPrice": false,
      "pricePerUOM": 62.54,
      "activationDate": "08-03-2024",
      "recordSource": "Offline",
      "isPromoActive": "N",
      "priceChangeCode": "H"
    },
    "isAvailable": true,
    "isPriceAvailable": true,
    "inPromo": false,
    "gtin": [
      "08720181327223",
      "08720181327148",
      "65400141437517"
    ],
    "topCategoryName": "Lichaamsverzorging/Parfumerie",
    "topCategoryId": "591",
    "businessDomain": "RETAIL_BE",
    "IsPrivateLabel": false,
    "IsBiffe": false,
    "WeightconversionFactor": "0",
    "IsWeightArticle": false,
    "IsBio": false,
    "CountryOfOrigin": "FRANKRIJK",
    "IsExclusivelySoldInLuxembourg": false,
    "OrderUnit": "P",
    "ShortName": "SIGN WHITE NOW TP 75ML",
    "IsNew": false,
    "RecentQuanityOfStockUnits": "1,2",
    "LongName": "SIGNAL tandpaste White Now 75ml",
    "AlcoholVolume": "0",
    "FicCode": "N"
  },
  {
    "productId": "866355",
    "technicalArticleNumber": "4718812",
    "commercialArticleNumber": "7664",
    "name": "Confort 2l 135v",
    "description": "*135 vellen\n*2 laags\n*100% cellulose\n*PEFC\n*Recycleerbaar",
    "brand": "LOTUS",
    "seoBrand": "Lotus",
    "thumbNail": "https://static.colruytgroup.com/images/200x200/std.lang.all/07/92/asset-3220792.jpg",
    "fullImage": "https://static.colruytgroup.com/images/500x500/std.lang.all/07/92/asset-3220792.jpg",
    "squareImage": "https://static.colruytgroup.com/images/500x500sq/std.lang.all/07/92/asset-3220792.jpg",
    "content": "12r",
    "walkRouteSequenceNumber": 3937,
    "price": {
      "basicPrice": 6.49,
      "recommendedQuantity": "1.0",
      "measurementUnitPrice": 0.55,
      "measurementUnit": "S",
      "isRedPrice": false,
      "pricePerUOM": 0.55,
      "activationDate": "13-03-2024",
      "recordSource": "Offline",
      "isPromoActive": "N",
      "priceChangeCode": "E"
    },
    "isAvailable": true,
    "isPriceAvailable": true,
    "inPromo": false,
    "gtin": [
      "07322540818871",
      "07322540819342"
    ],
    "topCategoryName": "Lichaamsverzorging/Parfumerie",
    "topCategoryId": "591",
    "businessDomain": "RETAIL_BE",
    "IsPrivateLabel": false,
    "IsBiffe": false,
    "WeightconversionFactor": "0",
    "IsWeightArticle": false,
    "IsBio": false,
    "CountryOfOrigin": "FRANKRIJK",
    "IsExclusivelySoldInLuxembourg": false,
    "OrderUnit": "P",
    "ShortName": "LOTU TP 2L 135V 12R",
    "IsNew": false,
    "RecentQuanityOfStockUnits": "1,8",
    "LongName": "LOTUS Confort 2l 135v 12r",
    "FicCode": "N"
  },
  {
    "productId": "52715",
    "technicalArticleNumber": "2402337",
    "commercialArticleNumber": "832486",
    "name": "dble effect oogmake-up rem.",
    "description": "*Oogmake-up reiniger\n*125 ml\n*Beschermt wimpers",
    "brand": "NIVEA",
    "seoBrand": "Nivea",
    "thumbNail": "https://static.colruytgroup.com/images/200x200/std.lang.all/78/53/asset-2077853.jpg",
    "fullImage": "https://static.colruytgroup.com/images/500x500/std.lang.all/78/53/asset-2077853.jpg",
    "squareImage": "https://static.colruytgroup.com/images/500x500sq/std.lang.all/78/53/asset-2077853.jpg",
    "content": "125ml",
    "walkRouteSequenceNumber": 15841,
    "price": {
      "basicPrice": 4.79,
      "recommendedQuantity": "1.0",
      "measurementUnitPrice": 38.32,
      "measurementUnit": "L",
      "isRedPrice": false,
      "pricePerUOM": 38.32,
      "activationDate": "23-03-2024",
      "recordSource": "Offline",
      "isPromoActive": "N",
      "priceChangeCode": "E"
    },
    "isAvailable": true,
    "isPriceAvailable": true,
    "inPromo": false,
    "gtin": [
      "17319470037158",
      "04005808571291",
      "04005808965625",
      "04005808965939",
      "04005808965977",
      "04005900681973",
      "04005900681980",
      "04005900681997",
      "17319470037141"
    ],
    "topCategoryName": "Lichaamsverzorging/Parfumerie",
    "topCategoryId": "591",
    "businessDomain": "NON_FOOD",
    "IsPrivateLabel": false,
    "IsBiffe": false,
    "IsWeightArticle": false,
    "RecentQuanityOfStockUnits": "1",
    "LongName": "NIVEA dble effect oogmake-up rem. 125ml",
    "IsBio": false,
    "AlcoholVolume": "0",
    "CountryOfOrigin": "DUITSLAND",
    "FicCode": "N",
    "OrderUnit": "P",
    "ShortName": "NIV.VIS.OOGR.EXT.WP",
    "IsNew": false
  },
  {
    "productId": "48394",
    "technicalArticleNumber": "2486585",
    "commercialArticleNumber": "39338",
    "name": "intieme waslotion",
    "description": "*Waslotion\n*Milde waslotion\n*Voor intieme\nhygiëne, zonder zeep\nen niet irriterend",
    "brand": "LACTACYD",
    "seoBrand": "Lactacyd",
    "thumbNail": "https://static.colruytgroup.com/images/200x200/nl_be/16/57/asset-2241657.jpg",
    "fullImage": "https://static.colruytgroup.com/images/500x500/nl_be/16/57/asset-2241657.jpg",
    "squareImage": "https://static.colruytgroup.com/images/500x500sq/nl_be/16/57/asset-2241657.jpg",
    "content": "400ml",
    "walkRouteSequenceNumber": 14563,
    "price": {
      "basicPrice": 7.32,
      "recommendedQuantity": "1.0",
      "measurementUnitPrice": 18.3,
      "measurementUnit": "L",
      "isRedPrice": false,
      "pricePerUOM": 18.3,
      "activationDate": "14-02-2024",
      "recordSource": "Offline",
      "isPromoActive": "N",
      "priceChangeCode": "E"
    },
    "isAvailable": true,
    "isPriceAvailable": true,
    "inPromo": false,
    "gtin": [
      "05391520950070",
      "05391520941559"
    ],
    "topCategoryName": "Lichaamsverzorging/Parfumerie",
    "topCategoryId": "591",
    "businessDomain": "RETAIL_BE",
    "IsPrivateLabel": false,
    "IsBiffe": false,
    "WeightconversionFactor": "0",
    "IsWeightArticle": false,
    "IsBio": false,
    "CountryOfOrigin": "BELGIË",
    "IsExclusivelySoldInLuxembourg": false,
    "OrderUnit": "P",
    "ShortName": "LACT.INTIEME LOTION 400",
    "IsNew": false,
    "RecentQuanityOfStockUnits": "1",
    "LongName": "LACTACYD intieme waslotion 400ml",
    "AlcoholVolume": "0",
    "FicCode": "N"
  },
  {
    "productId": "733137",
    "technicalArticleNumber": "4493036",
    "commercialArticleNumber": "282293",
    "name": "Twin Lady scheermes",
    "description": "*Wegwerpscheermes\nmet 2 scheerbladen",
    "brand": "BIC",
    "seoBrand": "Bic",
    "thumbNail": "https://static.colruytgroup.com/images/200x200/std.lang.all/42/55/asset-2524255.jpg",
    "fullImage": "https://static.colruytgroup.com/images/500x500/std.lang.all/42/55/asset-2524255.jpg",
    "squareImage": "https://static.colruytgroup.com/images/500x500sq/std.lang.all/42/55/asset-2524255.jpg",
    "content": "8st",
    "walkRouteSequenceNumber": 15129,
    "price": {
      "basicPrice": 1.15,
      "recommendedQuantity": "1.0",
      "measurementUnitPrice": 0.144,
      "measurementUnit": "S",
      "isRedPrice": false,
      "pricePerUOM": 0.144,
      "activationDate": "20-03-2024",
      "recordSource": "Folder",
      "isPromoActive": "N",
      "priceChangeCode": "L"
    },
    "isAvailable": true,
    "isPriceAvailable": true,
    "inPromo": false,
    "gtin": [
      "03086123170629",
      "03086128800507"
    ],
    "topCategoryName": "Lichaamsverzorging/Parfumerie",
    "topCategoryId": "591",
    "businessDomain": "NON_FOOD",
    "IsPrivateLabel": false,
    "IsBiffe": false,
    "IsWeightArticle": false,
    "RecentQuanityOfStockUnits": "1",
    "LongName": "BIC Twin Lady scheermes 8st",
    "IsBio": false,
    "CountryOfOrigin": "GRIEKENLAND",
    "FicCode": "N",
    "OrderUnit": "P",
    "ShortName": "BIC TWIN LADY 8ST",
    "IsNew": false
  },
  {
    "productId": "284843",
    "technicalArticleNumber": "3667215",
    "commercialArticleNumber": "21944",
    "name": "deo Invisible Dry stick",
    "description": "*Deodorant stick\n*48u bescherming\n*Zachte geur\n*Anti-sporen\n*Gehydrateerde huid",
    "brand": "DOVE",
    "seoBrand": "Dove",
    "thumbNail": "https://static.colruytgroup.com/images/200x200/std.lang.all/97/71/asset-3149771.jpg",
    "fullImage": "https://static.colruytgroup.com/images/500x500/std.lang.all/97/71/asset-3149771.jpg",
    "squareImage": "https://static.colruytgroup.com/images/500x500sq/std.lang.all/97/71/asset-3149771.jpg",
    "content": "40ml",
    "walkRouteSequenceNumber": 14677,
    "price": {
      "basicPrice": 4.19,
      "recommendedQuantity": "2.0",
      "measurementUnitPrice": 104.75,
      "measurementUnit": "L",
      "isRedPrice": false,
      "pricePerUOM": 104.75,
      "activationDate": "23-03-2024",
      "recordSource": "Offline",
      "isPromoActive": "N",
      "priceChangeCode": "E"
    },
    "isAvailable": true,
    "isPriceAvailable": true,
    "inPromo": true,
    "promotion": [
      {
        "techPromoId": "100897COLR",
        "promotionId": "100897",
        "promotionType": "4",
        "isPersonalized": "N",
        "publicationStartDate": "13-03-2024",
        "publicationEndDate": "26-03-2024"
      }
    ],
    "gtin": [
      "08717644061145",
      "08717163994603",
      "00000050287062"
    ],
    "topCategoryName": "Lichaamsverzorging/Parfumerie",
    "topCategoryId": "591",
    "businessDomain": "RETAIL_BE",
    "IsPrivateLabel": false,
    "IsBiffe": false,
    "WeightconversionFactor": "0",
    "IsWeightArticle": false,
    "IsBio": false,
    "CountryOfOrigin": "BELGIË",
    "IsExclusivelySoldInLuxembourg": false,
    "OrderUnit": "P",
    "ShortName": "DOVE DEO STIC.INV.DRY40",
    "InSeason": true,
    "IsNew": false,
    "RecentQuanityOfStockUnits": "1,6",
    "LongName": "DOVE deo Invisible Dry stick 40ml",
    "AlcoholVolume": "0",
    "StartSeasonDate": "23/12/2022",
    "FicCode": "N"
  },
  {
    "productId": "875612",
    "technicalArticleNumber": "4730968",
    "commercialArticleNumber": "32255",
    "name": "Vochtige sensitive",
    "description": "*Sensitive",
    "brand": "SCOTTEX",
    "seoBrand": "Scottex",
    "thumbNail": "https://static.colruytgroup.com/images/200x200/std.lang.all/01/17/asset-3350117.jpg",
    "fullImage": "https://static.colruytgroup.com/images/500x500/std.lang.all/01/17/asset-3350117.jpg",
    "squareImage": "https://static.colruytgroup.com/images/500x500sq/std.lang.all/01/17/asset-3350117.jpg",
    "content": "38st",
    "walkRouteSequenceNumber": 10174,
    "price": {
      "basicPrice": 1.99,
      "recommendedQuantity": "1.0",
      "measurementUnitPrice": 0.053,
      "measurementUnit": "S",
      "isRedPrice": false,
      "pricePerUOM": 0.053,
      "activationDate": "13-03-2024",
      "recordSource": "Offline",
      "isPromoActive": "N",
      "priceChangeCode": "E"
    },
    "isAvailable": true,
    "isPriceAvailable": true,
    "inPromo": false,
    "gtin": [
      "05029053580258",
      "05029054250464"
    ],
    "topCategoryName": "Lichaamsverzorging/Parfumerie",
    "topCategoryId": "591",
    "businessDomain": "RETAIL_BE",
    "IsPrivateLabel": false,
    "IsBiffe": false,
    "WeightconversionFactor": "0",
    "IsWeightArticle": false,
    "IsBio": false,
    "CountryOfOrigin": "DUITSLAND",
    "IsExclusivelySoldInLuxembourg": false,
    "OrderUnit": "P",
    "ShortName": "SCOT TP VOCH.SENSI.38ST",
    "IsNew": false,
    "RecentQuanityOfStockUnits": "1,12",
    "LongName": "SCOTTEX Vochtige sensitive 38st",
    "AlcoholVolume": "0",
    "FicCode": "N"
  },
  {
    "productId": "609052",
    "technicalArticleNumber": "4280963",
    "commercialArticleNumber": "11392",
    "name": "shampoo normaal 2in1",
    "description": "*2 In 1:\nShampoo&conditioner\n*Voor normaal haar",
    "brand": "BONI",
    "seoBrand": "Boni Selection",
    "thumbNail": "https://static.colruytgroup.com/images/200x200/std.lang.all/20/95/asset-2332095.jpg",
    "fullImage": "https://static.colruytgroup.com/images/500x500/std.lang.all/20/95/asset-2332095.jpg",
    "squareImage": "https://static.colruytgroup.com/images/500x500sq/std.lang.all/20/95/asset-2332095.jpg",
    "content": "300ml",
    "walkRouteSequenceNumber": 14813,
    "price": {
      "basicPrice": 1.69,
      "recommendedQuantity": "1.0",
      "measurementUnitPrice": 5.64,
      "measurementUnit": "L",
      "isRedPrice": false,
      "pricePerUOM": 5.64,
      "activationDate": "17-11-2023",
      "isPromoActive": "N",
      "priceChangeCode": "E"
    },
    "isAvailable": true,
    "isPriceAvailable": true,
    "inPromo": false,
    "gtin": [
      "05400141413694",
      "15400141413691"
    ],
    "topCategoryName": "Lichaamsverzorging/Parfumerie",
    "topCategoryId": "591",
    "businessDomain": "RETAIL_BE",
    "IsPrivateLabel": true,
    "IsBiffe": false,
    "WeightconversionFactor": "0",
    "IsWeightArticle": false,
    "IsBio": false,
    "CountryOfOrigin": "BELGIË",
    "IsExclusivelySoldInLuxembourg": false,
    "OrderUnit": "P",
    "ShortName": "BONI SH.NORM.2IN1 300ML",
    "IsNew": false,
    "RecentQuanityOfStockUnits": "1,12",
    "LongName": "BONI shampoo normaal 2in1 300ml",
    "FicCode": "N"
  },
  {
    "productId": "687219",
    "technicalArticleNumber": "4411514",
    "commercialArticleNumber": "25477",
    "name": "deo gold tempt.",
    "description": "*Man deodorant\n*Anti-transpiratie\n*Aantrekkelijke geur\n*24u bescherming\n*Tegen zweet",
    "brand": "AXE",
    "seoBrand": "Axe",
    "thumbNail": "https://static.colruytgroup.com/images/200x200/std.lang.all/70/00/asset-2377000.jpg",
    "fullImage": "https://static.colruytgroup.com/images/500x500/std.lang.all/70/00/asset-2377000.jpg",
    "squareImage": "https://static.colruytgroup.com/images/500x500sq/std.lang.all/70/00/asset-2377000.jpg",
    "content": "150ml",
    "walkRouteSequenceNumber": 14671,
    "price": {
      "basicPrice": 4.66,
      "recommendedQuantity": "1.0",
      "measurementUnitPrice": 31.07,
      "measurementUnit": "L",
      "isRedPrice": false,
      "pricePerUOM": 31.07,
      "activationDate": "23-03-2024",
      "recordSource": "Folder",
      "isPromoActive": "N",
      "priceChangeCode": "E"
    },
    "isAvailable": true,
    "isPriceAvailable": true,
    "inPromo": true,
    "promotion": [
      {
        "techPromoId": "100896COLR",
        "promotionId": "100896",
        "promotionType": "4",
        "isPersonalized": "N",
        "publicationStartDate": "13-03-2024",
        "publicationEndDate": "26-03-2024"
      }
    ],
    "gtin": [
      "08720181030376",
      "15400141540717",
      "85400141540723",
      "08720181030222"
    ],
    "topCategoryName": "Lichaamsverzorging/Parfumerie",
    "topCategoryId": "591",
    "businessDomain": "RETAIL_BE",
    "IsPrivateLabel": false,
    "IsBiffe": false,
    "WeightconversionFactor": "0",
    "IsWeightArticle": false,
    "IsBio": false,
    "CountryOfOrigin": "VERENIGD KONINKRIJK",
    "IsExclusivelySoldInLuxembourg": false,
    "OrderUnit": "P",
    "ShortName": "AXE DEO GOLD TEMPT.150",
    "IsNew": false,
    "RecentQuanityOfStockUnits": "1,2",
    "LongName": "AXE deo gold tempt. 150ml",
    "FicCode": "N"
  },
  {
    "productId": "873133",
    "technicalArticleNumber": "4727640",
    "commercialArticleNumber": "25326",
    "name": "total care protection",
    "brand": "LISTERINE",
    "seoBrand": "Listerine",
    "thumbNail": "https://static.colruytgroup.com/images/200x200/std.lang.all/76/15/asset-3237615.jpg",
    "fullImage": "https://static.colruytgroup.com/images/500x500/std.lang.all/76/15/asset-3237615.jpg",
    "squareImage": "https://static.colruytgroup.com/images/500x500sq/std.lang.all/76/15/asset-3237615.jpg",
    "content": "500ml",
    "walkRouteSequenceNumber": 14449,
    "price": {
      "basicPrice": 6.99,
      "recommendedQuantity": "1.0",
      "quantityPrice": 5.32,
      "quantityPriceQuantity": "3.0",
      "measurementUnitPrice": 13.98,
      "measurementUnitQuantityPrice": 10.64,
      "measurementUnit": "L",
      "isRedPrice": false,
      "pricePerUOM": 13.98,
      "activationDate": "23-03-2024",
      "recordSource": "Offline",
      "isPromoActive": "N",
      "priceChangeCode": "E",
      "quantityPricePerUOM": 10.64,
      "quantityActivationDate": "23-03-2024",
      "quantityPriceChangeCode": "E"
    },
    "isAvailable": true,
    "isPriceAvailable": true,
    "inPromo": false,
    "gtin": [
      "03574661734194",
      "03574661734187",
      "35400141433075"
    ],
    "topCategoryName": "Lichaamsverzorging/Parfumerie",
    "topCategoryId": "591",
    "businessDomain": "RETAIL_BE",
    "IsPrivateLabel": false,
    "IsBiffe": false,
    "WeightconversionFactor": "0",
    "IsWeightArticle": false,
    "IsBio": false,
    "CountryOfOrigin": "ITALIË",
    "IsExclusivelySoldInLuxembourg": false,
    "OrderUnit": "P",
    "ShortName": "LIST TOT.CARE PROT.500",
    "IsNew": false,
    "RecentQuanityOfStockUnits": "1,2",
    "LongName": "LISTERINE total care protection 500ml",
    "FicCode": "N"
  },
  {
    "productId": "776941",
    "technicalArticleNumber": "4569099",
    "commercialArticleNumber": "14671",
    "name": "conditioner repair/smooth",
    "description": "*200 ml\n*200 ml\n*Assortiment:\n-Glad\n-Herstellend",
    "brand": "PANTENE",
    "seoBrand": "Pantene",
    "thumbNail": "https://static.colruytgroup.com/images/200x200/std.lang.all/98/12/asset-2759812.jpg",
    "fullImage": "https://static.colruytgroup.com/images/500x500/std.lang.all/98/12/asset-2759812.jpg",
    "squareImage": "https://static.colruytgroup.com/images/500x500sq/std.lang.all/98/12/asset-2759812.jpg",
    "content": "200ml",
    "walkRouteSequenceNumber": 14808,
    "price": {
      "basicPrice": 3.69,
      "recommendedQuantity": "1.0",
      "quantityPrice": 2.66,
      "quantityPriceQuantity": "3.0",
      "measurementUnitPrice": 18.45,
      "measurementUnitQuantityPrice": 13.3,
      "measurementUnit": "L",
      "isRedPrice": false,
      "pricePerUOM": 18.45,
      "activationDate": "23-03-2024",
      "recordSource": "Offline",
      "isPromoActive": "N",
      "priceChangeCode": "E",
      "quantityPricePerUOM": 13.3,
      "quantityActivationDate": "23-03-2024",
      "quantityPriceChangeCode": "E"
    },
    "isAvailable": true,
    "isPriceAvailable": true,
    "inPromo": false,
    "gtin": [
      "55400141624187",
      "35400141517744",
      "08006540438824",
      "08006540438855",
      "08006540438862",
      "08006540438831",
      "75400141874746",
      "55400141473136"
    ],
    "topCategoryName": "Lichaamsverzorging/Parfumerie",
    "topCategoryId": "591",
    "businessDomain": "RETAIL_BE",
    "IsPrivateLabel": false,
    "IsBiffe": false,
    "WeightconversionFactor": "0",
    "IsWeightArticle": false,
    "IsBio": false,
    "CountryOfOrigin": "FRANKRIJK",
    "IsExclusivelySoldInLuxembourg": false,
    "OrderUnit": "P",
    "ShortName": "PANT CD.REPAIR/GLAD 200",
    "IsNew": false,
    "RecentQuanityOfStockUnits": "3,1,1,2",
    "LongName": "PANTENE conditioner repair/smooth 200ml",
    "FicCode": "N"
  },
  {
    "productId": "100367",
    "technicalArticleNumber": "2835496",
    "commercialArticleNumber": "14805",
    "name": "handzeep Classic refill",
    "description": "*Handzeep\n*Dermatologisch\n*Voedende verzorging\n*Zachte huid\n*Refill",
    "brand": "SUNLIGHT",
    "seoBrand": "Sunlight",
    "thumbNail": "https://static.colruytgroup.com/images/200x200/std.lang.all/23/87/asset-342387.jpg",
    "fullImage": "https://static.colruytgroup.com/images/500x500/std.lang.all/23/87/asset-342387.jpg",
    "squareImage": "https://static.colruytgroup.com/images/500x500sq/std.lang.all/23/87/asset-342387.jpg",
    "content": "500ml",
    "walkRouteSequenceNumber": 15078,
    "price": {
      "basicPrice": 5.85,
      "recommendedQuantity": "1.0",
      "measurementUnitPrice": 11.7,
      "measurementUnit": "L",
      "isRedPrice": false,
      "pricePerUOM": 11.7,
      "activationDate": "01-03-2024",
      "recordSource": "Offline",
      "isPromoActive": "N",
      "priceChangeCode": "E"
    },
    "isAvailable": true,
    "isPriceAvailable": true,
    "inPromo": false,
    "gtin": [
      "08711700684101",
      "08711700683999"
    ],
    "topCategoryName": "Lichaamsverzorging/Parfumerie",
    "topCategoryId": "591",
    "businessDomain": "RETAIL_BE",
    "IsPrivateLabel": false,
    "IsBiffe": false,
    "WeightconversionFactor": "0",
    "IsWeightArticle": false,
    "IsBio": false,
    "CountryOfOrigin": "POLEN",
    "IsExclusivelySoldInLuxembourg": false,
    "OrderUnit": "P",
    "ShortName": "SUNL.VL ZEEP NAVUL 500",
    "IsNew": false,
    "RecentQuanityOfStockUnits": "1",
    "LongName": "SUNLIGHT handzeep Classic refill 500ml",
    "AlcoholVolume": "0",
    "FicCode": "N"
  },
  {
    "productId": "150523",
    "technicalArticleNumber": "3322680",
    "commercialArticleNumber": "12920",
    "name": "douche Perfect Wave",
    "description": "*Gel douche\n-Perfect Wave\nAqua munt.\n-Lichaam & haar.",
    "brand": "FA MEN",
    "seoBrand": "Fa Men",
    "thumbNail": "https://static.colruytgroup.com/images/200x200/std.lang.all/35/48/asset-2453548.jpg",
    "fullImage": "https://static.colruytgroup.com/images/500x500/std.lang.all/35/48/asset-2453548.jpg",
    "squareImage": "https://static.colruytgroup.com/images/500x500sq/std.lang.all/35/48/asset-2453548.jpg",
    "content": "250ml",
    "walkRouteSequenceNumber": 14431,
    "price": {
      "basicPrice": 3.05,
      "recommendedQuantity": "1.0",
      "measurementUnitPrice": 12.2,
      "measurementUnit": "L",
      "isRedPrice": false,
      "pricePerUOM": 12.2,
      "activationDate": "22-03-2024",
      "recordSource": "Online",
      "isPromoActive": "N",
      "priceChangeCode": "E"
    },
    "isAvailable": true,
    "isPriceAvailable": true,
    "inPromo": false,
    "gtin": [
      "03178040872714",
      "03178040650282",
      "03701603704346",
      "05412530907141",
      "05410091640811",
      "05412530688415",
      "05412530779083",
      "08718900002797",
      "05400141231632"
    ],
    "topCategoryName": "Lichaamsverzorging/Parfumerie",
    "topCategoryId": "591",
    "businessDomain": "RETAIL_BE",
    "IsPrivateLabel": false,
    "IsBiffe": false,
    "WeightconversionFactor": "0",
    "IsWeightArticle": false,
    "IsBio": false,
    "CountryOfOrigin": "DUITSLAND",
    "IsExclusivelySoldInLuxembourg": false,
    "OrderUnit": "P",
    "ShortName": "FA MEN DCH PERF.WAVE250",
    "InSeason": true,
    "IsNew": false,
    "RecentQuanityOfStockUnits": "2,1",
    "LongName": "FA MEN douche Perfect Wave 250ml",
    "AlcoholVolume": "0",
    "StartSeasonDate": "12/08/2019",
    "FicCode": "N"
  },
  {
    "productId": "613157",
    "technicalArticleNumber": "4287330",
    "commercialArticleNumber": "23209",
    "name": "tp sensitivity&whitening",
    "description": "*Whitening\n-Gevoeligheid &\ntandvlees",
    "brand": "SENSODYNE",
    "seoBrand": "Sensodyne",
    "thumbNail": "https://static.colruytgroup.com/images/200x200/std.lang.all/15/36/asset-2541536.jpg",
    "fullImage": "https://static.colruytgroup.com/images/500x500/std.lang.all/15/36/asset-2541536.jpg",
    "squareImage": "https://static.colruytgroup.com/images/500x500sq/std.lang.all/15/36/asset-2541536.jpg",
    "content": "75ml",
    "walkRouteSequenceNumber": 14346,
    "price": {
      "basicPrice": 6.45,
      "recommendedQuantity": "1.0",
      "measurementUnitPrice": 86,
      "measurementUnit": "L",
      "isRedPrice": false,
      "pricePerUOM": 86,
      "activationDate": "28-02-2024",
      "recordSource": "Offline",
      "isPromoActive": "N",
      "priceChangeCode": "E"
    },
    "isAvailable": true,
    "isPriceAvailable": true,
    "inPromo": false,
    "gtin": [
      "15054563110180",
      "08710464485221",
      "05054563110169",
      "08710464086220",
      "15054563050370",
      "08710464085216",
      "05054563050366"
    ],
    "topCategoryName": "Lichaamsverzorging/Parfumerie",
    "topCategoryId": "591",
    "businessDomain": "RETAIL_BE",
    "IsPrivateLabel": false,
    "IsBiffe": false,
    "WeightconversionFactor": "0",
    "IsWeightArticle": false,
    "IsBio": false,
    "CountryOfOrigin": "VERENIGD KONINKRIJK",
    "IsExclusivelySoldInLuxembourg": false,
    "OrderUnit": "P",
    "ShortName": "SENS TP SENS.WHITE 75ML",
    "IsNew": false,
    "RecentQuanityOfStockUnits": "2,1",
    "LongName": "SENSODYNE tp sensitivity&whitening 75ml",
    "FicCode": "N"
  },
  {
    "productId": "142421",
    "technicalArticleNumber": "3285112",
    "commercialArticleNumber": "7969",
    "name": "deo Carribean Lemon",
    "description": "*Deospray\n*Caribbean Lemon:\n48u bescherming,\n-Exotisch fris Lemon",
    "brand": "FA",
    "seoBrand": "Fa",
    "thumbNail": "https://static.colruytgroup.com/images/200x200/std.lang.all/51/92/asset-2635192.jpg",
    "fullImage": "https://static.colruytgroup.com/images/500x500/std.lang.all/51/92/asset-2635192.jpg",
    "squareImage": "https://static.colruytgroup.com/images/500x500sq/std.lang.all/51/92/asset-2635192.jpg",
    "content": "150ml",
    "walkRouteSequenceNumber": 14757,
    "price": {
      "basicPrice": 2.39,
      "recommendedQuantity": "1.0",
      "quantityPrice": 1.44,
      "quantityPriceQuantity": "2.0",
      "measurementUnitPrice": 15.94,
      "measurementUnitQuantityPrice": 9.6,
      "measurementUnit": "L",
      "isRedPrice": false,
      "pricePerUOM": 15.94,
      "activationDate": "23-03-2024",
      "recordSource": "Offline",
      "isPromoActive": "N",
      "priceChangeCode": "E",
      "quantityPricePerUOM": 9.6,
      "quantityActivationDate": "23-03-2024",
      "quantityPriceChangeCode": "E"
    },
    "isAvailable": true,
    "isPriceAvailable": true,
    "inPromo": false,
    "gtin": [
      "05412530852724",
      "05410091719715",
      "05400141230666",
      "05410091729974"
    ],
    "topCategoryName": "Lichaamsverzorging/Parfumerie",
    "topCategoryId": "591",
    "businessDomain": "RETAIL_BE",
    "IsPrivateLabel": false,
    "IsBiffe": false,
    "WeightconversionFactor": "0",
    "IsWeightArticle": false,
    "IsBio": false,
    "CountryOfOrigin": "DUITSLAND",
    "IsExclusivelySoldInLuxembourg": false,
    "OrderUnit": "P",
    "ShortName": "FA DEO LEMON 150ML",
    "IsNew": false,
    "RecentQuanityOfStockUnits": "2,1",
    "LongName": "FA deo Carribean Lemon 150ml",
    "AlcoholVolume": "0",
    "FicCode": "N"
  },
  {
    "productId": "613183",
    "technicalArticleNumber": "4287356",
    "commercialArticleNumber": "23210",
    "name": "Deo Blossom/Fresh Sensation",
    "description": "*Assorti deo 48U:\n-Fresh Blossom:\nBloemen & limoengras\n-Fresh Sensation",
    "brand": "NIVEA",
    "seoBrand": "Nivea",
    "thumbNail": "https://static.colruytgroup.com/images/200x200/std.lang.all/21/28/asset-2992128.jpg",
    "fullImage": "https://static.colruytgroup.com/images/500x500/std.lang.all/21/28/asset-2992128.jpg",
    "squareImage": "https://static.colruytgroup.com/images/500x500sq/std.lang.all/21/28/asset-2992128.jpg",
    "content": "150ml",
    "walkRouteSequenceNumber": 14734,
    "price": {
      "basicPrice": 4.49,
      "recommendedQuantity": "1.0",
      "quantityPrice": 3.16,
      "quantityPriceQuantity": "3.0",
      "measurementUnitPrice": 29.94,
      "measurementUnitQuantityPrice": 21.07,
      "measurementUnit": "L",
      "isRedPrice": false,
      "pricePerUOM": 29.94,
      "activationDate": "13-03-2024",
      "recordSource": "Offline",
      "isPromoActive": "N",
      "priceChangeCode": "H",
      "quantityPricePerUOM": 21.07,
      "quantityActivationDate": "13-03-2024",
      "quantityPriceChangeCode": "L"
    },
    "isAvailable": true,
    "isPriceAvailable": true,
    "inPromo": false,
    "gtin": [
      "05900017075372",
      "05900017075365",
      "04005900725295",
      "04005900725301",
      "35400141418867",
      "04005900777096",
      "04005900775672",
      "04005900775665",
      "35400141851848",
      "04005900777119",
      "04006000015163",
      "04005900777102",
      "04006000015170"
    ],
    "topCategoryName": "Lichaamsverzorging/Parfumerie",
    "topCategoryId": "591",
    "businessDomain": "RETAIL_BE",
    "IsPrivateLabel": false,
    "IsBiffe": false,
    "WeightconversionFactor": "0",
    "IsWeightArticle": false,
    "IsBio": false,
    "CountryOfOrigin": "DUITSLAND",
    "IsExclusivelySoldInLuxembourg": false,
    "OrderUnit": "P",
    "ShortName": "NIVE DEO.BLOS/FR.SEN150",
    "InSeason": true,
    "IsNew": false,
    "RecentQuanityOfStockUnits": "1,1,1,2",
    "LongName": "NIVEA Deo Blossom/Fresh Sensation 150ml",
    "StartSeasonDate": "15/03/2023",
    "FicCode": "N"
  },
  {
    "productId": "60363",
    "technicalArticleNumber": "2324058",
    "commercialArticleNumber": "32180",
    "name": "deo stick woman max prot.",
    "description": "*Deodorant stick\n*Langhoudend\n*Frisse geur\n*Tegen zweet\n*Dermatologisch",
    "brand": "REXONA",
    "seoBrand": "Rexona",
    "thumbNail": "https://static.colruytgroup.com/images/200x200/std.lang.all/17/75/asset-831775.jpg",
    "fullImage": "https://static.colruytgroup.com/images/500x500/std.lang.all/17/75/asset-831775.jpg",
    "squareImage": "https://static.colruytgroup.com/images/500x500sq/std.lang.all/17/75/asset-831775.jpg",
    "content": "45ml",
    "walkRouteSequenceNumber": 14686,
    "price": {
      "basicPrice": 8.99,
      "recommendedQuantity": "1.0",
      "measurementUnitPrice": 199.78,
      "measurementUnit": "L",
      "isRedPrice": false,
      "pricePerUOM": 199.78,
      "activationDate": "04-03-2024",
      "recordSource": "Offline",
      "isPromoActive": "N",
      "priceChangeCode": "E"
    },
    "isAvailable": true,
    "isPriceAvailable": true,
    "inPromo": false,
    "gtin": [
      "08718114202372",
      "08712561519311",
      "08711700599108",
      "08712561519304"
    ],
    "topCategoryName": "Lichaamsverzorging/Parfumerie",
    "topCategoryId": "591",
    "businessDomain": "RETAIL_BE",
    "IsPrivateLabel": false,
    "IsBiffe": false,
    "WeightconversionFactor": "0",
    "IsWeightArticle": false,
    "IsBio": false,
    "CountryOfOrigin": "VERENIGD KONINKRIJK",
    "IsExclusivelySoldInLuxembourg": false,
    "OrderUnit": "P",
    "ShortName": "REX DEO ST.WOM.TRANSP45",
    "IsNew": false,
    "RecentQuanityOfStockUnits": "1",
    "LongName": "REXONA deo stick woman max prot. 45ml",
    "AlcoholVolume": "0",
    "FicCode": "N"
  },
  {
    "productId": "771907",
    "technicalArticleNumber": "4560416",
    "commercialArticleNumber": "28419",
    "name": "deo dark/gold",
    "description": "*Man deodorant\n*Anti-transpiratie\n*Aantrekkelijke geur\n*72u bescherming\n*Tegen zweet",
    "brand": "AXE",
    "seoBrand": "Axe",
    "thumbNail": "https://static.colruytgroup.com/images/200x200/std.lang.all/49/12/asset-2794912.jpg",
    "fullImage": "https://static.colruytgroup.com/images/500x500/std.lang.all/49/12/asset-2794912.jpg",
    "squareImage": "https://static.colruytgroup.com/images/500x500sq/std.lang.all/49/12/asset-2794912.jpg",
    "content": "150ml",
    "walkRouteSequenceNumber": 14682,
    "price": {
      "basicPrice": 3.83,
      "recommendedQuantity": "1.0",
      "measurementUnitPrice": 25.54,
      "measurementUnit": "L",
      "isRedPrice": false,
      "pricePerUOM": 25.54,
      "activationDate": "23-03-2024",
      "recordSource": "Folder",
      "isPromoActive": "Y",
      "priceChangeCode": "H"
    },
    "isAvailable": true,
    "isPriceAvailable": true,
    "inPromo": true,
    "promotion": [
      {
        "techPromoId": "100896COLR",
        "promotionId": "100896",
        "promotionType": "4",
        "isPersonalized": "N",
        "publicationStartDate": "13-03-2024",
        "publicationEndDate": "26-03-2024"
      }
    ],
    "gtin": [
      "08720181058004",
      "08720181058189",
      "25400141971457",
      "35400141971454",
      "08720181058028",
      "08720181058226"
    ],
    "topCategoryName": "Lichaamsverzorging/Parfumerie",
    "topCategoryId": "591",
    "businessDomain": "RETAIL_BE",
    "IsPrivateLabel": false,
    "IsBiffe": false,
    "WeightconversionFactor": "0",
    "IsWeightArticle": false,
    "IsBio": false,
    "CountryOfOrigin": "BELGIË",
    "IsExclusivelySoldInLuxembourg": false,
    "OrderUnit": "P",
    "ShortName": "AXE DEO DARK/GOLD150ML",
    "IsNew": false,
    "RecentQuanityOfStockUnits": "1,2,1,12",
    "LongName": "AXE deo dark/gold 150ml",
    "FicCode": "N"
  },
  {
    "productId": "786540",
    "technicalArticleNumber": "4588125",
    "commercialArticleNumber": "21063",
    "name": "TP Activ.charcoal",
    "description": "*Whitening tandpasta\n*Verwijdert vlekken\n*Dagelijks gebruik",
    "brand": "COLGATE MAX WHITE",
    "seoBrand": "Colgate Max White",
    "thumbNail": "https://static.colruytgroup.com/images/200x200/nl_be/42/84/asset-2824284.jpg",
    "fullImage": "https://static.colruytgroup.com/images/500x500/nl_be/42/84/asset-2824284.jpg",
    "squareImage": "https://static.colruytgroup.com/images/500x500sq/nl_be/42/84/asset-2824284.jpg",
    "content": "75ml",
    "walkRouteSequenceNumber": 14368,
    "price": {
      "basicPrice": 5.49,
      "recommendedQuantity": "1.0",
      "quantityPrice": 2.74,
      "quantityPriceQuantity": "2.0",
      "measurementUnitPrice": 73.2,
      "measurementUnitQuantityPrice": 36.54,
      "measurementUnit": "L",
      "isRedPrice": false,
      "pricePerUOM": 73.2,
      "activationDate": "23-03-2024",
      "recordSource": "Offline",
      "isPromoActive": "N",
      "priceChangeCode": "E",
      "quantityPricePerUOM": 36.54,
      "quantityActivationDate": "23-03-2024",
      "quantityPriceChangeCode": "E"
    },
    "isAvailable": true,
    "isPriceAvailable": true,
    "inPromo": false,
    "gtin": [
      "08718951484887",
      "08718951484870"
    ],
    "topCategoryName": "Lichaamsverzorging/Parfumerie",
    "topCategoryId": "591",
    "businessDomain": "RETAIL_BE",
    "IsPrivateLabel": false,
    "IsBiffe": false,
    "WeightconversionFactor": "0",
    "IsWeightArticle": false,
    "IsBio": false,
    "CountryOfOrigin": "POLEN",
    "IsExclusivelySoldInLuxembourg": false,
    "OrderUnit": "P",
    "ShortName": "COLG MAX WHITE CHARC.75",
    "IsNew": false,
    "RecentQuanityOfStockUnits": "1",
    "LongName": "COLGATE MAX WHITE TP Activ.charcoal 75ml",
    "FicCode": "N"
  },
  {
    "productId": "212075",
    "technicalArticleNumber": "3514749",
    "commercialArticleNumber": "17242",
    "name": "droog kat. Original rond",
    "description": "*Droog katoen rond\n*105 stuks\n*100% Katoen vezels\n*Gestreepte zijde\n*Zacht & efficiënt",
    "brand": "DEMAK'UP",
    "seoBrand": "Demak'Up",
    "thumbNail": "https://static.colruytgroup.com/images/200x200/std.lang.all/26/74/asset-3252674.jpg",
    "fullImage": "https://static.colruytgroup.com/images/500x500/std.lang.all/26/74/asset-3252674.jpg",
    "squareImage": "https://static.colruytgroup.com/images/500x500sq/std.lang.all/26/74/asset-3252674.jpg",
    "content": "105st",
    "walkRouteSequenceNumber": 15670,
    "price": {
      "basicPrice": 4.95,
      "recommendedQuantity": "1.0",
      "measurementUnitPrice": 0.048,
      "measurementUnit": "S",
      "isRedPrice": false,
      "pricePerUOM": 0.048,
      "activationDate": "14-02-2024",
      "recordSource": "Offline",
      "isPromoActive": "N",
      "priceChangeCode": "E"
    },
    "isAvailable": true,
    "isPriceAvailable": true,
    "inPromo": false,
    "gtin": [
      "07322540809220",
      "07322540809213",
      "05400141221596"
    ],
    "topCategoryName": "Lichaamsverzorging/Parfumerie",
    "topCategoryId": "591",
    "businessDomain": "RETAIL_BE",
    "IsPrivateLabel": false,
    "IsBiffe": false,
    "WeightconversionFactor": "0",
    "IsWeightArticle": false,
    "IsBio": false,
    "CountryOfOrigin": "FRANKRIJK",
    "IsExclusivelySoldInLuxembourg": false,
    "OrderUnit": "P",
    "ShortName": "DEMAK UP ORIGINAL 105ST",
    "IsNew": false,
    "RecentQuanityOfStockUnits": "2,1",
    "LongName": "DEMAK'UP droog kat. Original rond 105st",
    "AlcoholVolume": "0",
    "FicCode": "N"
  },
  {
    "productId": "819487",
    "technicalArticleNumber": "4651652",
    "commercialArticleNumber": "5645",
    "name": "conditioner honing/arg.",
    "description": "*Conditioner\n*Assorti:\n-Geheim van honing\n-Argan olie",
    "brand": "ULTRA DOUX",
    "seoBrand": "Ultra Doux",
    "thumbNail": "https://static.colruytgroup.com/images/200x200/std.lang.all/07/34/asset-2960734.jpg",
    "fullImage": "https://static.colruytgroup.com/images/500x500/std.lang.all/07/34/asset-2960734.jpg",
    "squareImage": "https://static.colruytgroup.com/images/500x500sq/std.lang.all/07/34/asset-2960734.jpg",
    "content": "200ml",
    "walkRouteSequenceNumber": 15339,
    "price": {
      "basicPrice": 3.59,
      "recommendedQuantity": "1.0",
      "quantityPrice": 2.33,
      "quantityPriceQuantity": "3.0",
      "measurementUnitPrice": 17.95,
      "measurementUnitQuantityPrice": 11.65,
      "measurementUnit": "L",
      "isRedPrice": false,
      "pricePerUOM": 17.95,
      "activationDate": "19-03-2024",
      "recordSource": "Offline",
      "isPromoActive": "N",
      "priceChangeCode": "E",
      "quantityPricePerUOM": 11.65,
      "quantityActivationDate": "19-03-2024",
      "quantityPriceChangeCode": "H"
    },
    "isAvailable": true,
    "isPriceAvailable": true,
    "inPromo": false,
    "gtin": [
      "05410103136240",
      "03600542461146",
      "05410103136257",
      "03600542461504"
    ],
    "topCategoryName": "Lichaamsverzorging/Parfumerie",
    "topCategoryId": "591",
    "businessDomain": "RETAIL_BE",
    "IsPrivateLabel": false,
    "IsBiffe": false,
    "WeightconversionFactor": "0",
    "IsWeightArticle": false,
    "IsBio": false,
    "CountryOfOrigin": "POLEN",
    "IsExclusivelySoldInLuxembourg": false,
    "OrderUnit": "P",
    "ShortName": "ULTD CD HONING/ARG200",
    "IsNew": false,
    "RecentQuanityOfStockUnits": "1,1,2,2",
    "LongName": "ULTRA DOUX conditioner honing/arg. 200ml",
    "FicCode": "N"
  },
  {
    "productId": "879590",
    "technicalArticleNumber": "4736042",
    "commercialArticleNumber": "27535",
    "name": "Extraordinary Oil/DreamLong",
    "description": "*Conditioner\n*250ml\n*Parfums:\n*Dream Long\n*Extra ordi.oil",
    "brand": "ELSEVE",
    "seoBrand": "L'Oréal Paris Elseve",
    "thumbNail": "https://static.colruytgroup.com/images/200x200/std.lang.all/37/30/asset-3243730.jpg",
    "fullImage": "https://static.colruytgroup.com/images/500x500/std.lang.all/37/30/asset-3243730.jpg",
    "squareImage": "https://static.colruytgroup.com/images/500x500sq/std.lang.all/37/30/asset-3243730.jpg",
    "content": "250ml",
    "walkRouteSequenceNumber": 15115,
    "price": {
      "basicPrice": 3.92,
      "recommendedQuantity": "1.0",
      "measurementUnitPrice": 15.68,
      "measurementUnit": "L",
      "isRedPrice": false,
      "pricePerUOM": 15.68,
      "activationDate": "23-03-2024",
      "recordSource": "Folder",
      "isPromoActive": "N",
      "priceChangeCode": "E"
    },
    "isAvailable": true,
    "isPriceAvailable": true,
    "inPromo": true,
    "promotion": [
      {
        "techPromoId": "100894COLR",
        "promotionId": "100894",
        "promotionType": "4",
        "isPersonalized": "N",
        "publicationStartDate": "13-03-2024",
        "publicationEndDate": "26-03-2024"
      }
    ],
    "gtin": [
      "05410103154930",
      "05410103154893",
      "03600524091583",
      "03600524091620",
      "05410103175232"
    ],
    "topCategoryName": "Lichaamsverzorging/Parfumerie",
    "topCategoryId": "591",
    "businessDomain": "RETAIL_BE",
    "IsPrivateLabel": false,
    "IsBiffe": false,
    "WeightconversionFactor": "0",
    "IsWeightArticle": false,
    "IsBio": false,
    "CountryOfOrigin": "FRANKRIJK",
    "IsExclusivelySoldInLuxembourg": false,
    "OrderUnit": "P",
    "ShortName": "ELSE CD DREAM/EXTRA200",
    "IsNew": false,
    "RecentQuanityOfStockUnits": "2,1,2,1,2",
    "LongName": "ELSEVE Extraordinary Oil/DreamLong 250ml",
    "AlcoholVolume": "0",
    "FicCode": "N"
  },
  {
    "productId": "344932",
    "technicalArticleNumber": "3829720",
    "commercialArticleNumber": "13485",
    "name": "tandpasta Kids Frozen&Cars",
    "description": "*Met fluoride\n*Fruitsmaak",
    "brand": "ORAL-B",
    "seoBrand": "Oral-B",
    "thumbNail": "https://static.colruytgroup.com/images/200x200/std.lang.all/20/22/asset-2642022.jpg",
    "fullImage": "https://static.colruytgroup.com/images/500x500/std.lang.all/20/22/asset-2642022.jpg",
    "squareImage": "https://static.colruytgroup.com/images/500x500sq/std.lang.all/20/22/asset-2642022.jpg",
    "content": "75ml",
    "walkRouteSequenceNumber": 14193,
    "price": {
      "basicPrice": 2.75,
      "recommendedQuantity": "1.0",
      "measurementUnitPrice": 36.67,
      "measurementUnit": "L",
      "isRedPrice": false,
      "pricePerUOM": 36.67,
      "activationDate": "19-03-2024",
      "recordSource": "Offline",
      "isPromoActive": "N",
      "priceChangeCode": "E"
    },
    "isAvailable": true,
    "isPriceAvailable": true,
    "inPromo": false,
    "gtin": [
      "08001090589255",
      "08001090589248",
      "05400141237474",
      "08006540227183",
      "08001841740119",
      "08001841230290"
    ],
    "topCategoryName": "Lichaamsverzorging/Parfumerie",
    "topCategoryId": "591",
    "businessDomain": "RETAIL_BE",
    "IsPrivateLabel": false,
    "IsBiffe": false,
    "WeightconversionFactor": "0",
    "IsWeightArticle": false,
    "IsBio": false,
    "CountryOfOrigin": "DUITSLAND",
    "IsExclusivelySoldInLuxembourg": false,
    "OrderUnit": "P",
    "ShortName": "ORAL TP KIDS FROZ&CAR75",
    "IsNew": false,
    "RecentQuanityOfStockUnits": "1,2",
    "LongName": "ORAL-B tandpasta Kids Frozen&Cars 75ml",
    "AlcoholVolume": "0",
    "FicCode": "N"
  },
  {
    "productId": "864840",
    "technicalArticleNumber": "4716878",
    "commercialArticleNumber": "1491",
    "name": "tandpasta herbal fresh",
    "description": "*Herbal Fresh\n*Bergamot & Mint\n*Gezond tandvlees &\nsterke tanden",
    "brand": "PARODONTAX",
    "seoBrand": "Parodontax",
    "thumbNail": "https://static.colruytgroup.com/images/200x200/std.lang.all/30/21/asset-3273021.jpg",
    "fullImage": "https://static.colruytgroup.com/images/500x500/std.lang.all/30/21/asset-3273021.jpg",
    "squareImage": "https://static.colruytgroup.com/images/500x500sq/std.lang.all/30/21/asset-3273021.jpg",
    "content": "75ml",
    "walkRouteSequenceNumber": 14377,
    "price": {
      "basicPrice": 4.65,
      "recommendedQuantity": "1.0",
      "measurementUnitPrice": 62,
      "measurementUnit": "L",
      "isRedPrice": false,
      "pricePerUOM": 62,
      "activationDate": "13-03-2024",
      "recordSource": "Online",
      "isPromoActive": "N",
      "priceChangeCode": "E"
    },
    "isAvailable": true,
    "isPriceAvailable": true,
    "inPromo": false,
    "gtin": [
      "05054563149336",
      "15054563149357",
      "15400141721499"
    ],
    "topCategoryName": "Lichaamsverzorging/Parfumerie",
    "topCategoryId": "591",
    "businessDomain": "RETAIL_BE",
    "IsPrivateLabel": false,
    "IsBiffe": false,
    "WeightconversionFactor": "0",
    "IsWeightArticle": false,
    "IsBio": false,
    "CountryOfOrigin": "SLOVENIË",
    "IsExclusivelySoldInLuxembourg": false,
    "OrderUnit": "P",
    "ShortName": "PARO TP HERBAL FRESH 75",
    "IsNew": false,
    "RecentQuanityOfStockUnits": "2,1",
    "LongName": "PARODONTAX tandpasta herbal fresh 75ml",
    "AlcoholVolume": "0",
    "FicCode": "N"
  },
  {
    "productId": "262542",
    "technicalArticleNumber": "3588863",
    "commercialArticleNumber": "18517",
    "name": "wegwerp scheermes 3 mesjes",
    "description": "*Wegwerpscheerapp.\nmet 3-voudig mesje\n*6 stuks",
    "brand": "BONI",
    "seoBrand": "Boni Selection",
    "thumbNail": "https://static.colruytgroup.com/images/200x200/std.lang.all/25/50/asset-1302550.jpg",
    "fullImage": "https://static.colruytgroup.com/images/500x500/std.lang.all/25/50/asset-1302550.jpg",
    "squareImage": "https://static.colruytgroup.com/images/500x500sq/std.lang.all/25/50/asset-1302550.jpg",
    "content": "6st",
    "walkRouteSequenceNumber": 18205,
    "price": {
      "basicPrice": 3.44,
      "recommendedQuantity": "1.0",
      "quantityPrice": 2.29,
      "quantityPriceQuantity": "4.0",
      "measurementUnitPrice": 0.58,
      "measurementUnitQuantityPrice": 0.382,
      "measurementUnit": "S",
      "isRedPrice": false,
      "pricePerUOM": 0.58,
      "activationDate": "20-03-2024",
      "recordSource": "Offline",
      "isPromoActive": "N",
      "priceChangeCode": "E",
      "quantityPricePerUOM": 0.382,
      "quantityActivationDate": "20-03-2024",
      "quantityPriceChangeCode": "L"
    },
    "isAvailable": true,
    "isPriceAvailable": true,
    "inPromo": false,
    "gtin": [
      "15400141075639",
      "15400141132035",
      "05400141132038",
      "05400141075632"
    ],
    "topCategoryName": "Lichaamsverzorging/Parfumerie",
    "topCategoryId": "591",
    "businessDomain": "RETAIL_BE",
    "IsPrivateLabel": true,
    "IsBiffe": false,
    "WeightconversionFactor": "0",
    "IsWeightArticle": false,
    "IsBio": false,
    "CountryOfOrigin": "VIETNAM",
    "IsExclusivelySoldInLuxembourg": false,
    "OrderUnit": "P",
    "ShortName": "BONI WEGW.APP. 3MES 6ST",
    "IsNew": false,
    "RecentQuanityOfStockUnits": "1,12",
    "LongName": "BONI wegwerp scheermes 3 mesjes 6st",
    "AlcoholVolume": "0",
    "FicCode": "N"
  },
  {
    "productId": "490162",
    "technicalArticleNumber": "4043465",
    "commercialArticleNumber": "6265",
    "name": "deo spray sport cool",
    "description": "*Deodorant spray\n*Langhoudend\n*Frisse geur\n*Tegen zweet\n*Dermatologisch",
    "brand": "REXONA MEN",
    "seoBrand": "Rexona",
    "thumbNail": "https://static.colruytgroup.com/images/200x200/std.lang.all/44/73/asset-2274473.jpg",
    "fullImage": "https://static.colruytgroup.com/images/500x500/std.lang.all/44/73/asset-2274473.jpg",
    "squareImage": "https://static.colruytgroup.com/images/500x500sq/std.lang.all/44/73/asset-2274473.jpg",
    "content": "150ml",
    "walkRouteSequenceNumber": 14652,
    "price": {
      "basicPrice": 4.19,
      "recommendedQuantity": "1.0",
      "measurementUnitPrice": 27.94,
      "measurementUnit": "L",
      "isRedPrice": false,
      "pricePerUOM": 27.94,
      "activationDate": "01-03-2024",
      "recordSource": "Offline",
      "isPromoActive": "N",
      "priceChangeCode": "E"
    },
    "isAvailable": true,
    "isPriceAvailable": true,
    "inPromo": false,
    "gtin": [
      "05400141248401",
      "08710447493939",
      "08710447494219",
      "15400141248408"
    ],
    "topCategoryName": "Lichaamsverzorging/Parfumerie",
    "topCategoryId": "591",
    "businessDomain": "RETAIL_BE",
    "IsPrivateLabel": false,
    "IsBiffe": false,
    "WeightconversionFactor": "0",
    "IsWeightArticle": false,
    "IsBio": false,
    "CountryOfOrigin": "BELGIË",
    "IsExclusivelySoldInLuxembourg": false,
    "OrderUnit": "P",
    "ShortName": "REXO.MEN DEO SPORT 150",
    "IsNew": false,
    "RecentQuanityOfStockUnits": "2,1",
    "LongName": "REXONA MEN deo spray sport cool 150ml",
    "FicCode": "N"
  },
  {
    "productId": "703227",
    "technicalArticleNumber": "4437391",
    "commercialArticleNumber": "20675",
    "name": "deodorant orginal/invisi",
    "description": "*Borotalco deo 150ml\n*Assortiment\n-Original\n-Invisible\n48U - 0% alcohol",
    "brand": "BOROTALCO",
    "seoBrand": "Borotalco",
    "thumbNail": "https://static.colruytgroup.com/images/200x200/std.lang.all/87/85/asset-2418785.jpg",
    "fullImage": "https://static.colruytgroup.com/images/500x500/std.lang.all/87/85/asset-2418785.jpg",
    "squareImage": "https://static.colruytgroup.com/images/500x500sq/std.lang.all/87/85/asset-2418785.jpg",
    "content": "150ml",
    "walkRouteSequenceNumber": 14758,
    "price": {
      "basicPrice": 5.49,
      "recommendedQuantity": "1.0",
      "quantityPrice": 3.5,
      "quantityPriceQuantity": "2.0",
      "measurementUnitPrice": 36.6,
      "measurementUnitQuantityPrice": 23.34,
      "measurementUnit": "L",
      "isRedPrice": false,
      "pricePerUOM": 36.6,
      "activationDate": "23-03-2024",
      "recordSource": "Offline",
      "isPromoActive": "N",
      "priceChangeCode": "E",
      "quantityPricePerUOM": 23.34,
      "quantityActivationDate": "23-03-2024",
      "quantityPriceChangeCode": "E"
    },
    "isAvailable": true,
    "isPriceAvailable": true,
    "inPromo": false,
    "gtin": [
      "05415087013389",
      "08002410041866",
      "15415087013393",
      "08002410040388",
      "05415087013372"
    ],
    "topCategoryName": "Lichaamsverzorging/Parfumerie",
    "topCategoryId": "591",
    "businessDomain": "RETAIL_BE",
    "IsPrivateLabel": false,
    "IsBiffe": false,
    "WeightconversionFactor": "0",
    "IsWeightArticle": false,
    "IsBio": false,
    "CountryOfOrigin": "ITALIË",
    "IsExclusivelySoldInLuxembourg": false,
    "OrderUnit": "P",
    "ShortName": "BORO DEO ORG/INVIS.150",
    "IsNew": false,
    "RecentQuanityOfStockUnits": "2,1,1,2",
    "LongName": "BOROTALCO deodorant orginal/invisi 150ml",
    "FicCode": "N"
  },
  {
    "productId": "593696",
    "technicalArticleNumber": "4253883",
    "commercialArticleNumber": "21324",
    "name": "normaal /extra sterk",
    "description": "*Haarlak\n*300 ml\n*Assortiment:\n-Normaal\n-Extra stevig",
    "brand": "ELNETT",
    "seoBrand": "Elnett",
    "thumbNail": "https://static.colruytgroup.com/images/200x200/std.lang.all/41/86/asset-2064186.jpg",
    "fullImage": "https://static.colruytgroup.com/images/500x500/std.lang.all/41/86/asset-2064186.jpg",
    "squareImage": "https://static.colruytgroup.com/images/500x500sq/std.lang.all/41/86/asset-2064186.jpg",
    "content": "300ml",
    "walkRouteSequenceNumber": 15346,
    "price": {
      "basicPrice": 5.88,
      "recommendedQuantity": "1.0",
      "measurementUnitPrice": 19.6,
      "measurementUnit": "L",
      "isRedPrice": false,
      "pricePerUOM": 19.6,
      "activationDate": "21-03-2024",
      "recordSource": "Offline",
      "isPromoActive": "N",
      "priceChangeCode": "H"
    },
    "isAvailable": true,
    "isPriceAvailable": true,
    "inPromo": false,
    "gtin": [
      "75410103846612",
      "05410103800516",
      "05410103800509",
      "03600523793488",
      "03600523792986",
      "03600523793013",
      "03600523793396"
    ],
    "topCategoryName": "Lichaamsverzorging/Parfumerie",
    "topCategoryId": "591",
    "businessDomain": "RETAIL_BE",
    "IsPrivateLabel": false,
    "IsBiffe": false,
    "WeightconversionFactor": "0",
    "IsWeightArticle": false,
    "IsBio": false,
    "CountryOfOrigin": "BELGIË",
    "IsExclusivelySoldInLuxembourg": false,
    "OrderUnit": "P",
    "ShortName": "ELNE.NORM/EXT.STERK300",
    "IsNew": false,
    "RecentQuanityOfStockUnits": "2,2,1,1",
    "LongName": "ELNETT normaal /extra sterk 300ml",
    "FicCode": "N"
  },
  {
    "productId": "862994",
    "technicalArticleNumber": "4714409",
    "commercialArticleNumber": "31892",
    "name": "classic ultra strong",
    "description": "*Haarlak\n*400ml\n*Ultra Sterke\nfixatie",
    "brand": "WELLA",
    "thumbNail": "https://static.colruytgroup.com/images/200x200/std.lang.all/12/80/asset-3271280.jpg",
    "fullImage": "https://static.colruytgroup.com/images/500x500/std.lang.all/12/80/asset-3271280.jpg",
    "squareImage": "https://static.colruytgroup.com/images/500x500sq/std.lang.all/12/80/asset-3271280.jpg",
    "content": "400ml",
    "walkRouteSequenceNumber": 15322,
    "price": {
      "basicPrice": 4.79,
      "recommendedQuantity": "1.0",
      "measurementUnitPrice": 11.98,
      "measurementUnit": "L",
      "isRedPrice": false,
      "pricePerUOM": 11.98,
      "activationDate": "23-03-2024",
      "isPromoActive": "N",
      "priceChangeCode": "H"
    },
    "isAvailable": true,
    "isPriceAvailable": true,
    "inPromo": false,
    "gtin": [
      "04056800923038",
      "04056800923021"
    ],
    "topCategoryName": "Lichaamsverzorging/Parfumerie",
    "topCategoryId": "591",
    "businessDomain": "RETAIL_BE",
    "IsPrivateLabel": false,
    "IsBiffe": false,
    "WeightconversionFactor": "0",
    "IsWeightArticle": false,
    "IsBio": false,
    "CountryOfOrigin": "FRANKRIJK",
    "IsExclusivelySoldInLuxembourg": false,
    "OrderUnit": "P",
    "ShortName": "WELL.CLAS.ULTRA ST.400",
    "IsNew": false,
    "RecentQuanityOfStockUnits": "1",
    "LongName": "WELLA classic ultra strong 400ml",
    "FicCode": "N"
  },
  {
    "productId": "704719",
    "technicalArticleNumber": "4439612",
    "commercialArticleNumber": "26203",
    "name": "deo dermo sensitive",
    "brand": "SANEX",
    "seoBrand": "Sanex",
    "thumbNail": "https://static.colruytgroup.com/images/200x200/std.lang.all/35/70/asset-2453570.jpg",
    "fullImage": "https://static.colruytgroup.com/images/500x500/std.lang.all/35/70/asset-2453570.jpg",
    "squareImage": "https://static.colruytgroup.com/images/500x500sq/std.lang.all/35/70/asset-2453570.jpg",
    "content": "150ml",
    "walkRouteSequenceNumber": 14730,
    "price": {
      "basicPrice": 3.59,
      "recommendedQuantity": "1.0",
      "measurementUnitPrice": 23.94,
      "measurementUnit": "L",
      "isRedPrice": false,
      "pricePerUOM": 23.94,
      "activationDate": "16-03-2024",
      "recordSource": "Offline",
      "isPromoActive": "N",
      "priceChangeCode": "H"
    },
    "isAvailable": true,
    "isPriceAvailable": true,
    "inPromo": false,
    "gtin": [
      "08718951406865",
      "08718951406872",
      "45400141993491",
      "08718951617001",
      "08718951617018"
    ],
    "topCategoryName": "Lichaamsverzorging/Parfumerie",
    "topCategoryId": "591",
    "businessDomain": "RETAIL_BE",
    "IsPrivateLabel": false,
    "IsBiffe": false,
    "WeightconversionFactor": "0",
    "IsWeightArticle": false,
    "IsBio": false,
    "CountryOfOrigin": "ITALIË",
    "IsExclusivelySoldInLuxembourg": false,
    "OrderUnit": "P",
    "ShortName": "SANE.DEO SENSITIVE 150",
    "IsNew": false,
    "RecentQuanityOfStockUnits": "1,1,2",
    "LongName": "SANEX deo dermo sensitive 150ml",
    "FicCode": "N"
  },
  {
    "productId": "612592",
    "technicalArticleNumber": "4286531",
    "commercialArticleNumber": "21592",
    "name": "conditioner zacht",
    "brand": "BONI",
    "seoBrand": "Boni Selection",
    "thumbNail": "https://static.colruytgroup.com/images/200x200/std.lang.all/64/77/asset-2306477.jpg",
    "fullImage": "https://static.colruytgroup.com/images/500x500/std.lang.all/64/77/asset-2306477.jpg",
    "squareImage": "https://static.colruytgroup.com/images/500x500sq/std.lang.all/64/77/asset-2306477.jpg",
    "content": "200ml",
    "walkRouteSequenceNumber": 14815,
    "price": {
      "basicPrice": 0.995,
      "recommendedQuantity": "1.0",
      "measurementUnitPrice": 4.98,
      "measurementUnit": "L",
      "isRedPrice": false,
      "pricePerUOM": 4.98,
      "activationDate": "03-01-2024",
      "recordSource": "Offline",
      "isPromoActive": "N",
      "priceChangeCode": "H"
    },
    "isAvailable": true,
    "isPriceAvailable": true,
    "inPromo": false,
    "gtin": [
      "15400141415107",
      "05400141415100"
    ],
    "topCategoryName": "Lichaamsverzorging/Parfumerie",
    "topCategoryId": "591",
    "businessDomain": "RETAIL_BE",
    "IsPrivateLabel": true,
    "IsBiffe": false,
    "WeightconversionFactor": "0",
    "IsWeightArticle": false,
    "IsBio": false,
    "CountryOfOrigin": "BELGIË",
    "IsExclusivelySoldInLuxembourg": false,
    "OrderUnit": "P",
    "ShortName": "BONI CD ZACHT 200ML",
    "IsNew": false,
    "RecentQuanityOfStockUnits": "1",
    "LongName": "BONI conditioner zacht 200ml",
    "FicCode": "N"
  },
  {
    "productId": "874297",
    "technicalArticleNumber": "4729294",
    "commercialArticleNumber": "32103",
    "name": "conditioner color",
    "description": "*Conditioner\n*250 ml\n-Color Vive",
    "brand": "ELSEVE",
    "seoBrand": "L'Oréal Paris Elseve",
    "thumbNail": "https://static.colruytgroup.com/images/200x200/std.lang.all/37/27/asset-3243727.jpg",
    "fullImage": "https://static.colruytgroup.com/images/500x500/std.lang.all/37/27/asset-3243727.jpg",
    "squareImage": "https://static.colruytgroup.com/images/500x500sq/std.lang.all/37/27/asset-3243727.jpg",
    "content": "250ml",
    "walkRouteSequenceNumber": 15091,
    "price": {
      "basicPrice": 3.92,
      "recommendedQuantity": "1.0",
      "measurementUnitPrice": 15.68,
      "measurementUnit": "L",
      "isRedPrice": false,
      "pricePerUOM": 15.68,
      "activationDate": "23-03-2024",
      "recordSource": "Folder",
      "isPromoActive": "N",
      "priceChangeCode": "H"
    },
    "isAvailable": true,
    "isPriceAvailable": true,
    "inPromo": true,
    "promotion": [
      {
        "techPromoId": "100894COLR",
        "promotionId": "100894",
        "promotionType": "4",
        "isPersonalized": "N",
        "publicationStartDate": "13-03-2024",
        "publicationEndDate": "26-03-2024"
      }
    ],
    "gtin": [
      "03600524092955",
      "03600524092900"
    ],
    "topCategoryName": "Lichaamsverzorging/Parfumerie",
    "topCategoryId": "591",
    "businessDomain": "RETAIL_BE",
    "IsPrivateLabel": false,
    "IsBiffe": false,
    "WeightconversionFactor": "0",
    "IsWeightArticle": false,
    "IsBio": false,
    "CountryOfOrigin": "FRANKRIJK",
    "IsExclusivelySoldInLuxembourg": false,
    "OrderUnit": "P",
    "ShortName": "ELSE CD COLOR 250ML",
    "IsNew": false,
    "RecentQuanityOfStockUnits": "1,2",
    "LongName": "ELSEVE conditioner color 250ml",
    "FicCode": "N"
  },
  {
    "productId": "863948",
    "technicalArticleNumber": "4715644",
    "commercialArticleNumber": "31963",
    "name": "shampoo charcoal",
    "description": "*Shampoo 250 ml\n-Charcoal & Nigella\nzaadolie\n*voor gevoelige\nhoofdhuid & dof haar",
    "brand": "ULTRA DOUX",
    "seoBrand": "Ultra Doux",
    "thumbNail": "https://static.colruytgroup.com/images/200x200/std.lang.all/09/07/asset-3240907.jpg",
    "fullImage": "https://static.colruytgroup.com/images/500x500/std.lang.all/09/07/asset-3240907.jpg",
    "squareImage": "https://static.colruytgroup.com/images/500x500sq/std.lang.all/09/07/asset-3240907.jpg",
    "content": "250ml",
    "walkRouteSequenceNumber": 15082,
    "price": {
      "basicPrice": 3.39,
      "recommendedQuantity": "1.0",
      "measurementUnitPrice": 13.56,
      "measurementUnit": "L",
      "isRedPrice": false,
      "pricePerUOM": 13.56,
      "activationDate": "19-03-2024",
      "recordSource": "Offline",
      "isPromoActive": "N",
      "priceChangeCode": "E"
    },
    "isAvailable": true,
    "isPriceAvailable": true,
    "inPromo": false,
    "gtin": [
      "03600542512572",
      "05410103162430"
    ],
    "topCategoryName": "Lichaamsverzorging/Parfumerie",
    "topCategoryId": "591",
    "businessDomain": "RETAIL_BE",
    "IsPrivateLabel": false,
    "IsBiffe": false,
    "WeightconversionFactor": "0",
    "IsWeightArticle": false,
    "IsBio": false,
    "CountryOfOrigin": "POLEN",
    "IsExclusivelySoldInLuxembourg": false,
    "OrderUnit": "P",
    "ShortName": "ULTD SH CHARCOAL 250ML",
    "IsNew": false,
    "RecentQuanityOfStockUnits": "1,2",
    "LongName": "ULTRA DOUX shampoo charcoal 250ml",
    "AlcoholVolume": "0",
    "FicCode": "N"
  },
  {
    "productId": "186028",
    "technicalArticleNumber": "3452801",
    "commercialArticleNumber": "12347",
    "name": "douche Paradise/Oriental momen.",
    "description": "*Douchecrème\n*Assorti:\n-Oriental Moments\n-Paradise",
    "brand": "FA",
    "seoBrand": "Fa",
    "thumbNail": "https://static.colruytgroup.com/images/200x200/std.lang.all/51/94/asset-2635194.jpg",
    "fullImage": "https://static.colruytgroup.com/images/500x500/std.lang.all/51/94/asset-2635194.jpg",
    "squareImage": "https://static.colruytgroup.com/images/500x500sq/std.lang.all/51/94/asset-2635194.jpg",
    "content": "250ml",
    "walkRouteSequenceNumber": 14635,
    "price": {
      "basicPrice": 2.39,
      "recommendedQuantity": "1.0",
      "measurementUnitPrice": 9.56,
      "measurementUnit": "L",
      "isRedPrice": false,
      "pricePerUOM": 9.56,
      "activationDate": "06-03-2024",
      "recordSource": "Offline",
      "isPromoActive": "N",
      "priceChangeCode": "H"
    },
    "isAvailable": true,
    "isPriceAvailable": true,
    "inPromo": false,
    "gtin": [
      "05412530932402",
      "05412530932389",
      "05410091767266",
      "05412530826428",
      "05412530847416",
      "05410091727208",
      "05410091730369",
      "05410091715762",
      "05400141219654",
      "05412530853806",
      "05412530847423",
      "05412530853790"
    ],
    "topCategoryName": "Lichaamsverzorging/Parfumerie",
    "topCategoryId": "591",
    "businessDomain": "RETAIL_BE",
    "IsPrivateLabel": false,
    "IsBiffe": false,
    "WeightconversionFactor": "0",
    "IsWeightArticle": false,
    "IsBio": false,
    "CountryOfOrigin": "DUITSLAND",
    "IsExclusivelySoldInLuxembourg": false,
    "OrderUnit": "P",
    "ShortName": "FA DCH MM ORIEN/PAR250",
    "IsNew": false,
    "RecentQuanityOfStockUnits": "1,2,1,1",
    "LongName": "FA douche Paradise/Oriental momen. 250ml",
    "AlcoholVolume": "0",
    "FicCode": "N"
  },
  {
    "productId": "1802",
    "technicalArticleNumber": "23391",
    "commercialArticleNumber": "23391",
    "name": "gel Precise spray 8",
    "description": "*Gelspray\n*150 ml\n*Go Create: super\nstrong",
    "brand": "STUDIO LINE",
    "seoBrand": "L'Oréal",
    "thumbNail": "https://static.colruytgroup.com/images/200x200/std.lang.all/44/09/asset-364409.jpg",
    "fullImage": "https://static.colruytgroup.com/images/500x500/std.lang.all/44/09/asset-364409.jpg",
    "squareImage": "https://static.colruytgroup.com/images/500x500sq/std.lang.all/44/09/asset-364409.jpg",
    "content": "150ml",
    "walkRouteSequenceNumber": 15311,
    "price": {
      "basicPrice": 4.99,
      "recommendedQuantity": "1.0",
      "measurementUnitPrice": 33.27,
      "measurementUnit": "L",
      "isRedPrice": false,
      "pricePerUOM": 33.27,
      "activationDate": "11-03-2024",
      "recordSource": "Offline",
      "isPromoActive": "N",
      "priceChangeCode": "E"
    },
    "isAvailable": true,
    "isPriceAvailable": true,
    "inPromo": false,
    "gtin": [
      "03600522470946",
      "05400141173512",
      "05410103799001",
      "75410103833742"
    ],
    "topCategoryName": "Lichaamsverzorging/Parfumerie",
    "topCategoryId": "591",
    "businessDomain": "RETAIL_BE",
    "IsPrivateLabel": false,
    "IsBiffe": false,
    "WeightconversionFactor": "0",
    "IsWeightArticle": false,
    "IsBio": false,
    "CountryOfOrigin": "FRANKRIJK",
    "IsExclusivelySoldInLuxembourg": false,
    "OrderUnit": "P",
    "ShortName": "STUD.150 GELSPR.SUPERST",
    "IsNew": false,
    "RecentQuanityOfStockUnits": "1,2",
    "LongName": "STUDIO LINE gel Precise spray 8 150ml",
    "AlcoholVolume": "0",
    "FicCode": "N"
  },
  {
    "productId": "879624",
    "technicalArticleNumber": "4736081",
    "commercialArticleNumber": "29488",
    "name": "nutrigloss/total repair",
    "description": "*Conditioner\n*250ml\n*Assorti:\n-Nutrigloss\n-Total Repair",
    "brand": "ELSEVE",
    "seoBrand": "Elseve",
    "thumbNail": "https://static.colruytgroup.com/images/200x200/std.lang.all/37/32/asset-3243732.jpg",
    "fullImage": "https://static.colruytgroup.com/images/500x500/std.lang.all/37/32/asset-3243732.jpg",
    "squareImage": "https://static.colruytgroup.com/images/500x500sq/std.lang.all/37/32/asset-3243732.jpg",
    "content": "250ml",
    "walkRouteSequenceNumber": 15122,
    "price": {
      "basicPrice": 3.92,
      "recommendedQuantity": "1.0",
      "measurementUnitPrice": 15.68,
      "measurementUnit": "L",
      "isRedPrice": false,
      "pricePerUOM": 15.68,
      "activationDate": "23-03-2024",
      "recordSource": "Folder",
      "isPromoActive": "N",
      "priceChangeCode": "H"
    },
    "isAvailable": true,
    "isPriceAvailable": true,
    "inPromo": true,
    "promotion": [
      {
        "techPromoId": "100894COLR",
        "promotionId": "100894",
        "promotionType": "4",
        "isPersonalized": "N",
        "publicationStartDate": "13-03-2024",
        "publicationEndDate": "26-03-2024"
      }
    ],
    "gtin": [
      "05410103154749",
      "03600524092931",
      "03600524092887",
      "05410103175317"
    ],
    "topCategoryName": "Lichaamsverzorging/Parfumerie",
    "topCategoryId": "591",
    "businessDomain": "RETAIL_BE",
    "IsPrivateLabel": false,
    "IsBiffe": false,
    "WeightconversionFactor": "0",
    "IsWeightArticle": false,
    "IsBio": false,
    "CountryOfOrigin": "FRANKRIJK",
    "IsExclusivelySoldInLuxembourg": false,
    "OrderUnit": "P",
    "ShortName": "ELSE CD NUTRI/REP. 250",
    "IsNew": false,
    "RecentQuanityOfStockUnits": "1,1,2,2",
    "LongName": "ELSEVE nutrigloss/total repair 250ml",
    "FicCode": "N"
  },
  {
    "productId": "777046",
    "technicalArticleNumber": "4569208",
    "commercialArticleNumber": "14996",
    "name": "deo invis. 72h motionsense",
    "description": "*Deodorant 150ml\n*72U bescherming\n*geen strepen of vlekken\nop zwarte en witte\nkleding.*Zonder alcohol",
    "brand": "REXONA",
    "seoBrand": "Rexona",
    "thumbNail": "https://static.colruytgroup.com/images/200x200/std.lang.all/52/55/asset-2755255.jpg",
    "fullImage": "https://static.colruytgroup.com/images/500x500/std.lang.all/52/55/asset-2755255.jpg",
    "squareImage": "https://static.colruytgroup.com/images/500x500sq/std.lang.all/52/55/asset-2755255.jpg",
    "content": "150ml",
    "walkRouteSequenceNumber": 14727,
    "price": {
      "basicPrice": 4.79,
      "recommendedQuantity": "1.0",
      "measurementUnitPrice": 31.94,
      "measurementUnit": "L",
      "isRedPrice": false,
      "pricePerUOM": 31.94,
      "activationDate": "09-03-2024",
      "recordSource": "Offline",
      "isPromoActive": "N",
      "priceChangeCode": "L"
    },
    "isAvailable": true,
    "isPriceAvailable": true,
    "inPromo": false,
    "gtin": [
      "35400141473125",
      "45400141473122",
      "08720181183881",
      "08720181183775"
    ],
    "topCategoryName": "Lichaamsverzorging/Parfumerie",
    "topCategoryId": "591",
    "businessDomain": "RETAIL_BE",
    "IsPrivateLabel": false,
    "IsBiffe": false,
    "WeightconversionFactor": "0",
    "IsWeightArticle": false,
    "IsBio": false,
    "CountryOfOrigin": "VERENIGD KONINKRIJK",
    "IsExclusivelySoldInLuxembourg": false,
    "OrderUnit": "P",
    "ShortName": "REXO INV.B&W ADVAN150",
    "IsNew": false,
    "RecentQuanityOfStockUnits": "2,1",
    "LongName": "REXONA deo invis. 72h motionsense 150ml",
    "FicCode": "N"
  },
  {
    "productId": "819510",
    "technicalArticleNumber": "4651722",
    "commercialArticleNumber": "6791",
    "name": "shampoo koko/ginger",
    "description": "*Shampoo\n*Assorti:\n-Ginger\n-Kokosmelk",
    "brand": "ULTRA DOUX",
    "seoBrand": "Ultra Doux",
    "thumbNail": "https://static.colruytgroup.com/images/200x200/std.lang.all/93/04/asset-2999304.jpg",
    "fullImage": "https://static.colruytgroup.com/images/500x500/std.lang.all/93/04/asset-2999304.jpg",
    "squareImage": "https://static.colruytgroup.com/images/500x500sq/std.lang.all/93/04/asset-2999304.jpg",
    "content": "250ml",
    "walkRouteSequenceNumber": 15114,
    "price": {
      "basicPrice": 3.39,
      "recommendedQuantity": "1.0",
      "quantityPrice": 2.33,
      "quantityPriceQuantity": "3.0",
      "measurementUnitPrice": 13.56,
      "measurementUnitQuantityPrice": 9.32,
      "measurementUnit": "L",
      "isRedPrice": false,
      "pricePerUOM": 13.56,
      "activationDate": "19-03-2024",
      "recordSource": "Offline",
      "isPromoActive": "N",
      "priceChangeCode": "E",
      "quantityPricePerUOM": 9.32,
      "quantityActivationDate": "19-03-2024",
      "quantityPriceChangeCode": "H"
    },
    "isAvailable": true,
    "isPriceAvailable": true,
    "inPromo": false,
    "gtin": [
      "03600542462426",
      "03600542463232",
      "05410103135762",
      "05410103135809"
    ],
    "topCategoryName": "Lichaamsverzorging/Parfumerie",
    "topCategoryId": "591",
    "businessDomain": "RETAIL_BE",
    "IsPrivateLabel": false,
    "IsBiffe": false,
    "WeightconversionFactor": "0",
    "IsWeightArticle": false,
    "IsBio": false,
    "CountryOfOrigin": "POLEN",
    "IsExclusivelySoldInLuxembourg": false,
    "OrderUnit": "P",
    "ShortName": "ULT.D SH. KOKO/GING.250",
    "IsNew": false,
    "RecentQuanityOfStockUnits": "1,2,1,2",
    "LongName": "ULTRA DOUX shampoo koko/ginger 250ml",
    "FicCode": "N"
  },
  {
    "productId": "884560",
    "technicalArticleNumber": "4743544",
    "commercialArticleNumber": "32492",
    "name": "zero family",
    "description": "*Familie douchegel\n725ml\n*0% sulfate\n*0% kleurstoffen\n*0% zeep",
    "brand": "SANEX",
    "seoBrand": "Sanex",
    "thumbNail": "https://static.colruytgroup.com/images/200x200/std.lang.all/65/84/asset-3336584.jpg",
    "fullImage": "https://static.colruytgroup.com/images/500x500/std.lang.all/65/84/asset-3336584.jpg",
    "squareImage": "https://static.colruytgroup.com/images/500x500sq/std.lang.all/65/84/asset-3336584.jpg",
    "content": "725ml",
    "walkRouteSequenceNumber": 14691,
    "price": {
      "basicPrice": 5.99,
      "recommendedQuantity": "1.0",
      "measurementUnitPrice": 8.27,
      "measurementUnit": "L",
      "isRedPrice": false,
      "pricePerUOM": 8.27,
      "activationDate": "14-03-2024",
      "isPromoActive": "N",
      "priceChangeCode": "H"
    },
    "isAvailable": true,
    "isPriceAvailable": true,
    "inPromo": false,
    "gtin": [
      "08718951480858",
      "08718951480865"
    ],
    "topCategoryName": "Lichaamsverzorging/Parfumerie",
    "topCategoryId": "591",
    "businessDomain": "RETAIL_BE",
    "IsPrivateLabel": false,
    "IsBiffe": false,
    "WeightconversionFactor": "0",
    "IsWeightArticle": false,
    "IsBio": false,
    "CountryOfOrigin": "ITALIË",
    "IsExclusivelySoldInLuxembourg": false,
    "OrderUnit": "P",
    "ShortName": "SANE ZERO FAMILY 725ML",
    "IsNew": false,
    "RecentQuanityOfStockUnits": "1",
    "LongName": "SANEX zero family 725ml",
    "FicCode": "N"
  },
  {
    "productId": "876858",
    "technicalArticleNumber": "4732580",
    "commercialArticleNumber": "6833",
    "name": "Styling Spray Care Hold",
    "description": "*Styling Spray\n*250 ml",
    "brand": "NIVEA",
    "seoBrand": "Nivea",
    "thumbNail": "https://static.colruytgroup.com/images/200x200/std.lang.all/58/28/asset-3235828.jpg",
    "fullImage": "https://static.colruytgroup.com/images/500x500/std.lang.all/58/28/asset-3235828.jpg",
    "squareImage": "https://static.colruytgroup.com/images/500x500sq/std.lang.all/58/28/asset-3235828.jpg",
    "content": "250ml",
    "walkRouteSequenceNumber": 15318,
    "price": {
      "basicPrice": 5.09,
      "recommendedQuantity": "1.0",
      "measurementUnitPrice": 20.36,
      "measurementUnit": "L",
      "isRedPrice": false,
      "pricePerUOM": 20.36,
      "activationDate": "11-03-2024",
      "recordSource": "Offline",
      "isPromoActive": "N",
      "priceChangeCode": "E"
    },
    "isAvailable": true,
    "isPriceAvailable": true,
    "inPromo": false,
    "gtin": [
      "04005900394156",
      "25400141453083",
      "04005900394132",
      "04005900394149"
    ],
    "topCategoryName": "Lichaamsverzorging/Parfumerie",
    "topCategoryId": "591",
    "businessDomain": "RETAIL_BE",
    "IsPrivateLabel": false,
    "IsBiffe": false,
    "WeightconversionFactor": "0",
    "IsWeightArticle": false,
    "IsBio": false,
    "CountryOfOrigin": "DUITSLAND",
    "IsExclusivelySoldInLuxembourg": false,
    "OrderUnit": "P",
    "ShortName": "NIV.SPRAY CARE&HOLD250",
    "IsNew": false,
    "RecentQuanityOfStockUnits": "2,1",
    "LongName": "NIVEA Styling Spray Care Hold 250ml",
    "AlcoholVolume": "0",
    "FicCode": "N"
  },
  {
    "productId": "5956",
    "technicalArticleNumber": "346819",
    "commercialArticleNumber": "346819",
    "name": "Reinigingsmelk",
    "description": "*Reinigingsmelk\n*200 ml\n*Elk huidtype",
    "brand": "DIADERMINE",
    "seoBrand": "Diadermine",
    "thumbNail": "https://static.colruytgroup.com/images/200x200/std.lang.all/34/53/asset-2823453.jpg",
    "fullImage": "https://static.colruytgroup.com/images/500x500/std.lang.all/34/53/asset-2823453.jpg",
    "squareImage": "https://static.colruytgroup.com/images/500x500sq/std.lang.all/34/53/asset-2823453.jpg",
    "content": "200ml",
    "walkRouteSequenceNumber": 15565,
    "price": {
      "basicPrice": 3.65,
      "recommendedQuantity": "1.0",
      "measurementUnitPrice": 18.25,
      "measurementUnit": "L",
      "isRedPrice": false,
      "pricePerUOM": 18.25,
      "activationDate": "22-03-2024",
      "recordSource": "Offline",
      "isPromoActive": "N",
      "priceChangeCode": "H"
    },
    "isAvailable": true,
    "isPriceAvailable": true,
    "inPromo": false,
    "gtin": [
      "05410091607173",
      "05410091680435",
      "05410091728939",
      "05412530643865",
      "05412530850591",
      "05412530850607",
      "08718900071670",
      "15412530643862"
    ],
    "topCategoryName": "Lichaamsverzorging/Parfumerie",
    "topCategoryId": "591",
    "businessDomain": "NON_FOOD",
    "IsPrivateLabel": false,
    "IsBiffe": false,
    "IsWeightArticle": false,
    "RecentQuanityOfStockUnits": "1",
    "LongName": "DIADERMINE Reinigingsmelk 200ml",
    "IsBio": false,
    "AlcoholVolume": "0",
    "CountryOfOrigin": "SLOVENIË",
    "FicCode": "N",
    "OrderUnit": "P",
    "ShortName": "DIAD.REINIGINGSMELK",
    "IsNew": false
  },
  {
    "productId": "879550",
    "technicalArticleNumber": "4735999",
    "commercialArticleNumber": "26272",
    "name": "Total Repair/Nutri Gloss",
    "description": "*Shampoo\n*300ml\n*Ass.: -Nutrigloss\n-Total Repair",
    "brand": "ELSEVE",
    "seoBrand": "Elseve",
    "thumbNail": "https://static.colruytgroup.com/images/200x200/std.lang.all/37/29/asset-3243729.jpg",
    "fullImage": "https://static.colruytgroup.com/images/500x500/std.lang.all/37/29/asset-3243729.jpg",
    "squareImage": "https://static.colruytgroup.com/images/500x500sq/std.lang.all/37/29/asset-3243729.jpg",
    "content": "300ml",
    "walkRouteSequenceNumber": 15099,
    "price": {
      "basicPrice": 3.92,
      "recommendedQuantity": "1.0",
      "measurementUnitPrice": 13.07,
      "measurementUnit": "L",
      "isRedPrice": false,
      "pricePerUOM": 13.07,
      "activationDate": "23-03-2024",
      "recordSource": "Folder",
      "isPromoActive": "N",
      "priceChangeCode": "H"
    },
    "isAvailable": true,
    "isPriceAvailable": true,
    "inPromo": true,
    "promotion": [
      {
        "techPromoId": "100894COLR",
        "promotionId": "100894",
        "promotionType": "4",
        "isPersonalized": "N",
        "publicationStartDate": "13-03-2024",
        "publicationEndDate": "26-03-2024"
      }
    ],
    "gtin": [
      "05410103175966",
      "05410103175973",
      "03600524092870",
      "03600524092924"
    ],
    "topCategoryName": "Lichaamsverzorging/Parfumerie",
    "topCategoryId": "591",
    "businessDomain": "RETAIL_BE",
    "IsPrivateLabel": false,
    "IsBiffe": false,
    "WeightconversionFactor": "0",
    "IsWeightArticle": false,
    "IsBio": false,
    "CountryOfOrigin": "FRANKRIJK",
    "IsExclusivelySoldInLuxembourg": false,
    "OrderUnit": "P",
    "ShortName": "ELSE SH.REP/NUTRI.300",
    "IsNew": false,
    "RecentQuanityOfStockUnits": "1,2,2,1",
    "LongName": "ELSEVE Total Repair/Nutri Gloss 300ml",
    "FicCode": "N"
  },
  {
    "productId": "463154",
    "technicalArticleNumber": "4030818",
    "commercialArticleNumber": "5631",
    "name": "Deo Luxurious",
    "description": "*Assorti:\n-Brazilian nights:\npassievr.& jasmijn\n-Luxurious:\nroze viooltjes",
    "brand": "FA",
    "seoBrand": "Fa",
    "thumbNail": "https://static.colruytgroup.com/images/200x200/std.lang.all/95/55/asset-2739555.jpg",
    "fullImage": "https://static.colruytgroup.com/images/500x500/std.lang.all/95/55/asset-2739555.jpg",
    "squareImage": "https://static.colruytgroup.com/images/500x500sq/std.lang.all/95/55/asset-2739555.jpg",
    "content": "150ml",
    "walkRouteSequenceNumber": 14756,
    "price": {
      "basicPrice": 2.49,
      "recommendedQuantity": "1.0",
      "quantityPrice": 1.74,
      "quantityPriceQuantity": "2.0",
      "measurementUnitPrice": 16.6,
      "measurementUnitQuantityPrice": 11.6,
      "measurementUnit": "L",
      "isRedPrice": false,
      "pricePerUOM": 16.6,
      "activationDate": "23-03-2024",
      "recordSource": "Offline",
      "isPromoActive": "N",
      "priceChangeCode": "E",
      "quantityPricePerUOM": 11.6,
      "quantityActivationDate": "23-03-2024",
      "quantityPriceChangeCode": "E"
    },
    "isAvailable": true,
    "isPriceAvailable": true,
    "inPromo": false,
    "gtin": [
      "05412530885494",
      "05412530878298",
      "05410091747480",
      "05410091743680",
      "05400141242317",
      "15400141242314",
      "05410091719470",
      "05412530833495",
      "05410091760311",
      "05412530914118"
    ],
    "topCategoryName": "Lichaamsverzorging/Parfumerie",
    "topCategoryId": "591",
    "businessDomain": "RETAIL_BE",
    "IsPrivateLabel": false,
    "IsBiffe": false,
    "WeightconversionFactor": "0",
    "IsWeightArticle": false,
    "IsBio": false,
    "CountryOfOrigin": "BELGIË",
    "IsExclusivelySoldInLuxembourg": false,
    "OrderUnit": "P",
    "ShortName": "FA DEO LUXURIOUS 150ML",
    "IsNew": false,
    "RecentQuanityOfStockUnits": "1,2,1",
    "LongName": "FA Deo Luxurious 150ml",
    "FicCode": "N"
  },
  {
    "productId": "764221",
    "technicalArticleNumber": "4544955",
    "commercialArticleNumber": "7119",
    "name": "ultra soft box",
    "description": "*64st\n*100% recycleerbare\nverpakking\n*FSC keurmerk\n*Zacht",
    "brand": "KLEENEX",
    "seoBrand": "Kleenex",
    "thumbNail": "https://static.colruytgroup.com/images/200x200/std.lang.all/44/21/asset-3354421.jpg",
    "fullImage": "https://static.colruytgroup.com/images/500x500/std.lang.all/44/21/asset-3354421.jpg",
    "squareImage": "https://static.colruytgroup.com/images/500x500sq/std.lang.all/44/21/asset-3354421.jpg",
    "content": "64st",
    "walkRouteSequenceNumber": 3942,
    "price": {
      "basicPrice": 2.89,
      "recommendedQuantity": "1.0",
      "measurementUnitPrice": 0.046,
      "measurementUnit": "S",
      "isRedPrice": false,
      "pricePerUOM": 0.046,
      "activationDate": "29-02-2024",
      "recordSource": "Offline",
      "isPromoActive": "N",
      "priceChangeCode": "E"
    },
    "isAvailable": true,
    "isPriceAvailable": true,
    "inPromo": false,
    "gtin": [
      "05029054236383",
      "05029053579290",
      "05029053579320"
    ],
    "topCategoryName": "Lichaamsverzorging/Parfumerie",
    "topCategoryId": "591",
    "businessDomain": "RETAIL_BE",
    "IsPrivateLabel": false,
    "IsBiffe": false,
    "WeightconversionFactor": "0",
    "IsWeightArticle": false,
    "IsBio": false,
    "CountryOfOrigin": "VERENIGD KONINKRIJK",
    "IsExclusivelySoldInLuxembourg": false,
    "OrderUnit": "P",
    "ShortName": "KLEE ULTRA SOFT BOX64ST",
    "IsNew": false,
    "RecentQuanityOfStockUnits": "2,1",
    "LongName": "KLEENEX ultra soft box 64st",
    "FicCode": "N"
  },
  {
    "productId": "699987",
    "technicalArticleNumber": "4432178",
    "commercialArticleNumber": "13514",
    "name": "tampon procomfort normal",
    "description": "*Zonder applicator\n*SilkTouch oppervlak",
    "brand": "OB",
    "seoBrand": "O.B.",
    "thumbNail": "https://static.colruytgroup.com/images/200x200/std.lang.all/35/66/asset-2453566.jpg",
    "fullImage": "https://static.colruytgroup.com/images/500x500/std.lang.all/35/66/asset-2453566.jpg",
    "squareImage": "https://static.colruytgroup.com/images/500x500sq/std.lang.all/35/66/asset-2453566.jpg",
    "content": "32st",
    "walkRouteSequenceNumber": 14411,
    "price": {
      "basicPrice": 4.69,
      "recommendedQuantity": "2.0",
      "quantityPrice": 3.72,
      "quantityPriceQuantity": "3.0",
      "measurementUnitPrice": 0.147,
      "measurementUnitQuantityPrice": 0.117,
      "measurementUnit": "S",
      "isRedPrice": false,
      "pricePerUOM": 0.147,
      "activationDate": "12-03-2024",
      "recordSource": "Offline",
      "isPromoActive": "N",
      "priceChangeCode": "E",
      "quantityPricePerUOM": 0.117,
      "quantityActivationDate": "12-03-2024",
      "quantityPriceChangeCode": "H"
    },
    "isAvailable": true,
    "isPriceAvailable": true,
    "inPromo": false,
    "gtin": [
      "65400141618558",
      "03574661624860",
      "03574661625027",
      "03574661625010"
    ],
    "topCategoryName": "Lichaamsverzorging/Parfumerie",
    "topCategoryId": "591",
    "businessDomain": "RETAIL_BE",
    "IsPrivateLabel": false,
    "IsBiffe": false,
    "WeightconversionFactor": "0",
    "IsWeightArticle": false,
    "IsBio": false,
    "CountryOfOrigin": "FRANKRIJK",
    "IsExclusivelySoldInLuxembourg": false,
    "OrderUnit": "P",
    "ShortName": "OB PROCOMFORT NORMAL32S",
    "IsNew": false,
    "RecentQuanityOfStockUnits": "2,1",
    "LongName": "OB tampon procomfort normal 32st",
    "FicCode": "N"
  },
  {
    "productId": "377126",
    "technicalArticleNumber": "3843234",
    "commercialArticleNumber": "282914",
    "name": "kleefcrème Free",
    "description": "*Hechtcrème",
    "brand": "COREGA",
    "seoBrand": "Corega",
    "thumbNail": "https://static.colruytgroup.com/images/200x200/std.lang.all/31/81/asset-1483181.jpg",
    "fullImage": "https://static.colruytgroup.com/images/500x500/std.lang.all/31/81/asset-1483181.jpg",
    "squareImage": "https://static.colruytgroup.com/images/500x500sq/std.lang.all/31/81/asset-1483181.jpg",
    "content": "70g",
    "walkRouteSequenceNumber": 14177,
    "price": {
      "basicPrice": 6.68,
      "recommendedQuantity": "1.0",
      "measurementUnitPrice": 95.43,
      "measurementUnit": "K",
      "isRedPrice": false,
      "pricePerUOM": 95.43,
      "activationDate": "19-03-2024",
      "recordSource": "Online",
      "isPromoActive": "N",
      "priceChangeCode": "E"
    },
    "isAvailable": true,
    "isPriceAvailable": true,
    "inPromo": false,
    "gtin": [
      "08710464744595",
      "15054563041095",
      "15400141516170",
      "05054563041081",
      "05054563041074"
    ],
    "topCategoryName": "Lichaamsverzorging/Parfumerie",
    "topCategoryId": "591",
    "businessDomain": "NON_FOOD",
    "IsPrivateLabel": false,
    "IsBiffe": false,
    "IsWeightArticle": false,
    "RecentQuanityOfStockUnits": "1",
    "LongName": "COREGA kleefcrème Free 70g",
    "IsBio": false,
    "CountryOfOrigin": "VERENIGD KONINKRIJK",
    "FicCode": "N",
    "OrderUnit": "P",
    "ShortName": "COR.KLEEFCREME FREE 70G",
    "IsNew": false
  },
  {
    "productId": "886740",
    "technicalArticleNumber": "4746063",
    "commercialArticleNumber": "32687",
    "name": "mvb secure night",
    "description": "*Maandverband 36 ST\n*Nacht\n*Ultra beschermend Secure\n*Met vleugels",
    "brand": "ALWAYS ULTRA",
    "seoBrand": "Always Ultra",
    "thumbNail": "https://static.colruytgroup.com/images/200x200/std.lang.all/05/58/asset-3290558.jpg",
    "fullImage": "https://static.colruytgroup.com/images/500x500/std.lang.all/05/58/asset-3290558.jpg",
    "squareImage": "https://static.colruytgroup.com/images/500x500sq/std.lang.all/05/58/asset-3290558.jpg",
    "content": "36st",
    "walkRouteSequenceNumber": 14575,
    "price": {
      "basicPrice": 9.7,
      "recommendedQuantity": "1.0",
      "quantityPrice": 7.49,
      "quantityPriceQuantity": "2.0",
      "measurementUnitPrice": 0.27,
      "measurementUnitQuantityPrice": 0.209,
      "measurementUnit": "S",
      "isRedPrice": false,
      "pricePerUOM": 0.27,
      "activationDate": "23-03-2024",
      "recordSource": "Offline",
      "isPromoActive": "N",
      "priceChangeCode": "E",
      "quantityPricePerUOM": 0.209,
      "quantityActivationDate": "23-03-2024",
      "quantityPriceChangeCode": "E"
    },
    "isAvailable": true,
    "isPriceAvailable": true,
    "inPromo": false,
    "gtin": [
      "35400141434720",
      "08006540822722",
      "08006540822739"
    ],
    "topCategoryName": "Lichaamsverzorging/Parfumerie",
    "topCategoryId": "591",
    "businessDomain": "RETAIL_BE",
    "IsPrivateLabel": false,
    "IsBiffe": false,
    "WeightconversionFactor": "0",
    "IsWeightArticle": false,
    "IsBio": false,
    "CountryOfOrigin": "DUITSLAND",
    "IsExclusivelySoldInLuxembourg": false,
    "OrderUnit": "P",
    "ShortName": "ALWA.MVB UL.SEC.NIGHT36",
    "IsNew": false,
    "RecentQuanityOfStockUnits": "2,1",
    "LongName": "ALWAYS ULTRA mvb secure night 36st",
    "FicCode": "N"
  },
  {
    "productId": "662528",
    "technicalArticleNumber": "4369212",
    "commercialArticleNumber": "2425",
    "name": "shamp.mic.pure fresh/keratin",
    "description": "*Shampoo 440ml\n*Assorti:\n-Pure Fresh: Normaal\n-Pure Keratine: Normaal\ntot dik haar",
    "brand": "SYOSS",
    "seoBrand": "Syoss",
    "thumbNail": "https://static.colruytgroup.com/images/200x200/std.lang.all/05/60/asset-2400560.jpg",
    "fullImage": "https://static.colruytgroup.com/images/500x500/std.lang.all/05/60/asset-2400560.jpg",
    "squareImage": "https://static.colruytgroup.com/images/500x500sq/std.lang.all/05/60/asset-2400560.jpg",
    "content": "440ml",
    "walkRouteSequenceNumber": 15039,
    "price": {
      "basicPrice": 4.99,
      "recommendedQuantity": "1.0",
      "measurementUnitPrice": 11.35,
      "measurementUnit": "L",
      "isRedPrice": false,
      "pricePerUOM": 11.35,
      "activationDate": "26-02-2024",
      "recordSource": "Offline",
      "isPromoActive": "N",
      "priceChangeCode": "H"
    },
    "isAvailable": true,
    "isPriceAvailable": true,
    "inPromo": false,
    "gtin": [
      "45400141283592",
      "05412530901514",
      "05412530901415",
      "05410091755294",
      "05410091755195"
    ],
    "topCategoryName": "Lichaamsverzorging/Parfumerie",
    "topCategoryId": "591",
    "businessDomain": "RETAIL_BE",
    "IsPrivateLabel": false,
    "IsBiffe": false,
    "WeightconversionFactor": "0",
    "IsWeightArticle": false,
    "IsBio": false,
    "CountryOfOrigin": "DUITSLAND",
    "IsExclusivelySoldInLuxembourg": false,
    "OrderUnit": "P",
    "ShortName": "SYOS SH.MIC.P.FR/KER440",
    "IsNew": false,
    "RecentQuanityOfStockUnits": "1,1",
    "LongName": "SYOSS shamp.mic.pure fresh/keratin 440ml",
    "FicCode": "N"
  },
  {
    "productId": "851676",
    "technicalArticleNumber": "4699815",
    "commercialArticleNumber": "30986",
    "name": "dch g.am/van.",
    "description": "*Douchegel\n*Assortiment:\n-Amandel\n-Vanille",
    "brand": "LE PETIT MARS.",
    "seoBrand": "Le Petit Marseillais",
    "thumbNail": "https://static.colruytgroup.com/images/200x200/std.lang.all/39/34/asset-3153934.jpg",
    "fullImage": "https://static.colruytgroup.com/images/500x500/std.lang.all/39/34/asset-3153934.jpg",
    "squareImage": "https://static.colruytgroup.com/images/500x500sq/std.lang.all/39/34/asset-3153934.jpg",
    "content": "400ml",
    "walkRouteSequenceNumber": 14622,
    "price": {
      "basicPrice": 5.36,
      "recommendedQuantity": "1.0",
      "measurementUnitPrice": 13.4,
      "measurementUnit": "L",
      "isRedPrice": false,
      "pricePerUOM": 13.4,
      "activationDate": "23-03-2024",
      "recordSource": "Offline",
      "isPromoActive": "N",
      "priceChangeCode": "H"
    },
    "isAvailable": true,
    "isPriceAvailable": true,
    "inPromo": false,
    "gtin": [
      "03574661731872",
      "03574661731896",
      "03574661711317",
      "03574661718255",
      "03574661711393",
      "03574661718231"
    ],
    "topCategoryName": "Lichaamsverzorging/Parfumerie",
    "topCategoryId": "591",
    "businessDomain": "RETAIL_BE",
    "IsPrivateLabel": false,
    "IsBiffe": false,
    "WeightconversionFactor": "0",
    "IsWeightArticle": false,
    "IsBio": false,
    "CountryOfOrigin": "ITALIË",
    "IsExclusivelySoldInLuxembourg": false,
    "OrderUnit": "P",
    "ShortName": "LPM DCH AMAND/VANIL400",
    "IsNew": false,
    "RecentQuanityOfStockUnits": "1,1,2,2",
    "LongName": "LE PETIT MARS. dch g.am/van. 400ml",
    "FicCode": "N"
  },
  {
    "productId": "874289",
    "technicalArticleNumber": "4729281",
    "commercialArticleNumber": "32095",
    "name": "shampoo hydra hyaluronic",
    "description": "*Hydraterende Shampoo\n*300 ml\n*Geeft haar volume en\nlangdurige hydratatie.\n*Voor verzwakt,futloos haar.",
    "brand": "ELSEVE",
    "seoBrand": "Elseve",
    "thumbNail": "https://static.colruytgroup.com/images/200x200/std.lang.all/37/24/asset-3243724.jpg",
    "fullImage": "https://static.colruytgroup.com/images/500x500/std.lang.all/37/24/asset-3243724.jpg",
    "squareImage": "https://static.colruytgroup.com/images/500x500sq/std.lang.all/37/24/asset-3243724.jpg",
    "content": "300ml",
    "walkRouteSequenceNumber": 15084,
    "price": {
      "basicPrice": 3.92,
      "recommendedQuantity": "1.0",
      "measurementUnitPrice": 13.07,
      "measurementUnit": "L",
      "isRedPrice": false,
      "pricePerUOM": 13.07,
      "activationDate": "23-03-2024",
      "recordSource": "Folder",
      "isPromoActive": "N",
      "priceChangeCode": "E"
    },
    "isAvailable": true,
    "isPriceAvailable": true,
    "inPromo": true,
    "promotion": [
      {
        "techPromoId": "100894COLR",
        "promotionId": "100894",
        "promotionType": "4",
        "isPersonalized": "N",
        "publicationStartDate": "13-03-2024",
        "publicationEndDate": "26-03-2024"
      }
    ],
    "gtin": [
      "05410103192482",
      "03600524091651",
      "05410103175157",
      "03600524097691"
    ],
    "topCategoryName": "Lichaamsverzorging/Parfumerie",
    "topCategoryId": "591",
    "businessDomain": "RETAIL_BE",
    "IsPrivateLabel": false,
    "IsBiffe": false,
    "WeightconversionFactor": "0",
    "IsWeightArticle": false,
    "IsBio": false,
    "CountryOfOrigin": "FRANKRIJK",
    "IsExclusivelySoldInLuxembourg": false,
    "OrderUnit": "P",
    "ShortName": "ELSE SH HYALU 300ML",
    "IsNew": false,
    "RecentQuanityOfStockUnits": "2,2,1",
    "LongName": "ELSEVE shampoo hydra hyaluronic 300ml",
    "FicCode": "N"
  },
  {
    "productId": "522483",
    "technicalArticleNumber": "4107771",
    "commercialArticleNumber": "8644",
    "name": "stick zero deodorant sensit.",
    "description": "*24u bescherming\n*Sensitive\n*0% aluminium\n*0% alcohol",
    "brand": "SANEX",
    "seoBrand": "Sanex",
    "thumbNail": "https://static.colruytgroup.com/images/200x200/std.lang.all/26/73/asset-1852673.jpg",
    "fullImage": "https://static.colruytgroup.com/images/500x500/std.lang.all/26/73/asset-1852673.jpg",
    "squareImage": "https://static.colruytgroup.com/images/500x500sq/std.lang.all/26/73/asset-1852673.jpg",
    "content": "65ml",
    "walkRouteSequenceNumber": 14675,
    "price": {
      "basicPrice": 4.29,
      "recommendedQuantity": "1.0",
      "measurementUnitPrice": 66,
      "measurementUnit": "L",
      "isRedPrice": false,
      "pricePerUOM": 66,
      "activationDate": "11-03-2024",
      "recordSource": "Offline",
      "isPromoActive": "N",
      "priceChangeCode": "H"
    },
    "isAvailable": true,
    "isPriceAvailable": true,
    "inPromo": false,
    "gtin": [
      "08718951281158",
      "08718951254183",
      "08718951254176"
    ],
    "topCategoryName": "Lichaamsverzorging/Parfumerie",
    "topCategoryId": "591",
    "businessDomain": "RETAIL_BE",
    "IsPrivateLabel": false,
    "IsBiffe": false,
    "WeightconversionFactor": "0",
    "IsWeightArticle": false,
    "IsBio": false,
    "CountryOfOrigin": "VERENIGD KONINKRIJK",
    "IsExclusivelySoldInLuxembourg": false,
    "OrderUnit": "P",
    "ShortName": "SANE.ST.ZERO SENS 65ML",
    "IsNew": false,
    "RecentQuanityOfStockUnits": "1",
    "LongName": "SANEX stick zero deodorant sensit. 65ml",
    "FicCode": "N"
  },
  {
    "productId": "896085",
    "technicalArticleNumber": "4755989",
    "commercialArticleNumber": "11489",
    "name": "5 Way clean medium",
    "brand": "ORAL-B",
    "seoBrand": "Oral-B Complete",
    "thumbNail": "https://static.colruytgroup.com/images/200x200/std.lang.all/42/71/asset-3334271.jpg",
    "fullImage": "https://static.colruytgroup.com/images/500x500/std.lang.all/42/71/asset-3334271.jpg",
    "squareImage": "https://static.colruytgroup.com/images/500x500sq/std.lang.all/42/71/asset-3334271.jpg",
    "walkRouteSequenceNumber": 14203,
    "price": {
      "basicPrice": 3.39,
      "recommendedQuantity": "1.0",
      "measurementUnitPrice": 3.39,
      "measurementUnit": "S",
      "isRedPrice": false,
      "pricePerUOM": 3.39,
      "activationDate": "15-03-2024",
      "recordSource": "Offline",
      "isPromoActive": "N",
      "priceChangeCode": "L"
    },
    "isAvailable": true,
    "isPriceAvailable": true,
    "inPromo": false,
    "gtin": [
      "15400141617310",
      "08700216106245",
      "08700216106269",
      "08700216106276"
    ],
    "topCategoryName": "Lichaamsverzorging/Parfumerie",
    "topCategoryId": "591",
    "businessDomain": "RETAIL_BE",
    "IsPrivateLabel": false,
    "IsBiffe": false,
    "WeightconversionFactor": "0",
    "IsWeightArticle": false,
    "IsBio": false,
    "CountryOfOrigin": "IERLAND",
    "IsExclusivelySoldInLuxembourg": false,
    "OrderUnit": "P",
    "ShortName": "ORAL TB COMPL.5 WAY CLE",
    "IsNew": false,
    "RecentQuanityOfStockUnits": "2,1",
    "LongName": "ORAL-B 5 Way clean medium",
    "AlcoholVolume": "0",
    "FicCode": "N"
  },
  {
    "productId": "247336",
    "technicalArticleNumber": "3623643",
    "commercialArticleNumber": "18981",
    "name": "shampoo antiroos//komkom.",
    "description": "* Shampoo\n* 2 geuren:\n- anti roos\n- komkommer\n* 250 ml",
    "brand": "FRUCTIS",
    "seoBrand": "Fructis",
    "thumbNail": "https://static.colruytgroup.com/images/200x200/std.lang.all/38/37/asset-1703837.jpg",
    "fullImage": "https://static.colruytgroup.com/images/500x500/std.lang.all/38/37/asset-1703837.jpg",
    "squareImage": "https://static.colruytgroup.com/images/500x500sq/std.lang.all/38/37/asset-1703837.jpg",
    "content": "250ml",
    "walkRouteSequenceNumber": 15103,
    "price": {
      "basicPrice": 3.29,
      "recommendedQuantity": "1.0",
      "measurementUnitPrice": 13.16,
      "measurementUnit": "L",
      "isRedPrice": false,
      "pricePerUOM": 13.16,
      "activationDate": "19-03-2024",
      "recordSource": "Offline",
      "isPromoActive": "N",
      "priceChangeCode": "E"
    },
    "isAvailable": true,
    "isPriceAvailable": true,
    "inPromo": false,
    "gtin": [
      "05400141463538",
      "05410103797472",
      "05410103797465",
      "03600541971226",
      "03600541970380",
      "05400141463996",
      "03600541980600",
      "03600541980594",
      "03600541971974",
      "03600541970700",
      "75410103824276"
    ],
    "topCategoryName": "Lichaamsverzorging/Parfumerie",
    "topCategoryId": "591",
    "businessDomain": "RETAIL_BE",
    "IsPrivateLabel": false,
    "IsBiffe": false,
    "WeightconversionFactor": "0",
    "IsWeightArticle": false,
    "IsBio": false,
    "CountryOfOrigin": "BELGIË",
    "IsExclusivelySoldInLuxembourg": false,
    "OrderUnit": "P",
    "ShortName": "FRUC.SH.NORM/CUCUMB.250",
    "IsNew": false,
    "RecentQuanityOfStockUnits": "2,1,1,2",
    "LongName": "FRUCTIS shampoo antiroos//komkom. 250ml",
    "AlcoholVolume": "0",
    "FicCode": "N"
  },
  {
    "productId": "10549",
    "technicalArticleNumber": "1395263",
    "commercialArticleNumber": "25498",
    "name": "gel Bed/Rmx",
    "description": "*Gel\n*150 ml\n*2 parfums:\n-Out Of Bed\n-Remix",
    "brand": "STUDIO LINE",
    "seoBrand": "L'Oréal",
    "thumbNail": "https://static.colruytgroup.com/images/200x200/std.lang.all/69/24/asset-576924.jpg",
    "fullImage": "https://static.colruytgroup.com/images/500x500/std.lang.all/69/24/asset-576924.jpg",
    "squareImage": "https://static.colruytgroup.com/images/500x500sq/std.lang.all/69/24/asset-576924.jpg",
    "content": "150ml",
    "walkRouteSequenceNumber": 15294,
    "price": {
      "basicPrice": 4.49,
      "recommendedQuantity": "1.0",
      "measurementUnitPrice": 29.94,
      "measurementUnit": "L",
      "isRedPrice": false,
      "pricePerUOM": 29.94,
      "activationDate": "11-03-2024",
      "recordSource": "Offline",
      "isPromoActive": "N",
      "priceChangeCode": "E"
    },
    "isAvailable": true,
    "isPriceAvailable": true,
    "inPromo": false,
    "gtin": [
      "03600522471271",
      "05410103033365",
      "05410103053547",
      "55410103136559",
      "03600522471264",
      "75410103785690",
      "03600522471158",
      "03600522471165",
      "55410103190186"
    ],
    "topCategoryName": "Lichaamsverzorging/Parfumerie",
    "topCategoryId": "591",
    "businessDomain": "RETAIL_BE",
    "IsPrivateLabel": false,
    "IsBiffe": false,
    "WeightconversionFactor": "0",
    "IsWeightArticle": false,
    "IsBio": false,
    "CountryOfOrigin": "BELGIË",
    "IsExclusivelySoldInLuxembourg": false,
    "OrderUnit": "P",
    "ShortName": "STUD.OUT BED/REMIX 150",
    "IsNew": false,
    "RecentQuanityOfStockUnits": "1,1",
    "LongName": "STUDIO LINE gel Bed/Rmx 150ml",
    "AlcoholVolume": "0",
    "FicCode": "N"
  },
  {
    "productId": "865763",
    "technicalArticleNumber": "4717984",
    "commercialArticleNumber": "4965",
    "name": "douche Dermo Sensitive",
    "description": "*Douchecrème 400ML\n*Dermo Sensitive:\n-gevoelige huid\n0% Sulfaten",
    "brand": "SANEX",
    "seoBrand": "Sanex",
    "thumbNail": "https://static.colruytgroup.com/images/200x200/std.lang.all/56/60/asset-3275660.jpg",
    "fullImage": "https://static.colruytgroup.com/images/500x500/std.lang.all/56/60/asset-3275660.jpg",
    "squareImage": "https://static.colruytgroup.com/images/500x500sq/std.lang.all/56/60/asset-3275660.jpg",
    "content": "400ml",
    "walkRouteSequenceNumber": 14705,
    "price": {
      "basicPrice": 5.39,
      "recommendedQuantity": "1.0",
      "measurementUnitPrice": 13.48,
      "measurementUnit": "L",
      "isRedPrice": false,
      "pricePerUOM": 13.48,
      "activationDate": "23-03-2024",
      "recordSource": "Offline",
      "isPromoActive": "N",
      "priceChangeCode": "E"
    },
    "isAvailable": true,
    "isPriceAvailable": true,
    "inPromo": false,
    "gtin": [
      "08718951601970",
      "08718951602076",
      "08718951601987"
    ],
    "topCategoryName": "Lichaamsverzorging/Parfumerie",
    "topCategoryId": "591",
    "businessDomain": "RETAIL_BE",
    "IsPrivateLabel": false,
    "IsBiffe": false,
    "WeightconversionFactor": "0",
    "IsWeightArticle": false,
    "IsBio": false,
    "CountryOfOrigin": "ITALIË",
    "IsExclusivelySoldInLuxembourg": false,
    "OrderUnit": "P",
    "ShortName": "SANE DCH DERMO SENS.400",
    "IsNew": false,
    "RecentQuanityOfStockUnits": "2,1",
    "LongName": "SANEX douche Dermo Sensitive 400ml",
    "FicCode": "N"
  },
  {
    "productId": "593815",
    "technicalArticleNumber": "4254024",
    "commercialArticleNumber": "21477",
    "name": "maandverband Platinum Long +",
    "brand": "ALWAYS",
    "seoBrand": "Always",
    "thumbNail": "https://static.colruytgroup.com/images/200x200/std.lang.all/20/62/asset-2112062.jpg",
    "fullImage": "https://static.colruytgroup.com/images/500x500/std.lang.all/20/62/asset-2112062.jpg",
    "squareImage": "https://static.colruytgroup.com/images/500x500sq/std.lang.all/20/62/asset-2112062.jpg",
    "content": "24st",
    "walkRouteSequenceNumber": 14590,
    "price": {
      "basicPrice": 6.66,
      "recommendedQuantity": "2.0",
      "measurementUnitPrice": 0.278,
      "measurementUnit": "S",
      "isRedPrice": false,
      "pricePerUOM": 0.278,
      "activationDate": "13-03-2024",
      "recordSource": "Offline",
      "isPromoActive": "N",
      "priceChangeCode": "E"
    },
    "isAvailable": true,
    "isPriceAvailable": true,
    "inPromo": true,
    "promotion": [
      {
        "techPromoId": "100869COLR",
        "promotionId": "100869",
        "promotionType": "4",
        "isPersonalized": "N",
        "publicationStartDate": "13-03-2024",
        "publicationEndDate": "26-03-2024"
      }
    ],
    "gtin": [
      "25400141387982",
      "08001841703343",
      "08001841703336"
    ],
    "topCategoryName": "Lichaamsverzorging/Parfumerie",
    "topCategoryId": "591",
    "businessDomain": "RETAIL_BE",
    "IsPrivateLabel": false,
    "IsBiffe": false,
    "WeightconversionFactor": "0",
    "IsWeightArticle": false,
    "IsBio": false,
    "CountryOfOrigin": "DUITSLAND",
    "IsExclusivelySoldInLuxembourg": false,
    "OrderUnit": "P",
    "ShortName": "ALWA MVB PL.LONG+ 24ST",
    "IsNew": false,
    "RecentQuanityOfStockUnits": "2,1",
    "LongName": "ALWAYS maandverband Platinum Long + 24st",
    "FicCode": "N"
  },
  {
    "productId": "161531",
    "technicalArticleNumber": "3278208",
    "commercialArticleNumber": "3970",
    "name": "mousse volume/krullen",
    "description": "*Haarmousse\n*250 ml\n*Assortiment: curl\ncontrol en volume",
    "brand": "SYOSS",
    "seoBrand": "Syoss",
    "thumbNail": "https://static.colruytgroup.com/images/200x200/std.lang.all/07/65/asset-1180765.jpg",
    "fullImage": "https://static.colruytgroup.com/images/500x500/std.lang.all/07/65/asset-1180765.jpg",
    "squareImage": "https://static.colruytgroup.com/images/500x500sq/std.lang.all/07/65/asset-1180765.jpg",
    "content": "250ml",
    "walkRouteSequenceNumber": 15313,
    "price": {
      "basicPrice": 6.29,
      "recommendedQuantity": "1.0",
      "measurementUnitPrice": 25.16,
      "measurementUnit": "L",
      "isRedPrice": false,
      "pricePerUOM": 25.16,
      "activationDate": "11-03-2024",
      "recordSource": "Offline",
      "isPromoActive": "N",
      "priceChangeCode": "E"
    },
    "isAvailable": true,
    "isPriceAvailable": true,
    "inPromo": false,
    "gtin": [
      "05412530859730",
      "15400141893868",
      "05412530859716",
      "05410091678043",
      "05410091728236",
      "05410091732912",
      "05410091732936"
    ],
    "topCategoryName": "Lichaamsverzorging/Parfumerie",
    "topCategoryId": "591",
    "businessDomain": "RETAIL_BE",
    "IsPrivateLabel": false,
    "IsBiffe": false,
    "WeightconversionFactor": "0",
    "IsWeightArticle": false,
    "IsBio": false,
    "CountryOfOrigin": "DUITSLAND",
    "IsExclusivelySoldInLuxembourg": false,
    "OrderUnit": "P",
    "ShortName": "SYOSS MOUS.VOL/CURL 250",
    "IsNew": false,
    "RecentQuanityOfStockUnits": "1,1",
    "LongName": "SYOSS mousse volume/krullen 250ml",
    "AlcoholVolume": "0",
    "FicCode": "N"
  },
  {
    "productId": "820099",
    "technicalArticleNumber": "4652819",
    "commercialArticleNumber": "9777",
    "name": "cond. cranb./coco",
    "brand": "ULTRA DOUX",
    "seoBrand": "Ultra Doux",
    "thumbNail": "https://static.colruytgroup.com/images/200x200/std.lang.all/07/38/asset-2960738.jpg",
    "fullImage": "https://static.colruytgroup.com/images/500x500/std.lang.all/07/38/asset-2960738.jpg",
    "squareImage": "https://static.colruytgroup.com/images/500x500sq/std.lang.all/07/38/asset-2960738.jpg",
    "content": "200ml",
    "walkRouteSequenceNumber": 15341,
    "price": {
      "basicPrice": 3.39,
      "recommendedQuantity": "1.0",
      "quantityPrice": 2.33,
      "quantityPriceQuantity": "3.0",
      "measurementUnitPrice": 16.95,
      "measurementUnitQuantityPrice": 11.65,
      "measurementUnit": "L",
      "isRedPrice": false,
      "pricePerUOM": 16.95,
      "activationDate": "19-03-2024",
      "recordSource": "Offline",
      "isPromoActive": "N",
      "priceChangeCode": "E",
      "quantityPricePerUOM": 11.65,
      "quantityActivationDate": "19-03-2024",
      "quantityPriceChangeCode": "H"
    },
    "isAvailable": true,
    "isPriceAvailable": true,
    "inPromo": false,
    "gtin": [
      "05410103135724",
      "03600542462334",
      "05410103135687",
      "03600542460934"
    ],
    "topCategoryName": "Lichaamsverzorging/Parfumerie",
    "topCategoryId": "591",
    "businessDomain": "RETAIL_BE",
    "IsPrivateLabel": false,
    "IsBiffe": false,
    "WeightconversionFactor": "0",
    "IsWeightArticle": false,
    "IsBio": false,
    "CountryOfOrigin": "POLEN",
    "IsExclusivelySoldInLuxembourg": false,
    "OrderUnit": "P",
    "ShortName": "ULTD CD CRAN/COCO200",
    "IsNew": false,
    "RecentQuanityOfStockUnits": "1,2,1,2",
    "LongName": "ULTRA DOUX cond. cranb./coco 200ml",
    "FicCode": "N"
  },
  {
    "productId": "874288",
    "technicalArticleNumber": "4729279",
    "commercialArticleNumber": "32094",
    "name": "Multivitamines",
    "brand": "ELSEVE",
    "seoBrand": "L'Oréal Paris Elseve",
    "thumbNail": "https://static.colruytgroup.com/images/200x200/std.lang.all/37/23/asset-3243723.jpg",
    "fullImage": "https://static.colruytgroup.com/images/500x500/std.lang.all/37/23/asset-3243723.jpg",
    "squareImage": "https://static.colruytgroup.com/images/500x500sq/std.lang.all/37/23/asset-3243723.jpg",
    "content": "300ml",
    "walkRouteSequenceNumber": 15101,
    "price": {
      "basicPrice": 3.92,
      "recommendedQuantity": "1.0",
      "measurementUnitPrice": 13.07,
      "measurementUnit": "L",
      "isRedPrice": false,
      "pricePerUOM": 13.07,
      "activationDate": "23-03-2024",
      "recordSource": "Folder",
      "isPromoActive": "N",
      "priceChangeCode": "E"
    },
    "isAvailable": true,
    "isPriceAvailable": true,
    "inPromo": true,
    "promotion": [
      {
        "techPromoId": "100894COLR",
        "promotionId": "100894",
        "promotionType": "4",
        "isPersonalized": "N",
        "publicationStartDate": "13-03-2024",
        "publicationEndDate": "26-03-2024"
      }
    ],
    "gtin": [
      "05410103175935",
      "03600524091729"
    ],
    "topCategoryName": "Lichaamsverzorging/Parfumerie",
    "topCategoryId": "591",
    "businessDomain": "RETAIL_BE",
    "IsPrivateLabel": false,
    "IsBiffe": false,
    "WeightconversionFactor": "0",
    "IsWeightArticle": false,
    "IsBio": false,
    "CountryOfOrigin": "FRANKRIJK",
    "IsExclusivelySoldInLuxembourg": false,
    "OrderUnit": "P",
    "ShortName": "ELSE SH VITAMAX2IN1 300",
    "IsNew": false,
    "RecentQuanityOfStockUnits": "2,1",
    "LongName": "ELSEVE Multivitamines 300ml",
    "AlcoholVolume": "0",
    "FicCode": "N"
  },
  {
    "productId": "107607",
    "technicalArticleNumber": "3099545",
    "commercialArticleNumber": "282426",
    "name": "micellair reinigingswater",
    "description": "*Micellair water\n*400 ml\n*Geen parabenen",
    "brand": "GARNIER",
    "seoBrand": "Garnier",
    "thumbNail": "https://static.colruytgroup.com/images/200x200/std.lang.all/12/89/asset-841289.jpg",
    "fullImage": "https://static.colruytgroup.com/images/500x500/std.lang.all/12/89/asset-841289.jpg",
    "squareImage": "https://static.colruytgroup.com/images/500x500sq/std.lang.all/12/89/asset-841289.jpg",
    "content": "400ml",
    "walkRouteSequenceNumber": 14769,
    "price": {
      "basicPrice": 6.49,
      "recommendedQuantity": "1.0",
      "measurementUnitPrice": 16.23,
      "measurementUnit": "L",
      "isRedPrice": false,
      "pricePerUOM": 16.23,
      "activationDate": "19-03-2024",
      "recordSource": "Offline",
      "isPromoActive": "N",
      "priceChangeCode": "H"
    },
    "isAvailable": true,
    "isPriceAvailable": true,
    "inPromo": false,
    "gtin": [
      "03600541361348",
      "03600542259798",
      "03600541361850"
    ],
    "topCategoryName": "Lichaamsverzorging/Parfumerie",
    "topCategoryId": "591",
    "businessDomain": "NON_FOOD",
    "IsPrivateLabel": false,
    "IsBiffe": false,
    "IsWeightArticle": false,
    "RecentQuanityOfStockUnits": "1",
    "LongName": "GARNIER micellair reinigingswater 400ml",
    "IsBio": false,
    "CountryOfOrigin": "BELGIË",
    "FicCode": "N",
    "OrderUnit": "P",
    "ShortName": "GAR.SKIN NAT.EAU MICELL",
    "IsNew": false
  },
  {
    "productId": "777003",
    "technicalArticleNumber": "4569163",
    "commercialArticleNumber": "14776",
    "name": "shampoo volume/klassiek",
    "description": "*Shampoo\n*225 ml\n*Assortiment:\n-Volume: voor fijn haar\n-Klassiek",
    "brand": "PANTENE",
    "seoBrand": "Pantene",
    "thumbNail": "https://static.colruytgroup.com/images/200x200/std.lang.all/98/14/asset-2759814.jpg",
    "fullImage": "https://static.colruytgroup.com/images/500x500/std.lang.all/98/14/asset-2759814.jpg",
    "squareImage": "https://static.colruytgroup.com/images/500x500sq/std.lang.all/98/14/asset-2759814.jpg",
    "content": "225ml",
    "walkRouteSequenceNumber": 14801,
    "price": {
      "basicPrice": 2.95,
      "recommendedQuantity": "1.0",
      "quantityPrice": 2.59,
      "quantityPriceQuantity": "3.0",
      "measurementUnitPrice": 13.12,
      "measurementUnitQuantityPrice": 11.52,
      "measurementUnit": "L",
      "isRedPrice": false,
      "pricePerUOM": 13.12,
      "activationDate": "23-03-2024",
      "recordSource": "Offline",
      "isPromoActive": "N",
      "priceChangeCode": "E",
      "quantityPricePerUOM": 11.52,
      "quantityActivationDate": "23-03-2024",
      "quantityPriceChangeCode": "E"
    },
    "isAvailable": true,
    "isPriceAvailable": true,
    "inPromo": false,
    "gtin": [
      "08006540475850",
      "08006540638866",
      "08006540476338",
      "08006540638835",
      "08006540638842",
      "08006540638873"
    ],
    "topCategoryName": "Lichaamsverzorging/Parfumerie",
    "topCategoryId": "591",
    "businessDomain": "RETAIL_BE",
    "IsPrivateLabel": false,
    "IsBiffe": false,
    "WeightconversionFactor": "0",
    "IsWeightArticle": false,
    "IsBio": false,
    "CountryOfOrigin": "FRANKRIJK",
    "IsExclusivelySoldInLuxembourg": false,
    "OrderUnit": "P",
    "ShortName": "PANT SHAMP.VOL/KLAS 225",
    "IsNew": false,
    "RecentQuanityOfStockUnits": "3,3,1,1",
    "LongName": "PANTENE shampoo volume/klassiek 225ml",
    "FicCode": "N"
  },
  {
    "productId": "552522",
    "technicalArticleNumber": "4184597",
    "commercialArticleNumber": "13169",
    "name": "navulling pure/ant.bact.",
    "description": "*Navulling 500ml\n*Assortiment:\n-Douceur Pure\n-Antibacterieël\n*Vegan formule",
    "brand": "LE CHAT",
    "seoBrand": "Le Chat",
    "thumbNail": "https://static.colruytgroup.com/images/200x200/std.lang.all/52/02/asset-2635202.jpg",
    "fullImage": "https://static.colruytgroup.com/images/500x500/std.lang.all/52/02/asset-2635202.jpg",
    "squareImage": "https://static.colruytgroup.com/images/500x500sq/std.lang.all/52/02/asset-2635202.jpg",
    "content": "500ml",
    "walkRouteSequenceNumber": 18677,
    "price": {
      "basicPrice": 5.55,
      "recommendedQuantity": "1.0",
      "measurementUnitPrice": 11.1,
      "measurementUnit": "L",
      "isRedPrice": false,
      "pricePerUOM": 11.1,
      "activationDate": "02-03-2024",
      "recordSource": "Offline",
      "isPromoActive": "N",
      "priceChangeCode": "H"
    },
    "isAvailable": true,
    "isPriceAvailable": true,
    "inPromo": false,
    "gtin": [
      "03178041282307",
      "03178041283311",
      "03178041282529",
      "03178041340595",
      "03178041340472",
      "03178041340533"
    ],
    "topCategoryName": "Lichaamsverzorging/Parfumerie",
    "topCategoryId": "591",
    "businessDomain": "RETAIL_BE",
    "IsPrivateLabel": false,
    "IsBiffe": false,
    "WeightconversionFactor": "0",
    "IsWeightArticle": false,
    "IsBio": false,
    "CountryOfOrigin": "DUITSLAND",
    "IsExclusivelySoldInLuxembourg": false,
    "OrderUnit": "P",
    "ShortName": "LECH NAV.PURE/A-BAC500",
    "IsNew": false,
    "RecentQuanityOfStockUnits": "1,1",
    "LongName": "LE CHAT navulling pure/ant.bact. 500ml",
    "FicCode": "N"
  },
  {
    "productId": "886625",
    "technicalArticleNumber": "4745890",
    "commercialArticleNumber": "32679",
    "name": "Ultra Normal Plus",
    "description": "*Maandverband 56 ST\n*Ultra normal\n*Met vleugels",
    "brand": "ALWAYS ULTRA",
    "seoBrand": "Always Ultra",
    "thumbNail": "https://static.colruytgroup.com/images/200x200/std.lang.all/05/56/asset-3290556.jpg",
    "fullImage": "https://static.colruytgroup.com/images/500x500/std.lang.all/05/56/asset-3290556.jpg",
    "squareImage": "https://static.colruytgroup.com/images/500x500sq/std.lang.all/05/56/asset-3290556.jpg",
    "content": "56st",
    "walkRouteSequenceNumber": 14557,
    "price": {
      "basicPrice": 9.98,
      "recommendedQuantity": "1.0",
      "measurementUnitPrice": 0.179,
      "measurementUnit": "S",
      "isRedPrice": false,
      "pricePerUOM": 0.179,
      "activationDate": "23-03-2024",
      "recordSource": "Offline",
      "isPromoActive": "N",
      "priceChangeCode": "H"
    },
    "isAvailable": true,
    "isPriceAvailable": true,
    "inPromo": false,
    "gtin": [
      "08006540822319",
      "65400141874732",
      "08006540822302"
    ],
    "topCategoryName": "Lichaamsverzorging/Parfumerie",
    "topCategoryId": "591",
    "businessDomain": "RETAIL_BE",
    "IsPrivateLabel": false,
    "IsBiffe": false,
    "WeightconversionFactor": "0",
    "IsWeightArticle": false,
    "IsBio": false,
    "CountryOfOrigin": "DUITSLAND",
    "IsExclusivelySoldInLuxembourg": false,
    "OrderUnit": "P",
    "ShortName": "ALWA.MVB ULTRA NORM.56",
    "IsNew": false,
    "RecentQuanityOfStockUnits": "1,2",
    "LongName": "ALWAYS ULTRA Ultra Normal Plus 56st",
    "FicCode": "N"
  },
  {
    "productId": "113193",
    "technicalArticleNumber": "2998705",
    "commercialArticleNumber": "7231",
    "name": "handzeep mousse kersenb/van",
    "description": "*2 parfums:\n-Orchidee/vanille\n-Kersenbloesem/roos",
    "brand": "DETTOL",
    "seoBrand": "Dettol",
    "thumbNail": "https://static.colruytgroup.com/images/200x200/std.lang.all/54/54/asset-3215454.jpg",
    "fullImage": "https://static.colruytgroup.com/images/500x500/std.lang.all/54/54/asset-3215454.jpg",
    "squareImage": "https://static.colruytgroup.com/images/500x500sq/std.lang.all/54/54/asset-3215454.jpg",
    "content": "250ml",
    "walkRouteSequenceNumber": 15071,
    "price": {
      "basicPrice": 4.25,
      "recommendedQuantity": "1.0",
      "measurementUnitPrice": 17,
      "measurementUnit": "L",
      "isRedPrice": false,
      "pricePerUOM": 17,
      "activationDate": "13-03-2024",
      "recordSource": "Offline",
      "isPromoActive": "N",
      "priceChangeCode": "H"
    },
    "isAvailable": true,
    "isPriceAvailable": true,
    "inPromo": false,
    "gtin": [
      "08710552307824",
      "08710552307831",
      "15410036106669",
      "15410036106676",
      "05410036501351",
      "15410036501563",
      "05400141124903",
      "23059948006750",
      "03059948006817",
      "03059948006756",
      "23059948006811"
    ],
    "topCategoryName": "Lichaamsverzorging/Parfumerie",
    "topCategoryId": "591",
    "businessDomain": "RETAIL_BE",
    "IsPrivateLabel": false,
    "IsBiffe": false,
    "WeightconversionFactor": "0",
    "IsWeightArticle": false,
    "IsBio": false,
    "CountryOfOrigin": "BELGIË",
    "IsExclusivelySoldInLuxembourg": false,
    "OrderUnit": "P",
    "ShortName": "DETT.ASS.ZEEPSCHUIM 250",
    "InSeason": true,
    "IsNew": false,
    "RecentQuanityOfStockUnits": "1,1",
    "LongName": "DETTOL handzeep mousse kersenb/van 250ml",
    "AlcoholVolume": "0",
    "StartSeasonDate": "12/06/2023",
    "FicCode": "N"
  },
  {
    "productId": "864367",
    "technicalArticleNumber": "4716174",
    "commercialArticleNumber": "31993",
    "name": "classic",
    "description": "*Badschuim\n*Klassiek\n*pH-neutraal",
    "brand": "SUNLIGHT",
    "seoBrand": "Sunlight",
    "thumbNail": "https://static.colruytgroup.com/images/200x200/std.lang.all/70/84/asset-3217084.jpg",
    "fullImage": "https://static.colruytgroup.com/images/500x500/std.lang.all/70/84/asset-3217084.jpg",
    "squareImage": "https://static.colruytgroup.com/images/500x500sq/std.lang.all/70/84/asset-3217084.jpg",
    "content": "675ml",
    "walkRouteSequenceNumber": 14748,
    "price": {
      "basicPrice": 4.99,
      "recommendedQuantity": "1.0",
      "measurementUnitPrice": 7.4,
      "measurementUnit": "L",
      "isRedPrice": false,
      "pricePerUOM": 7.4,
      "activationDate": "29-02-2024",
      "recordSource": "Offline",
      "isPromoActive": "N",
      "priceChangeCode": "E"
    },
    "isAvailable": true,
    "isPriceAvailable": true,
    "inPromo": false,
    "gtin": [
      "08720181326745",
      "08720181325311",
      "08720181325274"
    ],
    "topCategoryName": "Lichaamsverzorging/Parfumerie",
    "topCategoryId": "591",
    "businessDomain": "RETAIL_BE",
    "IsPrivateLabel": false,
    "IsBiffe": false,
    "WeightconversionFactor": "0",
    "IsWeightArticle": false,
    "IsBio": false,
    "CountryOfOrigin": "POLEN",
    "IsExclusivelySoldInLuxembourg": false,
    "OrderUnit": "P",
    "ShortName": "SUNL BAD CLASSIC 675ML",
    "IsNew": false,
    "RecentQuanityOfStockUnits": "1",
    "LongName": "SUNLIGHT classic 675ml",
    "AlcoholVolume": "0",
    "FicCode": "N"
  },
  {
    "productId": "795224",
    "technicalArticleNumber": "4604270",
    "commercialArticleNumber": "16495",
    "name": "shampoo color/nutrigloss",
    "description": "*Shampoo\n*500 ml\n*Assorti:\n-Color Vive\n-Nutrigloss",
    "brand": "ELSEVE",
    "seoBrand": "Elseve",
    "thumbNail": "https://static.colruytgroup.com/images/200x200/std.lang.all/26/61/asset-2912661.jpg",
    "fullImage": "https://static.colruytgroup.com/images/500x500/std.lang.all/26/61/asset-2912661.jpg",
    "squareImage": "https://static.colruytgroup.com/images/500x500sq/std.lang.all/26/61/asset-2912661.jpg",
    "content": "500ml",
    "walkRouteSequenceNumber": 15092,
    "price": {
      "basicPrice": 6.49,
      "recommendedQuantity": "1.0",
      "measurementUnitPrice": 12.98,
      "measurementUnit": "L",
      "isRedPrice": false,
      "pricePerUOM": 12.98,
      "activationDate": "21-03-2024",
      "recordSource": "Offline",
      "isPromoActive": "N",
      "priceChangeCode": "L"
    },
    "isAvailable": true,
    "isPriceAvailable": true,
    "inPromo": false,
    "gtin": [
      "03600524055196",
      "05410103128030",
      "05410103127521",
      "03600524055271"
    ],
    "topCategoryName": "Lichaamsverzorging/Parfumerie",
    "topCategoryId": "591",
    "businessDomain": "RETAIL_BE",
    "IsPrivateLabel": false,
    "IsBiffe": false,
    "WeightconversionFactor": "0",
    "IsWeightArticle": false,
    "IsBio": false,
    "CountryOfOrigin": "FRANKRIJK",
    "IsExclusivelySoldInLuxembourg": false,
    "OrderUnit": "P",
    "ShortName": "ELS.SH.COL/NUTRIGL.500",
    "IsNew": false,
    "RecentQuanityOfStockUnits": "2,2,1,1",
    "LongName": "ELSEVE shampoo color/nutrigloss 500ml",
    "FicCode": "N"
  },
  {
    "productId": "609064",
    "technicalArticleNumber": "4280975",
    "commercialArticleNumber": "11700",
    "name": "conditioner repair/color",
    "description": "*Conditioner 250ml\n*Parfums:\n-Repair\n-Color",
    "brand": "BONI",
    "seoBrand": "Boni Selection",
    "thumbNail": "https://static.colruytgroup.com/images/200x200/std.lang.all/58/18/asset-2415818.jpg",
    "fullImage": "https://static.colruytgroup.com/images/500x500/std.lang.all/58/18/asset-2415818.jpg",
    "squareImage": "https://static.colruytgroup.com/images/500x500sq/std.lang.all/58/18/asset-2415818.jpg",
    "content": "250ml",
    "walkRouteSequenceNumber": 14814,
    "price": {
      "basicPrice": 1.79,
      "recommendedQuantity": "1.0",
      "measurementUnitPrice": 7.16,
      "measurementUnit": "L",
      "isRedPrice": false,
      "pricePerUOM": 7.16,
      "activationDate": "20-03-2024",
      "recordSource": "Folder",
      "isPromoActive": "N",
      "priceChangeCode": "E"
    },
    "isAvailable": true,
    "isPriceAvailable": true,
    "inPromo": false,
    "gtin": [
      "05400141413663",
      "05400141413724",
      "35400141413664"
    ],
    "topCategoryName": "Lichaamsverzorging/Parfumerie",
    "topCategoryId": "591",
    "businessDomain": "RETAIL_BE",
    "IsPrivateLabel": true,
    "IsBiffe": false,
    "WeightconversionFactor": "0",
    "IsWeightArticle": false,
    "IsBio": false,
    "CountryOfOrigin": "BELGIË",
    "IsExclusivelySoldInLuxembourg": false,
    "OrderUnit": "P",
    "ShortName": "BONI CD.REP/COLOR 250ML",
    "InSeason": true,
    "IsNew": false,
    "RecentQuanityOfStockUnits": "1,1",
    "LongName": "BONI conditioner repair/color 250ml",
    "StartSeasonDate": "17/11/2020",
    "FicCode": "N"
  },
  {
    "productId": "339388",
    "technicalArticleNumber": "3741688",
    "commercialArticleNumber": "16426",
    "name": "Discr. inco.verband Mini",
    "description": "*Verband Mini (20s)\n*Licht urineverlies\n*4 in 1 bescherming\n*Odour Control\n*Discreet comfort",
    "brand": "BONI",
    "seoBrand": "Boni Selection",
    "thumbNail": "https://static.colruytgroup.com/images/200x200/std.lang.all/92/12/asset-2859212.jpg",
    "fullImage": "https://static.colruytgroup.com/images/500x500/std.lang.all/92/12/asset-2859212.jpg",
    "squareImage": "https://static.colruytgroup.com/images/500x500sq/std.lang.all/92/12/asset-2859212.jpg",
    "content": "20st",
    "walkRouteSequenceNumber": 14242,
    "price": {
      "basicPrice": 2.09,
      "recommendedQuantity": "1.0",
      "quantityPrice": 1.56,
      "quantityPriceQuantity": "4.0",
      "measurementUnitPrice": 0.105,
      "measurementUnitQuantityPrice": 0.078,
      "measurementUnit": "S",
      "isRedPrice": false,
      "pricePerUOM": 0.105,
      "activationDate": "13-03-2024",
      "recordSource": "Offline",
      "isPromoActive": "N",
      "priceChangeCode": "E",
      "quantityPricePerUOM": 0.078,
      "quantityActivationDate": "13-03-2024",
      "quantityPriceChangeCode": "H"
    },
    "isAvailable": true,
    "isPriceAvailable": true,
    "inPromo": false,
    "gtin": [
      "05400141058451",
      "15400141058458",
      "15400141951391",
      "05400141951394"
    ],
    "topCategoryName": "Lichaamsverzorging/Parfumerie",
    "topCategoryId": "591",
    "businessDomain": "RETAIL_BE",
    "IsPrivateLabel": true,
    "IsBiffe": false,
    "WeightconversionFactor": "0",
    "IsWeightArticle": false,
    "IsBio": false,
    "CountryOfOrigin": "BELGIË",
    "IsExclusivelySoldInLuxembourg": false,
    "OrderUnit": "P",
    "ShortName": "BONI INCO VERB.MINI 20S",
    "IsNew": false,
    "RecentQuanityOfStockUnits": "1,8",
    "LongName": "BONI Discr. inco.verband Mini 20st",
    "AlcoholVolume": "0",
    "FicCode": "N"
  },
  {
    "productId": "763851",
    "technicalArticleNumber": "4544179",
    "commercialArticleNumber": "6597",
    "name": "shower fresh touch komkommer",
    "description": "*Douchegel\n*Zachte huid\n*Voedende verzorging\n*Gehydrateerde huid\n*Ultrafrisse geur",
    "brand": "DOVE",
    "seoBrand": "Dove",
    "thumbNail": "https://static.colruytgroup.com/images/200x200/std.lang.all/92/51/asset-2809251.jpg",
    "fullImage": "https://static.colruytgroup.com/images/500x500/std.lang.all/92/51/asset-2809251.jpg",
    "squareImage": "https://static.colruytgroup.com/images/500x500sq/std.lang.all/92/51/asset-2809251.jpg",
    "content": "450ml",
    "walkRouteSequenceNumber": 14710,
    "price": {
      "basicPrice": 4.21,
      "recommendedQuantity": "1.0",
      "measurementUnitPrice": 9.36,
      "measurementUnit": "L",
      "isRedPrice": false,
      "pricePerUOM": 9.36,
      "activationDate": "21-03-2024",
      "recordSource": "Folder",
      "isPromoActive": "Y",
      "priceChangeCode": "E"
    },
    "isAvailable": true,
    "isPriceAvailable": true,
    "inPromo": true,
    "promotion": [
      {
        "techPromoId": "100897COLR",
        "promotionId": "100897",
        "promotionType": "4",
        "isPersonalized": "N",
        "publicationStartDate": "13-03-2024",
        "publicationEndDate": "26-03-2024"
      }
    ],
    "gtin": [
      "85400141915880",
      "08720181360602",
      "08720181360763",
      "08720181361180",
      "08710847936555",
      "08710847936715"
    ],
    "topCategoryName": "Lichaamsverzorging/Parfumerie",
    "topCategoryId": "591",
    "businessDomain": "RETAIL_BE",
    "IsPrivateLabel": false,
    "IsBiffe": false,
    "WeightconversionFactor": "0",
    "IsWeightArticle": false,
    "IsBio": false,
    "CountryOfOrigin": "DUITSLAND",
    "IsExclusivelySoldInLuxembourg": false,
    "OrderUnit": "P",
    "ShortName": "DOVE DCH NM KOMKOM.450",
    "IsNew": false,
    "RecentQuanityOfStockUnits": "2,1,1",
    "LongName": "DOVE shower fresh touch komkommer 450ml",
    "FicCode": "N"
  },
  {
    "productId": "609094",
    "technicalArticleNumber": "4281005",
    "commercialArticleNumber": "11885",
    "name": "shampoo color/repair",
    "description": "*Color\n*Repair",
    "brand": "BONI",
    "seoBrand": "Boni Selection",
    "thumbNail": "https://static.colruytgroup.com/images/200x200/std.lang.all/59/44/asset-2415944.jpg",
    "fullImage": "https://static.colruytgroup.com/images/500x500/std.lang.all/59/44/asset-2415944.jpg",
    "squareImage": "https://static.colruytgroup.com/images/500x500sq/std.lang.all/59/44/asset-2415944.jpg",
    "content": "300ml",
    "walkRouteSequenceNumber": 14799,
    "price": {
      "basicPrice": 1.54,
      "recommendedQuantity": "1.0",
      "measurementUnitPrice": 5.14,
      "measurementUnit": "L",
      "isRedPrice": false,
      "pricePerUOM": 5.14,
      "activationDate": "05-03-2024",
      "recordSource": "Offline",
      "isPromoActive": "N",
      "priceChangeCode": "H"
    },
    "isAvailable": true,
    "isPriceAvailable": true,
    "inPromo": false,
    "gtin": [
      "35400141413770",
      "05400141413779",
      "05400141413786"
    ],
    "topCategoryName": "Lichaamsverzorging/Parfumerie",
    "topCategoryId": "591",
    "businessDomain": "RETAIL_BE",
    "IsPrivateLabel": true,
    "IsBiffe": false,
    "WeightconversionFactor": "0",
    "IsWeightArticle": false,
    "IsBio": false,
    "CountryOfOrigin": "BELGIË",
    "IsExclusivelySoldInLuxembourg": false,
    "OrderUnit": "P",
    "ShortName": "BONI SH COL/REP 300ML",
    "InSeason": true,
    "IsNew": false,
    "RecentQuanityOfStockUnits": "1,1,12",
    "LongName": "BONI shampoo color/repair 300ml",
    "StartSeasonDate": "17/11/2020",
    "FicCode": "N"
  },
  {
    "productId": "628285",
    "technicalArticleNumber": "4313521",
    "commercialArticleNumber": "23799",
    "name": "dch gel or/ci",
    "description": "*Douchegel BIO\n*Assortiment:\n-Oranjebloesem\n-Ijzerkruid citroen",
    "brand": "LE PETIT MARSEILLAIS",
    "seoBrand": "Le Petit Marseillais",
    "thumbNail": "https://static.colruytgroup.com/images/200x200/std.lang.all/46/54/asset-2254654.jpg",
    "fullImage": "https://static.colruytgroup.com/images/500x500/std.lang.all/46/54/asset-2254654.jpg",
    "squareImage": "https://static.colruytgroup.com/images/500x500sq/std.lang.all/46/54/asset-2254654.jpg",
    "content": "400ml",
    "walkRouteSequenceNumber": 14627,
    "price": {
      "basicPrice": 4.62,
      "recommendedQuantity": "1.0",
      "measurementUnitPrice": 11.55,
      "measurementUnit": "L",
      "isRedPrice": false,
      "pricePerUOM": 11.55,
      "activationDate": "22-02-2024",
      "recordSource": "Offline",
      "isPromoActive": "N",
      "priceChangeCode": "H"
    },
    "isAvailable": true,
    "isPriceAvailable": true,
    "inPromo": false,
    "gtin": [
      "03574661718217",
      "03574661718170",
      "03574661731889",
      "03574661731865",
      "03574661578552",
      "03574661578545",
      "03574661578347",
      "03574661578330",
      "03574661138176",
      "03574661579184",
      "03574661579603"
    ],
    "topCategoryName": "Lichaamsverzorging/Parfumerie",
    "topCategoryId": "591",
    "businessDomain": "RETAIL_BE",
    "IsPrivateLabel": false,
    "IsBiffe": false,
    "WeightconversionFactor": "0",
    "IsWeightArticle": false,
    "IsBio": false,
    "CountryOfOrigin": "ITALIË",
    "IsExclusivelySoldInLuxembourg": false,
    "OrderUnit": "P",
    "ShortName": "LPMA DCH ORAN/CITR400ML",
    "IsNew": false,
    "RecentQuanityOfStockUnits": "2,1,2,1",
    "LongName": "LE PETIT MARSEILLAIS dch gel or/ci 400ml",
    "FicCode": "N"
  },
  {
    "productId": "907450",
    "technicalArticleNumber": "4758846",
    "commercialArticleNumber": "2615",
    "name": "Roll on Advanced Clean Comfort",
    "brand": "DOVE",
    "seoBrand": "Dove Men+Care",
    "thumbNail": "https://static.colruytgroup.com/images/200x200/std.lang.all/11/54/asset-3411154.jpg",
    "fullImage": "https://static.colruytgroup.com/images/500x500/std.lang.all/11/54/asset-3411154.jpg",
    "squareImage": "https://static.colruytgroup.com/images/500x500sq/std.lang.all/11/54/asset-3411154.jpg",
    "content": "50ml",
    "walkRouteSequenceNumber": 14649,
    "price": {
      "basicPrice": 3.99,
      "recommendedQuantity": "1.0",
      "quantityPrice": 2.74,
      "quantityPriceQuantity": "3.0",
      "measurementUnitPrice": 79.8,
      "measurementUnitQuantityPrice": 54.8,
      "measurementUnit": "L",
      "isRedPrice": false,
      "pricePerUOM": 79.8,
      "activationDate": "23-03-2024",
      "recordSource": "Offline",
      "isPromoActive": "N",
      "priceChangeCode": "E",
      "quantityPricePerUOM": 54.8,
      "quantityActivationDate": "23-03-2024",
      "quantityPriceChangeCode": "E"
    },
    "isAvailable": true,
    "isPriceAvailable": true,
    "inPromo": false,
    "gtin": [
      "08720181266843",
      "00000059092582"
    ],
    "topCategoryName": "Lichaamsverzorging/Parfumerie",
    "topCategoryId": "591",
    "businessDomain": "RETAIL_BE",
    "IsPrivateLabel": false,
    "IsBiffe": false,
    "WeightconversionFactor": "0",
    "IsWeightArticle": false,
    "IsBio": false,
    "CountryOfOrigin": "VERENIGD KONINKRIJK",
    "IsExclusivelySoldInLuxembourg": false,
    "OrderUnit": "P",
    "ShortName": "DOVE MEN ROL CL COMF 50",
    "IsNew": false,
    "RecentQuanityOfStockUnits": "1,6",
    "LongName": "DOVE Roll on Advanced Clean Comfort 50ml",
    "AlcoholVolume": "0",
    "FicCode": "N"
  },
  {
    "productId": "864388",
    "technicalArticleNumber": "4716195",
    "commercialArticleNumber": "31999",
    "name": "dch Sensitive/Nutritive",
    "description": "*Douchegel\n*Assortiment:\n-Sensitive\n-Nutritive",
    "brand": "SUNLIGHT",
    "seoBrand": "Sunlight",
    "thumbNail": "https://static.colruytgroup.com/images/200x200/std.lang.all/62/97/asset-3216297.jpg",
    "fullImage": "https://static.colruytgroup.com/images/500x500/std.lang.all/62/97/asset-3216297.jpg",
    "squareImage": "https://static.colruytgroup.com/images/500x500sq/std.lang.all/62/97/asset-3216297.jpg",
    "content": "450ml",
    "walkRouteSequenceNumber": 14713,
    "price": {
      "basicPrice": 3.95,
      "recommendedQuantity": "1.0",
      "measurementUnitPrice": 8.78,
      "measurementUnit": "L",
      "isRedPrice": false,
      "pricePerUOM": 8.78,
      "activationDate": "01-03-2024",
      "recordSource": "Offline",
      "isPromoActive": "N",
      "priceChangeCode": "L"
    },
    "isAvailable": true,
    "isPriceAvailable": true,
    "inPromo": false,
    "gtin": [
      "08720181355080",
      "08720181355042",
      "08720181354908",
      "08720181354885",
      "08720181354816",
      "08720181354809",
      "35400141852050"
    ],
    "topCategoryName": "Lichaamsverzorging/Parfumerie",
    "topCategoryId": "591",
    "businessDomain": "RETAIL_BE",
    "IsPrivateLabel": false,
    "IsBiffe": false,
    "WeightconversionFactor": "0",
    "IsWeightArticle": false,
    "IsBio": false,
    "CountryOfOrigin": "POLEN",
    "IsExclusivelySoldInLuxembourg": false,
    "OrderUnit": "P",
    "ShortName": "SUNL DCH NUTRI/SENS 450",
    "IsNew": false,
    "RecentQuanityOfStockUnits": "2,1,1",
    "LongName": "SUNLIGHT dch Sensitive/Nutritive 450ml",
    "AlcoholVolume": "0",
    "FicCode": "N"
  },
  {
    "productId": "866091",
    "technicalArticleNumber": "4718587",
    "commercialArticleNumber": "6844",
    "name": "masker aLoe/Ban/Waterm.",
    "description": "Haarmasker 400ml\n*Assortiment:\n-ALoe Vera\n-Banaan\n-Watermeloen",
    "brand": "FRUCTIS",
    "seoBrand": "Fructis",
    "thumbNail": "https://static.colruytgroup.com/images/200x200/std.lang.all/23/08/asset-3242308.jpg",
    "fullImage": "https://static.colruytgroup.com/images/500x500/std.lang.all/23/08/asset-3242308.jpg",
    "squareImage": "https://static.colruytgroup.com/images/500x500sq/std.lang.all/23/08/asset-3242308.jpg",
    "content": "400ml",
    "walkRouteSequenceNumber": 15315,
    "price": {
      "basicPrice": 6.49,
      "recommendedQuantity": "1.0",
      "measurementUnitPrice": 16.23,
      "measurementUnit": "L",
      "isRedPrice": false,
      "pricePerUOM": 16.23,
      "activationDate": "19-03-2024",
      "recordSource": "Offline",
      "isPromoActive": "N",
      "priceChangeCode": "E"
    },
    "isAvailable": true,
    "isPriceAvailable": true,
    "inPromo": false,
    "gtin": [
      "03600542526029",
      "05410103149486",
      "03600542526920",
      "03600542513081",
      "03600542513104",
      "03600542513135"
    ],
    "topCategoryName": "Lichaamsverzorging/Parfumerie",
    "topCategoryId": "591",
    "businessDomain": "RETAIL_BE",
    "IsPrivateLabel": false,
    "IsBiffe": false,
    "WeightconversionFactor": "0",
    "IsWeightArticle": false,
    "IsBio": false,
    "CountryOfOrigin": "DUITSLAND",
    "IsExclusivelySoldInLuxembourg": false,
    "OrderUnit": "P",
    "ShortName": "FRUC MAS.WAT/ALO/BAN400",
    "IsNew": false,
    "RecentQuanityOfStockUnits": "1,1,1",
    "LongName": "FRUCTIS masker aLoe/Ban/Waterm. 400ml",
    "AlcoholVolume": "0",
    "FicCode": "N"
  },
  {
    "productId": "584908",
    "technicalArticleNumber": "4240260",
    "commercialArticleNumber": "19372",
    "name": "tandpasta charcoal",
    "description": "*Tandpasta\n*Mondhygiëne\n*Witte tanden\n*Anticariës\n*Gezond tandvlees",
    "brand": "SIGNAL",
    "seoBrand": "Signal",
    "thumbNail": "https://static.colruytgroup.com/images/200x200/nl_be/02/75/asset-2040275.jpg",
    "fullImage": "https://static.colruytgroup.com/images/500x500/nl_be/02/75/asset-2040275.jpg",
    "squareImage": "https://static.colruytgroup.com/images/500x500sq/nl_be/02/75/asset-2040275.jpg",
    "content": "75ml",
    "walkRouteSequenceNumber": 14333,
    "price": {
      "basicPrice": 3.79,
      "recommendedQuantity": "1.0",
      "measurementUnitPrice": 50.54,
      "measurementUnit": "L",
      "isRedPrice": false,
      "pricePerUOM": 50.54,
      "activationDate": "23-03-2024",
      "recordSource": "Offline",
      "isPromoActive": "N",
      "priceChangeCode": "L"
    },
    "isAvailable": true,
    "isPriceAvailable": true,
    "inPromo": false,
    "gtin": [
      "08710522417379",
      "08710522417386",
      "25400141312854"
    ],
    "topCategoryName": "Lichaamsverzorging/Parfumerie",
    "topCategoryId": "591",
    "businessDomain": "RETAIL_BE",
    "IsPrivateLabel": false,
    "IsBiffe": false,
    "WeightconversionFactor": "0",
    "IsWeightArticle": false,
    "IsBio": false,
    "CountryOfOrigin": "FRANKRIJK",
    "IsExclusivelySoldInLuxembourg": false,
    "OrderUnit": "P",
    "ShortName": "SIGN.TP CHARCOAL 75 ML",
    "IsNew": false,
    "RecentQuanityOfStockUnits": "2,1",
    "LongName": "SIGNAL tandpasta charcoal 75ml",
    "FicCode": "N"
  },
  {
    "productId": "865740",
    "technicalArticleNumber": "4717961",
    "commercialArticleNumber": "4880",
    "name": "douchegel Expert Protector",
    "description": "*Douchecrème 400 ML\n*Expert Protector:\n-alle huidtypes\n*0% Sulfaten",
    "brand": "SANEX",
    "seoBrand": "Sanex",
    "thumbNail": "https://static.colruytgroup.com/images/200x200/std.lang.all/16/92/asset-3201692.jpg",
    "fullImage": "https://static.colruytgroup.com/images/500x500/std.lang.all/16/92/asset-3201692.jpg",
    "squareImage": "https://static.colruytgroup.com/images/500x500sq/std.lang.all/16/92/asset-3201692.jpg",
    "content": "400ml",
    "walkRouteSequenceNumber": 14702,
    "price": {
      "basicPrice": 5.69,
      "recommendedQuantity": "1.0",
      "quantityPrice": 3.97,
      "quantityPriceQuantity": "2.0",
      "measurementUnitPrice": 14.23,
      "measurementUnitQuantityPrice": 9.93,
      "measurementUnit": "L",
      "isRedPrice": false,
      "pricePerUOM": 14.23,
      "activationDate": "23-03-2024",
      "recordSource": "Offline",
      "isPromoActive": "N",
      "priceChangeCode": "E",
      "quantityPricePerUOM": 9.93,
      "quantityActivationDate": "23-03-2024",
      "quantityPriceChangeCode": "E"
    },
    "isAvailable": true,
    "isPriceAvailable": true,
    "inPromo": false,
    "gtin": [
      "08718951602397",
      "08718951601888",
      "08718951602403"
    ],
    "topCategoryName": "Lichaamsverzorging/Parfumerie",
    "topCategoryId": "591",
    "businessDomain": "RETAIL_BE",
    "IsPrivateLabel": false,
    "IsBiffe": false,
    "WeightconversionFactor": "0",
    "IsWeightArticle": false,
    "IsBio": false,
    "CountryOfOrigin": "ITALIË",
    "IsExclusivelySoldInLuxembourg": false,
    "OrderUnit": "P",
    "ShortName": "SANE DCH EXP.PROT.400",
    "IsNew": false,
    "RecentQuanityOfStockUnits": "2,1",
    "LongName": "SANEX douchegel Expert Protector 400ml",
    "FicCode": "N"
  },
  {
    "productId": "757021",
    "technicalArticleNumber": "4532793",
    "commercialArticleNumber": "12690",
    "name": "sh. zijde/dag",
    "description": "*Shampoo 400ml\n*Assorti:\n-Zijde:moeilijk\ndoorkambaar haar\n-Elke dag: alle haarty.",
    "brand": "SCHWARZKOPF",
    "seoBrand": "Schwarzkopf",
    "thumbNail": "https://static.colruytgroup.com/images/200x200/std.lang.all/96/45/asset-2779645.jpg",
    "fullImage": "https://static.colruytgroup.com/images/500x500/std.lang.all/96/45/asset-2779645.jpg",
    "squareImage": "https://static.colruytgroup.com/images/500x500sq/std.lang.all/96/45/asset-2779645.jpg",
    "content": "400ml",
    "walkRouteSequenceNumber": 15057,
    "price": {
      "basicPrice": 2.99,
      "recommendedQuantity": "1.0",
      "measurementUnitPrice": 7.48,
      "measurementUnit": "L",
      "isRedPrice": false,
      "pricePerUOM": 7.48,
      "activationDate": "23-03-2024",
      "recordSource": "Offline",
      "isPromoActive": "N",
      "priceChangeCode": "E"
    },
    "isAvailable": true,
    "isPriceAvailable": true,
    "inPromo": false,
    "gtin": [
      "05410091763305",
      "05410091763817",
      "05412530923103",
      "05412530922229",
      "05412530923080",
      "05412530922205",
      "35400141912303"
    ],
    "topCategoryName": "Lichaamsverzorging/Parfumerie",
    "topCategoryId": "591",
    "businessDomain": "RETAIL_BE",
    "IsPrivateLabel": false,
    "IsBiffe": false,
    "WeightconversionFactor": "0",
    "IsWeightArticle": false,
    "IsBio": false,
    "CountryOfOrigin": "DUITSLAND",
    "IsExclusivelySoldInLuxembourg": false,
    "OrderUnit": "P",
    "ShortName": "SCHW SH.ZIJDE/DAG 400ML",
    "IsNew": false,
    "RecentQuanityOfStockUnits": "1,2,1",
    "LongName": "SCHWARZKOPF sh. zijde/dag 400ml",
    "FicCode": "N"
  },
  {
    "productId": "865752",
    "technicalArticleNumber": "4717973",
    "commercialArticleNumber": "4913",
    "name": "douch expert Hypoallergeen",
    "description": "*Douchegel 400ML\n*Hypoallergeen\n-Zeer gevoelige huid\n*0% Sulfaten",
    "brand": "SANEX",
    "seoBrand": "Sanex",
    "thumbNail": "https://static.colruytgroup.com/images/200x200/std.lang.all/56/58/asset-3195658.jpg",
    "fullImage": "https://static.colruytgroup.com/images/500x500/std.lang.all/56/58/asset-3195658.jpg",
    "squareImage": "https://static.colruytgroup.com/images/500x500sq/std.lang.all/56/58/asset-3195658.jpg",
    "content": "400ml",
    "walkRouteSequenceNumber": 14704,
    "price": {
      "basicPrice": 5.89,
      "recommendedQuantity": "1.0",
      "quantityPrice": 3.97,
      "quantityPriceQuantity": "2.0",
      "measurementUnitPrice": 14.73,
      "measurementUnitQuantityPrice": 9.93,
      "measurementUnit": "L",
      "isRedPrice": false,
      "pricePerUOM": 14.73,
      "activationDate": "22-03-2024",
      "recordSource": "Offline",
      "isPromoActive": "N",
      "priceChangeCode": "E",
      "quantityPricePerUOM": 9.93,
      "quantityActivationDate": "22-03-2024",
      "quantityPriceChangeCode": "L"
    },
    "isAvailable": true,
    "isPriceAvailable": true,
    "inPromo": false,
    "gtin": [
      "08718951602236",
      "08718951602182",
      "08718951602229"
    ],
    "topCategoryName": "Lichaamsverzorging/Parfumerie",
    "topCategoryId": "591",
    "businessDomain": "RETAIL_BE",
    "IsPrivateLabel": false,
    "IsBiffe": false,
    "WeightconversionFactor": "0",
    "IsWeightArticle": false,
    "IsBio": false,
    "CountryOfOrigin": "ITALIË",
    "IsExclusivelySoldInLuxembourg": false,
    "OrderUnit": "P",
    "ShortName": "SANE DCH EXP.HYPO.400",
    "IsNew": false,
    "RecentQuanityOfStockUnits": "2,1",
    "LongName": "SANEX douch expert Hypoallergeen 400ml",
    "FicCode": "N"
  },
  {
    "productId": "643251",
    "technicalArticleNumber": "4337934",
    "commercialArticleNumber": "23865",
    "name": "conditioner rep/color",
    "description": "*Conditioner\n*440ml\n*2 parfums:\n-Color protect\n-Repair Therapy",
    "brand": "SYOSS",
    "seoBrand": "Syoss",
    "thumbNail": "https://static.colruytgroup.com/images/200x200/std.lang.all/05/59/asset-2400559.jpg",
    "fullImage": "https://static.colruytgroup.com/images/500x500/std.lang.all/05/59/asset-2400559.jpg",
    "squareImage": "https://static.colruytgroup.com/images/500x500sq/std.lang.all/05/59/asset-2400559.jpg",
    "content": "440ml",
    "walkRouteSequenceNumber": 15022,
    "price": {
      "basicPrice": 2.6,
      "recommendedQuantity": "1.0",
      "measurementUnitPrice": 5.91,
      "measurementUnit": "L",
      "isRedPrice": false,
      "pricePerUOM": 5.91,
      "activationDate": "29-02-2024",
      "recordSource": "Offline",
      "isPromoActive": "N",
      "priceChangeCode": "L"
    },
    "isAvailable": true,
    "isPriceAvailable": true,
    "inPromo": false,
    "gtin": [
      "55400141905781",
      "05412530901552",
      "05412530901590",
      "05410091755331",
      "05410091755355",
      "35400141851855"
    ],
    "topCategoryName": "Lichaamsverzorging/Parfumerie",
    "topCategoryId": "591",
    "businessDomain": "RETAIL_BE",
    "IsPrivateLabel": false,
    "IsBiffe": false,
    "WeightconversionFactor": "0",
    "IsWeightArticle": false,
    "IsBio": false,
    "CountryOfOrigin": "DUITSLAND",
    "IsExclusivelySoldInLuxembourg": false,
    "OrderUnit": "P",
    "ShortName": "SYOS CD REPAIR/COLOR440",
    "IsNew": false,
    "RecentQuanityOfStockUnits": "1,1",
    "LongName": "SYOSS conditioner rep/color 440ml",
    "FicCode": "N"
  },
  {
    "productId": "887235",
    "technicalArticleNumber": "4746547",
    "commercialArticleNumber": "32756",
    "name": "zero sensitive",
    "description": "*Douchegel 400ml\n* Zero% :parabenen,\nkleurstoffen, zeep\nen parfum\n*Voor gevoelige huid",
    "brand": "SANEX",
    "seoBrand": "Sanex",
    "thumbNail": "https://ecgproductmw.colruytgroup.com/ecgproductmw/noPicForArticle_2.jpg",
    "fullImage": "https://ecgproductmw.colruytgroup.com/ecgproductmw/noPicForArticle_5.jpg",
    "squareImage": "https://ecgproductmw.colruytgroup.com/ecgproductmw/noPicForArticle_5.jpg",
    "content": "400ml",
    "walkRouteSequenceNumber": 14707,
    "price": {
      "basicPrice": 5.49,
      "recommendedQuantity": "1.0",
      "measurementUnitPrice": 13.73,
      "measurementUnit": "L",
      "isRedPrice": false,
      "pricePerUOM": 13.73,
      "activationDate": "23-03-2024",
      "recordSource": "Offline",
      "isPromoActive": "N",
      "priceChangeCode": "E"
    },
    "isAvailable": true,
    "isPriceAvailable": true,
    "inPromo": false,
    "gtin": [
      "08718951573413",
      "08718951573406",
      "08718951573062"
    ],
    "topCategoryName": "Lichaamsverzorging/Parfumerie",
    "topCategoryId": "591",
    "businessDomain": "RETAIL_BE",
    "IsPrivateLabel": false,
    "IsBiffe": false,
    "WeightconversionFactor": "0",
    "IsWeightArticle": false,
    "IsBio": false,
    "CountryOfOrigin": "ITALIË",
    "IsExclusivelySoldInLuxembourg": false,
    "OrderUnit": "P",
    "ShortName": "SANE DCH ZERO SENS.400",
    "IsNew": false,
    "RecentQuanityOfStockUnits": "2,1",
    "LongName": "SANEX zero sensitive 400ml",
    "FicCode": "N"
  },
  {
    "productId": "103339",
    "technicalArticleNumber": "3096375",
    "commercialArticleNumber": "282411",
    "name": "oogreinigingslotion 2in1",
    "description": "*Oogreinigingslotion\n*125 ml\n*Zonder parabenen",
    "brand": "GARNIER",
    "seoBrand": "Garnier",
    "thumbNail": "https://static.colruytgroup.com/images/200x200/std.lang.all/68/49/asset-1806849.jpg",
    "fullImage": "https://static.colruytgroup.com/images/500x500/std.lang.all/68/49/asset-1806849.jpg",
    "squareImage": "https://static.colruytgroup.com/images/500x500sq/std.lang.all/68/49/asset-1806849.jpg",
    "content": "125ml",
    "walkRouteSequenceNumber": 15835,
    "price": {
      "basicPrice": 3.99,
      "recommendedQuantity": "1.0",
      "measurementUnitPrice": 31.92,
      "measurementUnit": "L",
      "isRedPrice": false,
      "pricePerUOM": 31.92,
      "activationDate": "19-03-2024",
      "recordSource": "Offline",
      "isPromoActive": "N",
      "priceChangeCode": "H"
    },
    "isAvailable": true,
    "isPriceAvailable": true,
    "inPromo": false,
    "gtin": [
      "03600541361331",
      "03600541361843"
    ],
    "topCategoryName": "Lichaamsverzorging/Parfumerie",
    "topCategoryId": "591",
    "businessDomain": "NON_FOOD",
    "IsPrivateLabel": false,
    "IsBiffe": false,
    "IsWeightArticle": false,
    "RecentQuanityOfStockUnits": "1",
    "LongName": "GARNIER oogreinigingslotion 2in1 125ml",
    "IsBio": false,
    "CountryOfOrigin": "BELGIË",
    "FicCode": "N",
    "OrderUnit": "P",
    "ShortName": "GARNIER SK.NAT.DEM.2IN1",
    "IsNew": false
  },
  {
    "productId": "588494",
    "technicalArticleNumber": "4245778",
    "commercialArticleNumber": "20265",
    "name": "tandpasta geirrit.tandvlees",
    "description": "*Tandvleesverzorging\n*Antibacterieel\n*Klinisch bewezen",
    "brand": "MERIDOL",
    "seoBrand": "Meridol",
    "thumbNail": "https://static.colruytgroup.com/images/200x200/nl_be/64/01/asset-2076401.jpg",
    "fullImage": "https://static.colruytgroup.com/images/500x500/nl_be/64/01/asset-2076401.jpg",
    "squareImage": "https://static.colruytgroup.com/images/500x500sq/nl_be/64/01/asset-2076401.jpg",
    "content": "75ml",
    "walkRouteSequenceNumber": 14360,
    "price": {
      "basicPrice": 4.99,
      "recommendedQuantity": "1.0",
      "measurementUnitPrice": 66.54,
      "measurementUnit": "L",
      "isRedPrice": false,
      "pricePerUOM": 66.54,
      "activationDate": "16-03-2024",
      "recordSource": "Offline",
      "isPromoActive": "N",
      "priceChangeCode": "L"
    },
    "isAvailable": true,
    "isPriceAvailable": true,
    "inPromo": true,
    "promotion": [
      {
        "techPromoId": "100891COLR",
        "promotionId": "100891",
        "promotionType": "3",
        "isPersonalized": "N",
        "publicationStartDate": "13-03-2024",
        "publicationEndDate": "26-03-2024"
      }
    ],
    "gtin": [
      "04007965460005",
      "08714789906492"
    ],
    "topCategoryName": "Lichaamsverzorging/Parfumerie",
    "topCategoryId": "591",
    "businessDomain": "RETAIL_BE",
    "IsPrivateLabel": false,
    "IsBiffe": false,
    "WeightconversionFactor": "0",
    "IsWeightArticle": false,
    "IsBio": false,
    "CountryOfOrigin": "POLEN",
    "IsExclusivelySoldInLuxembourg": false,
    "OrderUnit": "P",
    "ShortName": "MERI TP GEIR.TANDVL.75",
    "IsNew": false,
    "RecentQuanityOfStockUnits": "1",
    "LongName": "MERIDOL tandpasta geirrit.tandvlees 75ml",
    "FicCode": "N"
  },
  {
    "productId": "842316",
    "technicalArticleNumber": "4687287",
    "commercialArticleNumber": "30610",
    "name": "zeep blok glycerine",
    "description": "*Handzeep blok5x125g\n*Savon de Marseille\n*Verzorgend.handzeep\n*Met glycerine\n*Goed voor textiel",
    "brand": "LE CHAT",
    "seoBrand": "Le Chat",
    "thumbNail": "https://static.colruytgroup.com/images/200x200/std.lang.all/35/32/asset-3153532.jpg",
    "fullImage": "https://static.colruytgroup.com/images/500x500/std.lang.all/35/32/asset-3153532.jpg",
    "squareImage": "https://static.colruytgroup.com/images/500x500sq/std.lang.all/35/32/asset-3153532.jpg",
    "content": "5x125g",
    "walkRouteSequenceNumber": 18674,
    "price": {
      "basicPrice": 6.39,
      "recommendedQuantity": "1.0",
      "measurementUnitPrice": 10.23,
      "measurementUnit": "K",
      "isRedPrice": false,
      "pricePerUOM": 10.23,
      "activationDate": "23-02-2024",
      "recordSource": "Offline",
      "isPromoActive": "N",
      "priceChangeCode": "H"
    },
    "isAvailable": true,
    "isPriceAvailable": true,
    "inPromo": false,
    "gtin": [
      "03701603700423",
      "03178041352819",
      "03178041358804",
      "03178041487511"
    ],
    "topCategoryName": "Lichaamsverzorging/Parfumerie",
    "topCategoryId": "591",
    "businessDomain": "RETAIL_BE",
    "IsPrivateLabel": false,
    "IsBiffe": false,
    "WeightconversionFactor": "0",
    "IsWeightArticle": false,
    "IsBio": false,
    "CountryOfOrigin": "GRIEKENLAND",
    "IsExclusivelySoldInLuxembourg": false,
    "OrderUnit": "P",
    "ShortName": "LE CHAT ZEEP GLYC.5X125",
    "IsNew": false,
    "RecentQuanityOfStockUnits": "1,8",
    "LongName": "LE CHAT zeep blok glycerine 5x125g",
    "AlcoholVolume": "0",
    "FicCode": "N"
  },
  {
    "productId": "831455",
    "technicalArticleNumber": "4671551",
    "commercialArticleNumber": "20150",
    "name": "Antiklitspray ass.",
    "description": "*Antiklitspray\n*200 ml\n*Spray om knopen uit\nlang haar te krijgen",
    "brand": "GLISS",
    "seoBrand": "Gliss",
    "thumbNail": "https://static.colruytgroup.com/images/200x200/std.lang.all/85/80/asset-3228580.jpg",
    "fullImage": "https://static.colruytgroup.com/images/500x500/std.lang.all/85/80/asset-3228580.jpg",
    "squareImage": "https://static.colruytgroup.com/images/500x500sq/std.lang.all/85/80/asset-3228580.jpg",
    "content": "200ml",
    "walkRouteSequenceNumber": 15301,
    "price": {
      "basicPrice": 4.99,
      "recommendedQuantity": "1.0",
      "measurementUnitPrice": 24.95,
      "measurementUnit": "L",
      "isRedPrice": false,
      "pricePerUOM": 24.95,
      "activationDate": "13-03-2024",
      "recordSource": "Offline",
      "isPromoActive": "N",
      "priceChangeCode": "E"
    },
    "isAvailable": true,
    "isPriceAvailable": true,
    "inPromo": false,
    "gtin": [
      "85400141437528",
      "05410091768225",
      "05410091768089",
      "05412530934710",
      "05412530934536"
    ],
    "topCategoryName": "Lichaamsverzorging/Parfumerie",
    "topCategoryId": "591",
    "businessDomain": "RETAIL_BE",
    "IsPrivateLabel": false,
    "IsBiffe": false,
    "WeightconversionFactor": "0",
    "IsWeightArticle": false,
    "IsBio": false,
    "CountryOfOrigin": "SLOVENIË",
    "IsExclusivelySoldInLuxembourg": false,
    "OrderUnit": "P",
    "ShortName": "GLIS ANTIKL.SPR.ASS200",
    "IsNew": false,
    "RecentQuanityOfStockUnits": "1,1",
    "LongName": "GLISS Antiklitspray ass. 200ml",
    "AlcoholVolume": "0",
    "FicCode": "N"
  },
  {
    "productId": "609109",
    "technicalArticleNumber": "4281020",
    "commercialArticleNumber": "12059",
    "name": "shampoo blond haar",
    "description": "*Shampoo 250ml\n*Voor blond haar",
    "brand": "BONI",
    "seoBrand": "Boni Selection",
    "thumbNail": "https://static.colruytgroup.com/images/200x200/std.lang.all/94/79/asset-2259479.jpg",
    "fullImage": "https://static.colruytgroup.com/images/500x500/std.lang.all/94/79/asset-2259479.jpg",
    "squareImage": "https://static.colruytgroup.com/images/500x500sq/std.lang.all/94/79/asset-2259479.jpg",
    "content": "250ml",
    "walkRouteSequenceNumber": 14800,
    "price": {
      "basicPrice": 1.29,
      "recommendedQuantity": "1.0",
      "measurementUnitPrice": 5.16,
      "measurementUnit": "L",
      "isRedPrice": false,
      "pricePerUOM": 5.16,
      "activationDate": "05-03-2024",
      "recordSource": "Offline",
      "isPromoActive": "N",
      "priceChangeCode": "E"
    },
    "isAvailable": true,
    "isPriceAvailable": true,
    "inPromo": false,
    "gtin": [
      "85400141954292",
      "15400141413806",
      "05400141413809"
    ],
    "topCategoryName": "Lichaamsverzorging/Parfumerie",
    "topCategoryId": "591",
    "businessDomain": "RETAIL_BE",
    "IsPrivateLabel": true,
    "IsBiffe": false,
    "WeightconversionFactor": "0",
    "IsWeightArticle": false,
    "IsBio": false,
    "CountryOfOrigin": "BELGIË",
    "IsExclusivelySoldInLuxembourg": false,
    "OrderUnit": "P",
    "ShortName": "BONI SH BLOND 250ML",
    "IsNew": false,
    "RecentQuanityOfStockUnits": "1",
    "LongName": "BONI shampoo blond haar 250ml",
    "FicCode": "N"
  },
  {
    "productId": "189628",
    "technicalArticleNumber": "3458152",
    "commercialArticleNumber": "14291",
    "name": "sh.Naturals Vital Strong",
    "description": "*Shampoo\n*350 ml\n*Met appel:\nvoor alle haar types",
    "brand": "PALMOLIVE",
    "seoBrand": "Palmolive",
    "thumbNail": "https://static.colruytgroup.com/images/200x200/std.lang.all/02/20/asset-870220.jpg",
    "fullImage": "https://static.colruytgroup.com/images/500x500/std.lang.all/02/20/asset-870220.jpg",
    "squareImage": "https://static.colruytgroup.com/images/500x500sq/std.lang.all/02/20/asset-870220.jpg",
    "content": "350ml",
    "walkRouteSequenceNumber": 14816,
    "price": {
      "basicPrice": 2.49,
      "recommendedQuantity": "1.0",
      "measurementUnitPrice": 7.12,
      "measurementUnit": "L",
      "isRedPrice": false,
      "pricePerUOM": 7.12,
      "activationDate": "20-01-2024",
      "isPromoActive": "N",
      "priceChangeCode": "H"
    },
    "isAvailable": true,
    "isPriceAvailable": true,
    "inPromo": false,
    "gtin": [
      "08714789891484",
      "08718951300712",
      "08714789880488"
    ],
    "topCategoryName": "Lichaamsverzorging/Parfumerie",
    "topCategoryId": "591",
    "businessDomain": "RETAIL_BE",
    "IsPrivateLabel": false,
    "IsBiffe": false,
    "WeightconversionFactor": "0",
    "IsWeightArticle": false,
    "IsBio": false,
    "CountryOfOrigin": "ITALIË",
    "IsExclusivelySoldInLuxembourg": false,
    "OrderUnit": "P",
    "ShortName": "PALM.SH.VITAL STRONG350",
    "IsNew": false,
    "RecentQuanityOfStockUnits": "1",
    "LongName": "PALMOLIVE sh.Naturals Vital Strong 350ml",
    "AlcoholVolume": "0",
    "FicCode": "N"
  },
  {
    "productId": "615989",
    "technicalArticleNumber": "4291635",
    "commercialArticleNumber": "23397",
    "name": "maandverband Ultra Normal Plus",
    "description": "*Ultra (14s)\n*Normale menstruatie\n*Met vleugels\n*Anti-lekrandjes\n*Parfumvrij",
    "brand": "NANA",
    "seoBrand": "Nana",
    "thumbNail": "https://static.colruytgroup.com/images/200x200/std.lang.all/57/76/asset-3245776.jpg",
    "fullImage": "https://static.colruytgroup.com/images/500x500/std.lang.all/57/76/asset-3245776.jpg",
    "squareImage": "https://static.colruytgroup.com/images/500x500sq/std.lang.all/57/76/asset-3245776.jpg",
    "content": "14st",
    "walkRouteSequenceNumber": 14398,
    "price": {
      "basicPrice": 3.05,
      "recommendedQuantity": "2.0",
      "measurementUnitPrice": 0.218,
      "measurementUnit": "S",
      "isRedPrice": false,
      "pricePerUOM": 0.218,
      "activationDate": "23-03-2024",
      "recordSource": "Offline",
      "isPromoActive": "N",
      "priceChangeCode": "H"
    },
    "isAvailable": true,
    "isPriceAvailable": true,
    "inPromo": false,
    "gtin": [
      "07322541498782",
      "07322541498775",
      "55400141615970",
      "07322540562194",
      "07322540637441"
    ],
    "topCategoryName": "Lichaamsverzorging/Parfumerie",
    "topCategoryId": "591",
    "businessDomain": "RETAIL_BE",
    "IsPrivateLabel": false,
    "IsBiffe": false,
    "WeightconversionFactor": "0",
    "IsWeightArticle": false,
    "IsBio": false,
    "CountryOfOrigin": "SLOVENIË",
    "IsExclusivelySoldInLuxembourg": false,
    "OrderUnit": "P",
    "ShortName": "NANA ULTRA NOR.PL.MVB14",
    "IsNew": false,
    "RecentQuanityOfStockUnits": "2,1",
    "LongName": "NANA maandverband Ultra Normal Plus 14st",
    "FicCode": "N"
  },
  {
    "productId": "849044",
    "technicalArticleNumber": "4696408",
    "commercialArticleNumber": "30750",
    "name": "gel hydraterend",
    "description": "*Scheergel\n*Hydraterend\n*Met cacaoboter",
    "brand": "GILLETTE SERIES",
    "seoBrand": "Gillette Series",
    "thumbNail": "https://static.colruytgroup.com/images/200x200/std.lang.all/18/03/asset-3161803.jpg",
    "fullImage": "https://static.colruytgroup.com/images/500x500/std.lang.all/18/03/asset-3161803.jpg",
    "squareImage": "https://static.colruytgroup.com/images/500x500sq/std.lang.all/18/03/asset-3161803.jpg",
    "content": "200ml",
    "walkRouteSequenceNumber": 15218,
    "price": {
      "basicPrice": 8.39,
      "recommendedQuantity": "1.0",
      "measurementUnitPrice": 41.95,
      "measurementUnit": "L",
      "isRedPrice": false,
      "pricePerUOM": 41.95,
      "activationDate": "11-03-2024",
      "recordSource": "Offline",
      "isPromoActive": "N",
      "priceChangeCode": "H"
    },
    "isAvailable": true,
    "isPriceAvailable": true,
    "inPromo": false,
    "gtin": [
      "08006540765098",
      "08006540765081",
      "65400141472068",
      "75400141472065"
    ],
    "topCategoryName": "Lichaamsverzorging/Parfumerie",
    "topCategoryId": "591",
    "businessDomain": "RETAIL_BE",
    "IsPrivateLabel": false,
    "IsBiffe": false,
    "WeightconversionFactor": "0",
    "IsWeightArticle": false,
    "IsBio": false,
    "CountryOfOrigin": "VERENIGD KONINKRIJK",
    "IsExclusivelySoldInLuxembourg": false,
    "OrderUnit": "P",
    "ShortName": "GILL.SER.HYDRAT.GEL 200",
    "IsNew": false,
    "RecentQuanityOfStockUnits": "2,1",
    "LongName": "GILLETTE SERIES gel hydraterend 200ml",
    "AlcoholVolume": "0",
    "FicCode": "N"
  },
  {
    "productId": "874296",
    "technicalArticleNumber": "4729290",
    "commercialArticleNumber": "32102",
    "name": "conditioner hydra hyaluron.",
    "description": "*Hydraterende Conditioner\n*250ml\n*Geeft haar volume\nen langdurige hydratatie.\n*Voor verzwakt,futloos haar.",
    "brand": "ELSEVE",
    "seoBrand": "L'Oréal Paris Elseve",
    "thumbNail": "https://static.colruytgroup.com/images/200x200/std.lang.all/37/26/asset-3243726.jpg",
    "fullImage": "https://static.colruytgroup.com/images/500x500/std.lang.all/37/26/asset-3243726.jpg",
    "squareImage": "https://static.colruytgroup.com/images/500x500sq/std.lang.all/37/26/asset-3243726.jpg",
    "content": "250ml",
    "walkRouteSequenceNumber": 15121,
    "price": {
      "basicPrice": 3.92,
      "recommendedQuantity": "1.0",
      "measurementUnitPrice": 15.68,
      "measurementUnit": "L",
      "isRedPrice": false,
      "pricePerUOM": 15.68,
      "activationDate": "23-03-2024",
      "recordSource": "Folder",
      "isPromoActive": "N",
      "priceChangeCode": "E"
    },
    "isAvailable": true,
    "isPriceAvailable": true,
    "inPromo": true,
    "promotion": [
      {
        "techPromoId": "100894COLR",
        "promotionId": "100894",
        "promotionType": "4",
        "isPersonalized": "N",
        "publicationStartDate": "13-03-2024",
        "publicationEndDate": "26-03-2024"
      }
    ],
    "gtin": [
      "05410103154855",
      "05410103154848",
      "03600524091644"
    ],
    "topCategoryName": "Lichaamsverzorging/Parfumerie",
    "topCategoryId": "591",
    "businessDomain": "RETAIL_BE",
    "IsPrivateLabel": false,
    "IsBiffe": false,
    "WeightconversionFactor": "0",
    "IsWeightArticle": false,
    "IsBio": false,
    "CountryOfOrigin": "FRANKRIJK",
    "IsExclusivelySoldInLuxembourg": false,
    "OrderUnit": "P",
    "ShortName": "ELSE CD HYALU 250ML",
    "IsNew": false,
    "RecentQuanityOfStockUnits": "2,1",
    "LongName": "ELSEVE conditioner hydra hyaluron. 250ml",
    "FicCode": "N"
  },
  {
    "productId": "896494",
    "technicalArticleNumber": "4756207",
    "commercialArticleNumber": "11982",
    "name": "tandpasta Repair Original",
    "brand": "ORAL-B",
    "thumbNail": "https://static.colruytgroup.com/images/200x200/nl_be/00/02/asset-3330002.jpg",
    "fullImage": "https://static.colruytgroup.com/images/500x500/nl_be/00/02/asset-3330002.jpg",
    "squareImage": "https://static.colruytgroup.com/images/500x500sq/nl_be/00/02/asset-3330002.jpg",
    "content": "75ml",
    "walkRouteSequenceNumber": 14383,
    "price": {
      "basicPrice": 5.49,
      "recommendedQuantity": "1.0",
      "quantityPrice": 3.07,
      "quantityPriceQuantity": "2.0",
      "measurementUnitPrice": 73.2,
      "measurementUnitQuantityPrice": 40.94,
      "measurementUnit": "L",
      "isRedPrice": false,
      "pricePerUOM": 73.2,
      "activationDate": "23-03-2024",
      "recordSource": "Offline",
      "isPromoActive": "N",
      "priceChangeCode": "E",
      "quantityPricePerUOM": 40.94,
      "quantityActivationDate": "23-03-2024",
      "quantityPriceChangeCode": "E"
    },
    "isAvailable": true,
    "isPriceAvailable": true,
    "inPromo": false,
    "gtin": [
      "08700216034982",
      "08700216034968",
      "08700216034906",
      "08700216034890"
    ],
    "topCategoryName": "Lichaamsverzorging/Parfumerie",
    "topCategoryId": "591",
    "businessDomain": "RETAIL_BE",
    "IsPrivateLabel": false,
    "IsBiffe": false,
    "WeightconversionFactor": "0",
    "IsWeightArticle": false,
    "IsBio": false,
    "CountryOfOrigin": "DUITSLAND",
    "IsExclusivelySoldInLuxembourg": false,
    "OrderUnit": "P",
    "ShortName": "ORAL TP REPAIR ORIG.75",
    "IsNew": false,
    "RecentQuanityOfStockUnits": "2,1",
    "LongName": "ORAL-B tandpasta Repair Original 75ml",
    "FicCode": "N"
  },
  {
    "productId": "694555",
    "technicalArticleNumber": "4423229",
    "commercialArticleNumber": "25866",
    "name": "inco inlegkrui.long",
    "description": "*Voor urineverlies\n*Medisch hulpmiddel",
    "brand": "ALWAYS DISCREET",
    "seoBrand": "Always Discreet",
    "thumbNail": "https://static.colruytgroup.com/images/200x200/std.lang.all/02/65/asset-2660265.jpg",
    "fullImage": "https://static.colruytgroup.com/images/500x500/std.lang.all/02/65/asset-2660265.jpg",
    "squareImage": "https://static.colruytgroup.com/images/500x500sq/std.lang.all/02/65/asset-2660265.jpg",
    "content": "24st",
    "walkRouteSequenceNumber": 14263,
    "price": {
      "basicPrice": 3.29,
      "recommendedQuantity": "2.0",
      "measurementUnitPrice": 0.138,
      "measurementUnit": "S",
      "isRedPrice": false,
      "pricePerUOM": 0.138,
      "activationDate": "13-03-2024",
      "recordSource": "Offline",
      "isPromoActive": "N",
      "priceChangeCode": "E"
    },
    "isAvailable": true,
    "isPriceAvailable": true,
    "inPromo": true,
    "promotion": [
      {
        "techPromoId": "100869COLR",
        "promotionId": "100869",
        "promotionType": "4",
        "isPersonalized": "N",
        "publicationStartDate": "13-03-2024",
        "publicationEndDate": "26-03-2024"
      }
    ],
    "gtin": [
      "04015400844570",
      "04015400844556",
      "65400141431553"
    ],
    "topCategoryName": "Lichaamsverzorging/Parfumerie",
    "topCategoryId": "591",
    "businessDomain": "RETAIL_BE",
    "IsPrivateLabel": false,
    "IsBiffe": false,
    "WeightconversionFactor": "0",
    "IsWeightArticle": false,
    "IsBio": false,
    "CountryOfOrigin": "DUITSLAND",
    "IsExclusivelySoldInLuxembourg": false,
    "OrderUnit": "P",
    "ShortName": "ALWA DISC.INCO ILK LO24",
    "IsNew": false,
    "RecentQuanityOfStockUnits": "2,1",
    "LongName": "ALWAYS DISCREET inco inlegkrui.long 24st",
    "FicCode": "N"
  },
  {
    "productId": "43425",
    "technicalArticleNumber": "2563856",
    "commercialArticleNumber": "7593",
    "name": "droogshampoo anti-grease",
    "description": "*Droogshampoo\n*200 ml\n*Anti-Grease:\nvoor snel vet haar",
    "brand": "SYOSS",
    "seoBrand": "Syoss",
    "thumbNail": "https://static.colruytgroup.com/images/200x200/std.lang.all/07/95/asset-1180795.jpg",
    "fullImage": "https://static.colruytgroup.com/images/500x500/std.lang.all/07/95/asset-1180795.jpg",
    "squareImage": "https://static.colruytgroup.com/images/500x500sq/std.lang.all/07/95/asset-1180795.jpg",
    "content": "200ml",
    "walkRouteSequenceNumber": 15020,
    "price": {
      "basicPrice": 5.35,
      "recommendedQuantity": "1.0",
      "measurementUnitPrice": 26.75,
      "measurementUnit": "L",
      "isRedPrice": false,
      "pricePerUOM": 26.75,
      "activationDate": "12-03-2024",
      "recordSource": "Offline",
      "isPromoActive": "N",
      "priceChangeCode": "H"
    },
    "isAvailable": true,
    "isPriceAvailable": true,
    "inPromo": false,
    "gtin": [
      "05412530859808",
      "05412530859815",
      "05412530808462",
      "05410091733001",
      "05412530932990"
    ],
    "topCategoryName": "Lichaamsverzorging/Parfumerie",
    "topCategoryId": "591",
    "businessDomain": "RETAIL_BE",
    "IsPrivateLabel": false,
    "IsBiffe": false,
    "WeightconversionFactor": "0",
    "IsWeightArticle": false,
    "IsBio": false,
    "CountryOfOrigin": "DUITSLAND",
    "IsExclusivelySoldInLuxembourg": false,
    "OrderUnit": "P",
    "ShortName": "SYOS.DROOGSH.ANTI-GR200",
    "IsNew": false,
    "RecentQuanityOfStockUnits": "1",
    "LongName": "SYOSS droogshampoo anti-grease 200ml",
    "AlcoholVolume": "0",
    "FicCode": "N"
  },
  {
    "productId": "776896",
    "technicalArticleNumber": "4569054",
    "commercialArticleNumber": "14102",
    "name": "conditioner vol./clas.",
    "description": "*Conditioner\n*200 ml\n*Assortiment:\n-Volume & Veerkracht\n-Classic",
    "brand": "PANTENE",
    "seoBrand": "Pantene Pro-V",
    "thumbNail": "https://static.colruytgroup.com/images/200x200/std.lang.all/97/18/asset-2759718.jpg",
    "fullImage": "https://static.colruytgroup.com/images/500x500/std.lang.all/97/18/asset-2759718.jpg",
    "squareImage": "https://static.colruytgroup.com/images/500x500sq/std.lang.all/97/18/asset-2759718.jpg",
    "content": "200ml",
    "walkRouteSequenceNumber": 14809,
    "price": {
      "basicPrice": 3.49,
      "recommendedQuantity": "1.0",
      "quantityPrice": 2.66,
      "quantityPriceQuantity": "3.0",
      "measurementUnitPrice": 17.45,
      "measurementUnitQuantityPrice": 13.3,
      "measurementUnit": "L",
      "isRedPrice": false,
      "pricePerUOM": 17.45,
      "activationDate": "23-03-2024",
      "recordSource": "Offline",
      "isPromoActive": "N",
      "priceChangeCode": "E",
      "quantityPricePerUOM": 13.3,
      "quantityActivationDate": "23-03-2024",
      "quantityPriceChangeCode": "E"
    },
    "isAvailable": true,
    "isPriceAvailable": true,
    "inPromo": false,
    "gtin": [
      "45400141595534",
      "65400141473133",
      "08006540438893",
      "08006540438886",
      "08006540438770",
      "08006540438763"
    ],
    "topCategoryName": "Lichaamsverzorging/Parfumerie",
    "topCategoryId": "591",
    "businessDomain": "RETAIL_BE",
    "IsPrivateLabel": false,
    "IsBiffe": false,
    "WeightconversionFactor": "0",
    "IsWeightArticle": false,
    "IsBio": false,
    "CountryOfOrigin": "FRANKRIJK",
    "IsExclusivelySoldInLuxembourg": false,
    "OrderUnit": "P",
    "ShortName": "PANT CD.VOL/CLASSIC 200",
    "IsNew": false,
    "RecentQuanityOfStockUnits": "1,1,2",
    "LongName": "PANTENE conditioner vol./clas. 200ml",
    "FicCode": "N"
  },
  {
    "productId": "776970",
    "technicalArticleNumber": "4569130",
    "commercialArticleNumber": "14725",
    "name": "shampoo classic",
    "description": "*Shampoo\n*360 ml\n*Klassiek: voor\nnormaal haar",
    "brand": "PANTENE",
    "seoBrand": "Pantene",
    "thumbNail": "https://static.colruytgroup.com/images/200x200/std.lang.all/97/16/asset-2759716.jpg",
    "fullImage": "https://static.colruytgroup.com/images/500x500/std.lang.all/97/16/asset-2759716.jpg",
    "squareImage": "https://static.colruytgroup.com/images/500x500sq/std.lang.all/97/16/asset-2759716.jpg",
    "content": "360ml",
    "walkRouteSequenceNumber": 14804,
    "price": {
      "basicPrice": 5.65,
      "recommendedQuantity": "1.0",
      "quantityPrice": 4.06,
      "quantityPriceQuantity": "3.0",
      "measurementUnitPrice": 15.7,
      "measurementUnitQuantityPrice": 11.28,
      "measurementUnit": "L",
      "isRedPrice": false,
      "pricePerUOM": 15.7,
      "activationDate": "23-03-2024",
      "recordSource": "Offline",
      "isPromoActive": "N",
      "priceChangeCode": "E",
      "quantityPricePerUOM": 11.28,
      "quantityActivationDate": "23-03-2024",
      "quantityPriceChangeCode": "E"
    },
    "isAvailable": true,
    "isPriceAvailable": true,
    "inPromo": false,
    "gtin": [
      "45400141517741",
      "15400141473138",
      "08006540475836",
      "08006540475829"
    ],
    "topCategoryName": "Lichaamsverzorging/Parfumerie",
    "topCategoryId": "591",
    "businessDomain": "RETAIL_BE",
    "IsPrivateLabel": false,
    "IsBiffe": false,
    "WeightconversionFactor": "0",
    "IsWeightArticle": false,
    "IsBio": false,
    "CountryOfOrigin": "FRANKRIJK",
    "IsExclusivelySoldInLuxembourg": false,
    "OrderUnit": "P",
    "ShortName": "PANT SH. CLASSIC 360ML",
    "IsNew": false,
    "RecentQuanityOfStockUnits": "1,3,2",
    "LongName": "PANTENE shampoo classic 360ml",
    "FicCode": "N"
  },
  {
    "productId": "757001",
    "technicalArticleNumber": "4532771",
    "commercialArticleNumber": "12119",
    "name": "Shampoo Anti-Roos",
    "description": "*Shampoo 400ml\n*Verwijdert roos\n*Kalmeert jeukend\nhoofdhuid\n*Met Aloë Vera",
    "brand": "SCHWARZKOPF",
    "seoBrand": "Schwarzkopf",
    "thumbNail": "https://static.colruytgroup.com/images/200x200/std.lang.all/07/78/asset-2740778.jpg",
    "fullImage": "https://static.colruytgroup.com/images/500x500/std.lang.all/07/78/asset-2740778.jpg",
    "squareImage": "https://static.colruytgroup.com/images/500x500sq/std.lang.all/07/78/asset-2740778.jpg",
    "content": "400ml",
    "walkRouteSequenceNumber": 15053,
    "price": {
      "basicPrice": 3.69,
      "recommendedQuantity": "1.0",
      "measurementUnitPrice": 9.23,
      "measurementUnit": "L",
      "isRedPrice": false,
      "pricePerUOM": 9.23,
      "activationDate": "23-03-2024",
      "recordSource": "Offline",
      "isPromoActive": "N",
      "priceChangeCode": "E"
    },
    "isAvailable": true,
    "isPriceAvailable": true,
    "inPromo": false,
    "gtin": [
      "05412530923240",
      "05410091763909",
      "05412530923226",
      "25400141912306"
    ],
    "topCategoryName": "Lichaamsverzorging/Parfumerie",
    "topCategoryId": "591",
    "businessDomain": "RETAIL_BE",
    "IsPrivateLabel": false,
    "IsBiffe": false,
    "WeightconversionFactor": "0",
    "IsWeightArticle": false,
    "IsBio": false,
    "CountryOfOrigin": "DUITSLAND",
    "IsExclusivelySoldInLuxembourg": false,
    "OrderUnit": "P",
    "ShortName": "SCHW SH.ANTI-ROOS 400ML",
    "IsNew": false,
    "RecentQuanityOfStockUnits": "2,1",
    "LongName": "SCHWARZKOPF Shampoo Anti-Roos 400ml",
    "FicCode": "N"
  },
  {
    "productId": "865734",
    "technicalArticleNumber": "4717955",
    "commercialArticleNumber": "4807",
    "name": "douchegel pro hydraterend",
    "description": "*Douchecrème 400ML\n*Pro Hydraterend\n*zeer droge huid\n*0% Sulfaten",
    "brand": "SANEX",
    "seoBrand": "Sanex",
    "thumbNail": "https://static.colruytgroup.com/images/200x200/std.lang.all/57/74/asset-3195774.jpg",
    "fullImage": "https://static.colruytgroup.com/images/500x500/std.lang.all/57/74/asset-3195774.jpg",
    "squareImage": "https://static.colruytgroup.com/images/500x500sq/std.lang.all/57/74/asset-3195774.jpg",
    "content": "400ml",
    "walkRouteSequenceNumber": 14703,
    "price": {
      "basicPrice": 6.15,
      "recommendedQuantity": "1.0",
      "measurementUnitPrice": 15.38,
      "measurementUnit": "L",
      "isRedPrice": false,
      "pricePerUOM": 15.38,
      "activationDate": "22-03-2024",
      "recordSource": "Offline",
      "isPromoActive": "N",
      "priceChangeCode": "H"
    },
    "isAvailable": true,
    "isPriceAvailable": true,
    "inPromo": false,
    "gtin": [
      "08718951602342",
      "08718951602267",
      "08718951602335"
    ],
    "topCategoryName": "Lichaamsverzorging/Parfumerie",
    "topCategoryId": "591",
    "businessDomain": "RETAIL_BE",
    "IsPrivateLabel": false,
    "IsBiffe": false,
    "WeightconversionFactor": "0",
    "IsWeightArticle": false,
    "IsBio": false,
    "CountryOfOrigin": "ITALIË",
    "IsExclusivelySoldInLuxembourg": false,
    "OrderUnit": "P",
    "ShortName": "SANE DCH PRO HYDRA.400",
    "IsNew": false,
    "RecentQuanityOfStockUnits": "1,2",
    "LongName": "SANEX douchegel pro hydraterend 400ml",
    "FicCode": "N"
  },
  {
    "productId": "820031",
    "technicalArticleNumber": "4652747",
    "commercialArticleNumber": "8640",
    "name": "cond. haver/rijstwater",
    "description": "*Conditioner\n*Assorti:\n-Havermout\n-Rijstwater",
    "brand": "ULTRA DOUX",
    "seoBrand": "Ultra Doux",
    "thumbNail": "https://static.colruytgroup.com/images/200x200/std.lang.all/93/53/asset-3459353.jpg",
    "fullImage": "https://static.colruytgroup.com/images/500x500/std.lang.all/93/53/asset-3459353.jpg",
    "squareImage": "https://static.colruytgroup.com/images/500x500sq/std.lang.all/93/53/asset-3459353.jpg",
    "content": "200ml",
    "walkRouteSequenceNumber": 15342,
    "price": {
      "basicPrice": 3.59,
      "recommendedQuantity": "1.0",
      "quantityPrice": 2.33,
      "quantityPriceQuantity": "3.0",
      "measurementUnitPrice": 17.95,
      "measurementUnitQuantityPrice": 11.65,
      "measurementUnit": "L",
      "isRedPrice": false,
      "pricePerUOM": 17.95,
      "activationDate": "19-03-2024",
      "recordSource": "Offline",
      "isPromoActive": "N",
      "priceChangeCode": "E",
      "quantityPricePerUOM": 11.65,
      "quantityActivationDate": "19-03-2024",
      "quantityPriceChangeCode": "H"
    },
    "isAvailable": true,
    "isPriceAvailable": true,
    "inPromo": false,
    "gtin": [
      "05410103138145",
      "05410103135960",
      "05410103135922",
      "03600542462457",
      "03600542461443"
    ],
    "topCategoryName": "Lichaamsverzorging/Parfumerie",
    "topCategoryId": "591",
    "businessDomain": "RETAIL_BE",
    "IsPrivateLabel": false,
    "IsBiffe": false,
    "WeightconversionFactor": "0",
    "IsWeightArticle": false,
    "IsBio": false,
    "CountryOfOrigin": "POLEN",
    "IsExclusivelySoldInLuxembourg": false,
    "OrderUnit": "P",
    "ShortName": "ULTD CD AVOIN/RICE.200",
    "IsNew": false,
    "RecentQuanityOfStockUnits": "2,1,1,2",
    "LongName": "ULTRA DOUX cond. haver/rijstwater 200ml",
    "FicCode": "N"
  },
  {
    "productId": "860392",
    "technicalArticleNumber": "4711203",
    "commercialArticleNumber": "8084",
    "name": "deo coco&jasmijn",
    "description": "*Anti-transpirant\n*Nourishing secrets\n*72u bescherming\n-kokosnoot & jasmijn",
    "brand": "DOVE",
    "seoBrand": "Dove Go Fresh",
    "thumbNail": "https://static.colruytgroup.com/images/200x200/std.lang.all/13/02/asset-3241302.jpg",
    "fullImage": "https://static.colruytgroup.com/images/500x500/std.lang.all/13/02/asset-3241302.jpg",
    "squareImage": "https://static.colruytgroup.com/images/500x500sq/std.lang.all/13/02/asset-3241302.jpg",
    "content": "150ml",
    "walkRouteSequenceNumber": 14752,
    "price": {
      "basicPrice": 4.39,
      "recommendedQuantity": "1.0",
      "measurementUnitPrice": 29.27,
      "measurementUnit": "L",
      "isRedPrice": false,
      "pricePerUOM": 29.27,
      "activationDate": "23-03-2024",
      "recordSource": "Folder",
      "isPromoActive": "N",
      "priceChangeCode": "E"
    },
    "isAvailable": true,
    "isPriceAvailable": true,
    "inPromo": true,
    "promotion": [
      {
        "techPromoId": "100897COLR",
        "promotionId": "100897",
        "promotionType": "4",
        "isPersonalized": "N",
        "publicationStartDate": "13-03-2024",
        "publicationEndDate": "26-03-2024"
      }
    ],
    "gtin": [
      "08720181291487",
      "08720181306006",
      "65400141867949",
      "55400141867942"
    ],
    "topCategoryName": "Lichaamsverzorging/Parfumerie",
    "topCategoryId": "591",
    "businessDomain": "RETAIL_BE",
    "IsPrivateLabel": false,
    "IsBiffe": false,
    "WeightconversionFactor": "0",
    "IsWeightArticle": false,
    "IsBio": false,
    "CountryOfOrigin": "VERENIGD KONINKRIJK",
    "IsExclusivelySoldInLuxembourg": false,
    "OrderUnit": "P",
    "ShortName": "DOVE DEO COCO&JASM150ML",
    "IsNew": false,
    "RecentQuanityOfStockUnits": "1,2",
    "LongName": "DOVE deo coco&jasmijn 150ml",
    "FicCode": "N"
  },
  {
    "productId": "706596",
    "technicalArticleNumber": "4443592",
    "commercialArticleNumber": "16298",
    "name": "douche nav.classic pouch",
    "description": "*Douchegel\n*Gevoelige huid\n*Voedende verzorging\n*Zachte huid\n*pH neutrale formule",
    "brand": "SUNLIGHT",
    "seoBrand": "Sunlight",
    "thumbNail": "https://static.colruytgroup.com/images/200x200/std.lang.all/96/44/asset-2779644.jpg",
    "fullImage": "https://static.colruytgroup.com/images/500x500/std.lang.all/96/44/asset-2779644.jpg",
    "squareImage": "https://static.colruytgroup.com/images/500x500sq/std.lang.all/96/44/asset-2779644.jpg",
    "content": "500ml",
    "walkRouteSequenceNumber": 14715,
    "price": {
      "basicPrice": 3.65,
      "recommendedQuantity": "1.0",
      "measurementUnitPrice": 7.3,
      "measurementUnit": "L",
      "isRedPrice": false,
      "pricePerUOM": 7.3,
      "activationDate": "15-03-2024",
      "recordSource": "Offline",
      "isPromoActive": "N",
      "priceChangeCode": "H"
    },
    "isAvailable": true,
    "isPriceAvailable": true,
    "inPromo": false,
    "gtin": [
      "08720181157745",
      "08720181157752"
    ],
    "topCategoryName": "Lichaamsverzorging/Parfumerie",
    "topCategoryId": "591",
    "businessDomain": "RETAIL_BE",
    "IsPrivateLabel": false,
    "IsBiffe": false,
    "WeightconversionFactor": "0",
    "IsWeightArticle": false,
    "IsBio": false,
    "CountryOfOrigin": "POLEN",
    "IsExclusivelySoldInLuxembourg": false,
    "OrderUnit": "P",
    "ShortName": "SUNL.DCH NAV.CLASSIC500",
    "IsNew": false,
    "RecentQuanityOfStockUnits": "1",
    "LongName": "SUNLIGHT douche nav.classic pouch 500ml",
    "FicCode": "N"
  },
  {
    "productId": "900274",
    "technicalArticleNumber": "4757489",
    "commercialArticleNumber": "22415",
    "name": "handzeep original",
    "description": "*Handpomp\n*Deeply Nourishing",
    "brand": "DOVE",
    "seoBrand": "Dove",
    "thumbNail": "https://static.colruytgroup.com/images/200x200/std.lang.all/06/07/asset-3330607.jpg",
    "fullImage": "https://static.colruytgroup.com/images/500x500/std.lang.all/06/07/asset-3330607.jpg",
    "squareImage": "https://static.colruytgroup.com/images/500x500sq/std.lang.all/06/07/asset-3330607.jpg",
    "content": "250ml",
    "walkRouteSequenceNumber": 15075,
    "price": {
      "basicPrice": 2.42,
      "recommendedQuantity": "1.0",
      "measurementUnitPrice": 9.68,
      "measurementUnit": "L",
      "isRedPrice": false,
      "pricePerUOM": 9.68,
      "activationDate": "23-03-2024",
      "recordSource": "Folder",
      "isPromoActive": "N",
      "priceChangeCode": "E"
    },
    "isAvailable": true,
    "isPriceAvailable": true,
    "inPromo": true,
    "promotion": [
      {
        "techPromoId": "100897COLR",
        "promotionId": "100897",
        "promotionType": "4",
        "isPersonalized": "N",
        "publicationStartDate": "13-03-2024",
        "publicationEndDate": "26-03-2024"
      }
    ],
    "gtin": [
      "75400141579344",
      "04000388177000",
      "08717644460696",
      "65400141579347"
    ],
    "topCategoryName": "Lichaamsverzorging/Parfumerie",
    "topCategoryId": "591",
    "businessDomain": "RETAIL_BE",
    "IsPrivateLabel": false,
    "IsBiffe": false,
    "WeightconversionFactor": "0",
    "IsWeightArticle": false,
    "IsBio": false,
    "CountryOfOrigin": "NEDERLAND",
    "IsExclusivelySoldInLuxembourg": false,
    "OrderUnit": "P",
    "ShortName": "DOVE HZ ORIGINAL 250ML",
    "IsNew": false,
    "RecentQuanityOfStockUnits": "1,2",
    "LongName": "DOVE handzeep original 250ml",
    "AlcoholVolume": "0",
    "FicCode": "N"
  },
  {
    "productId": "588507",
    "technicalArticleNumber": "4245791",
    "commercialArticleNumber": "20271",
    "name": "deo NP fresh/control",
    "description": "*Assortiment:\n-Fresh efficacy (48u)\n-Control",
    "brand": "SANEX",
    "seoBrand": "Sanex",
    "thumbNail": "https://static.colruytgroup.com/images/200x200/std.lang.all/90/15/asset-2079015.jpg",
    "fullImage": "https://static.colruytgroup.com/images/500x500/std.lang.all/90/15/asset-2079015.jpg",
    "squareImage": "https://static.colruytgroup.com/images/500x500sq/std.lang.all/90/15/asset-2079015.jpg",
    "content": "200ml",
    "walkRouteSequenceNumber": 14732,
    "price": {
      "basicPrice": 3.59,
      "recommendedQuantity": "1.0",
      "measurementUnitPrice": 17.95,
      "measurementUnit": "L",
      "isRedPrice": false,
      "pricePerUOM": 17.95,
      "activationDate": "22-03-2024",
      "recordSource": "Offline",
      "isPromoActive": "N",
      "priceChangeCode": "L"
    },
    "isAvailable": true,
    "isPriceAvailable": true,
    "inPromo": false,
    "gtin": [
      "08718951563032",
      "08718951563049",
      "08718951246508",
      "08718951246799",
      "08718951321007",
      "08718951321014",
      "08718951321243",
      "08718951321250",
      "15400141369172"
    ],
    "topCategoryName": "Lichaamsverzorging/Parfumerie",
    "topCategoryId": "591",
    "businessDomain": "RETAIL_BE",
    "IsPrivateLabel": false,
    "IsBiffe": false,
    "WeightconversionFactor": "0",
    "IsWeightArticle": false,
    "IsBio": false,
    "CountryOfOrigin": "ITALIË",
    "IsExclusivelySoldInLuxembourg": false,
    "OrderUnit": "P",
    "ShortName": "SANE DEO FRESH/CONT.200",
    "IsNew": false,
    "RecentQuanityOfStockUnits": "1,1,1",
    "LongName": "SANEX deo NP fresh/control 200ml",
    "FicCode": "N"
  },
  {
    "productId": "825750",
    "technicalArticleNumber": "4662810",
    "commercialArticleNumber": "29909",
    "name": "shampoo classic",
    "description": "*Anti-roos shampoo\n-Klassiek\n*72U anti-roos\nbescherming",
    "brand": "HEAD&SHOULDERS",
    "seoBrand": "head&shoulders",
    "thumbNail": "https://static.colruytgroup.com/images/200x200/std.lang.all/43/98/asset-2964398.jpg",
    "fullImage": "https://static.colruytgroup.com/images/500x500/std.lang.all/43/98/asset-2964398.jpg",
    "squareImage": "https://static.colruytgroup.com/images/500x500sq/std.lang.all/43/98/asset-2964398.jpg",
    "content": "400ml",
    "walkRouteSequenceNumber": 15037,
    "price": {
      "basicPrice": 8.29,
      "recommendedQuantity": "1.0",
      "measurementUnitPrice": 20.73,
      "measurementUnit": "L",
      "isRedPrice": false,
      "pricePerUOM": 20.73,
      "activationDate": "14-02-2024",
      "isPromoActive": "N",
      "priceChangeCode": "E"
    },
    "isAvailable": true,
    "isPriceAvailable": true,
    "inPromo": false,
    "gtin": [
      "45400141677858",
      "08001090903068",
      "08001090903211"
    ],
    "topCategoryName": "Lichaamsverzorging/Parfumerie",
    "topCategoryId": "591",
    "businessDomain": "RETAIL_BE",
    "IsPrivateLabel": false,
    "IsBiffe": false,
    "WeightconversionFactor": "0",
    "IsWeightArticle": false,
    "IsBio": false,
    "CountryOfOrigin": "FRANKRIJK",
    "IsExclusivelySoldInLuxembourg": false,
    "OrderUnit": "P",
    "ShortName": "HS SH.CLASSIC 400ML",
    "IsNew": false,
    "RecentQuanityOfStockUnits": "2,1,6",
    "LongName": "HEAD&SHOULDERS shampoo classic 400ml",
    "FicCode": "N"
  },
  {
    "productId": "272628",
    "technicalArticleNumber": "3630440",
    "commercialArticleNumber": "19467",
    "name": "shampoo Strenght&Shine",
    "description": "* Shampoo\n* 250 ml\n* 2 varianten:\n-Strenght & shine\n-Strenght & shine 2in1",
    "brand": "FRUCTIS",
    "seoBrand": "Fructis",
    "thumbNail": "https://static.colruytgroup.com/images/200x200/std.lang.all/21/23/asset-1152123.jpg",
    "fullImage": "https://static.colruytgroup.com/images/500x500/std.lang.all/21/23/asset-1152123.jpg",
    "squareImage": "https://static.colruytgroup.com/images/500x500sq/std.lang.all/21/23/asset-1152123.jpg",
    "content": "250ml",
    "walkRouteSequenceNumber": 15102,
    "price": {
      "basicPrice": 4.29,
      "recommendedQuantity": "1.0",
      "measurementUnitPrice": 17.16,
      "measurementUnit": "L",
      "isRedPrice": false,
      "pricePerUOM": 17.16,
      "activationDate": "19-03-2024",
      "recordSource": "Offline",
      "isPromoActive": "N",
      "priceChangeCode": "E"
    },
    "isAvailable": true,
    "isPriceAvailable": true,
    "inPromo": false,
    "gtin": [
      "03600541978072",
      "03600541978034",
      "75410103779309",
      "05410103790367",
      "05410103790350",
      "03600541978089",
      "03600541978041"
    ],
    "topCategoryName": "Lichaamsverzorging/Parfumerie",
    "topCategoryId": "591",
    "businessDomain": "RETAIL_BE",
    "IsPrivateLabel": false,
    "IsBiffe": false,
    "WeightconversionFactor": "0",
    "IsWeightArticle": false,
    "IsBio": false,
    "CountryOfOrigin": "BELGIË",
    "IsExclusivelySoldInLuxembourg": false,
    "OrderUnit": "P",
    "ShortName": "FRUC.STRG&SHIN.ASS250ML",
    "IsNew": false,
    "RecentQuanityOfStockUnits": "1,1,2,2",
    "LongName": "FRUCTIS shampoo Strenght&Shine 250ml",
    "AlcoholVolume": "0",
    "FicCode": "N"
  },
  {
    "productId": "847531",
    "technicalArticleNumber": "4693941",
    "commercialArticleNumber": "20629",
    "name": "Plus Wegwerpm.15+5",
    "description": "*Wegwerpscheermessen\nmet 2-voudig mesje\n*15+5 stuks",
    "brand": "GILLETTE BLUE II PLUS",
    "seoBrand": "Gillette Blue II",
    "thumbNail": "https://static.colruytgroup.com/images/200x200/std.lang.all/17/88/asset-3161788.jpg",
    "fullImage": "https://static.colruytgroup.com/images/500x500/std.lang.all/17/88/asset-3161788.jpg",
    "squareImage": "https://static.colruytgroup.com/images/500x500sq/std.lang.all/17/88/asset-3161788.jpg",
    "content": "20st",
    "walkRouteSequenceNumber": 18207,
    "price": {
      "basicPrice": 11.59,
      "recommendedQuantity": "1.0",
      "measurementUnitPrice": 0.58,
      "measurementUnit": "S",
      "isRedPrice": false,
      "pricePerUOM": 0.58,
      "activationDate": "15-03-2024",
      "recordSource": "Offline",
      "isPromoActive": "N",
      "priceChangeCode": "L"
    },
    "isAvailable": true,
    "isPriceAvailable": true,
    "inPromo": false,
    "gtin": [
      "08006540858165",
      "08006540858141"
    ],
    "topCategoryName": "Lichaamsverzorging/Parfumerie",
    "topCategoryId": "591",
    "businessDomain": "RETAIL_BE",
    "IsPrivateLabel": false,
    "IsBiffe": false,
    "WeightconversionFactor": "0",
    "IsWeightArticle": false,
    "IsBio": false,
    "CountryOfOrigin": "POLEN",
    "IsExclusivelySoldInLuxembourg": false,
    "OrderUnit": "P",
    "ShortName": "GILL.BLUE II PLUS 15+5",
    "IsNew": false,
    "RecentQuanityOfStockUnits": "1",
    "LongName": "GILLETTE BLUE II PLUS Plus Wegwerpm.15+5 20st",
    "FicCode": "N"
  },
  {
    "productId": "874293",
    "technicalArticleNumber": "4729286",
    "commercialArticleNumber": "32099",
    "name": "shampoo dream length",
    "description": "*Shampoo\n*300ml",
    "brand": "ELSEVE",
    "seoBrand": "Elseve",
    "thumbNail": "https://static.colruytgroup.com/images/200x200/std.lang.all/11/73/asset-3361173.jpg",
    "fullImage": "https://static.colruytgroup.com/images/500x500/std.lang.all/11/73/asset-3361173.jpg",
    "squareImage": "https://static.colruytgroup.com/images/500x500sq/std.lang.all/11/73/asset-3361173.jpg",
    "content": "300ml",
    "walkRouteSequenceNumber": 15085,
    "price": {
      "basicPrice": 3.92,
      "recommendedQuantity": "1.0",
      "measurementUnitPrice": 13.07,
      "measurementUnit": "L",
      "isRedPrice": false,
      "pricePerUOM": 13.07,
      "activationDate": "23-03-2024",
      "recordSource": "Folder",
      "isPromoActive": "N",
      "priceChangeCode": "E"
    },
    "isAvailable": true,
    "isPriceAvailable": true,
    "inPromo": true,
    "promotion": [
      {
        "techPromoId": "100894COLR",
        "promotionId": "100894",
        "promotionType": "4",
        "isPersonalized": "N",
        "publicationStartDate": "13-03-2024",
        "publicationEndDate": "26-03-2024"
      }
    ],
    "gtin": [
      "03600524091637",
      "05410103175195"
    ],
    "topCategoryName": "Lichaamsverzorging/Parfumerie",
    "topCategoryId": "591",
    "businessDomain": "RETAIL_BE",
    "IsPrivateLabel": false,
    "IsBiffe": false,
    "WeightconversionFactor": "0",
    "IsWeightArticle": false,
    "IsBio": false,
    "CountryOfOrigin": "FRANKRIJK",
    "IsExclusivelySoldInLuxembourg": false,
    "OrderUnit": "P",
    "ShortName": "ELSE SH DREAM LENGHT300",
    "IsNew": false,
    "RecentQuanityOfStockUnits": "2,1",
    "LongName": "ELSEVE shampoo dream length 300ml",
    "AlcoholVolume": "0",
    "FicCode": "N"
  },
  {
    "productId": "896711",
    "technicalArticleNumber": "4756326",
    "commercialArticleNumber": "13850",
    "name": "tb Clean Medium",
    "brand": "ORAL-B",
    "seoBrand": "Oral-B Pro-Expert",
    "thumbNail": "https://static.colruytgroup.com/images/200x200/std.lang.all/42/97/asset-3334297.jpg",
    "fullImage": "https://static.colruytgroup.com/images/500x500/std.lang.all/42/97/asset-3334297.jpg",
    "squareImage": "https://static.colruytgroup.com/images/500x500sq/std.lang.all/42/97/asset-3334297.jpg",
    "walkRouteSequenceNumber": 14206,
    "price": {
      "basicPrice": 4.19,
      "recommendedQuantity": "1.0",
      "quantityPrice": 2.79,
      "quantityPriceQuantity": "3.0",
      "measurementUnitPrice": 4.19,
      "measurementUnitQuantityPrice": 2.79,
      "measurementUnit": "S",
      "isRedPrice": false,
      "pricePerUOM": 4.19,
      "activationDate": "13-03-2024",
      "recordSource": "Offline",
      "isPromoActive": "N",
      "priceChangeCode": "H",
      "quantityPricePerUOM": 2.79,
      "quantityActivationDate": "13-03-2024",
      "quantityPriceChangeCode": "L"
    },
    "isAvailable": true,
    "isPriceAvailable": true,
    "inPromo": false,
    "gtin": [
      "65400141617315",
      "08700216106627",
      "08700216106597",
      "08700216106580"
    ],
    "topCategoryName": "Lichaamsverzorging/Parfumerie",
    "topCategoryId": "591",
    "businessDomain": "RETAIL_BE",
    "IsPrivateLabel": false,
    "IsBiffe": false,
    "WeightconversionFactor": "0",
    "IsWeightArticle": false,
    "IsBio": false,
    "CountryOfOrigin": "IERLAND",
    "IsExclusivelySoldInLuxembourg": false,
    "OrderUnit": "P",
    "ShortName": "ORAL TB PRO-EXP PROF PR",
    "IsNew": false,
    "RecentQuanityOfStockUnits": "2,1",
    "LongName": "ORAL-B tb Clean Medium",
    "AlcoholVolume": "0",
    "FicCode": "N"
  },
  {
    "productId": "592372",
    "technicalArticleNumber": "4251882",
    "commercialArticleNumber": "20850",
    "name": "allure Discr. Pants L&XL",
    "description": "*Discr.pants L (10s)\n*Zwaar urineverlies\n*4 in 1 bescherming\n*Odour Control\n*Discreet comfort",
    "brand": "BONI",
    "seoBrand": "Boni Selection",
    "thumbNail": "https://static.colruytgroup.com/images/200x200/std.lang.all/78/76/asset-2787876.jpg",
    "fullImage": "https://static.colruytgroup.com/images/500x500/std.lang.all/78/76/asset-2787876.jpg",
    "squareImage": "https://static.colruytgroup.com/images/500x500sq/std.lang.all/78/76/asset-2787876.jpg",
    "content": "10st",
    "walkRouteSequenceNumber": 14140,
    "price": {
      "basicPrice": 5.59,
      "recommendedQuantity": "1.0",
      "quantityPrice": 4.81,
      "quantityPriceQuantity": "5.0",
      "measurementUnitPrice": 0.56,
      "measurementUnitQuantityPrice": 0.481,
      "measurementUnit": "S",
      "isRedPrice": false,
      "pricePerUOM": 0.56,
      "activationDate": "13-03-2024",
      "recordSource": "Offline",
      "isPromoActive": "N",
      "priceChangeCode": "E",
      "quantityPricePerUOM": 0.481,
      "quantityActivationDate": "13-03-2024",
      "quantityPriceChangeCode": "H"
    },
    "isAvailable": true,
    "isPriceAvailable": true,
    "inPromo": false,
    "gtin": [
      "05400141385366",
      "15400141385363"
    ],
    "topCategoryName": "Lichaamsverzorging/Parfumerie",
    "topCategoryId": "591",
    "businessDomain": "RETAIL_BE",
    "IsPrivateLabel": true,
    "IsBiffe": false,
    "WeightconversionFactor": "0",
    "IsWeightArticle": false,
    "IsBio": false,
    "CountryOfOrigin": "BELGIË",
    "IsExclusivelySoldInLuxembourg": false,
    "OrderUnit": "P",
    "ShortName": "BONI AL.INCO BRK L&XL10",
    "IsNew": false,
    "RecentQuanityOfStockUnits": "1,4",
    "LongName": "BONI allure Discr. Pants L&XL 10st",
    "FicCode": "N"
  },
  {
    "productId": "593706",
    "technicalArticleNumber": "4253895",
    "commercialArticleNumber": "21351",
    "name": "mvb Plat.Night VP",
    "brand": "ALWAYS",
    "seoBrand": "Always",
    "thumbNail": "https://static.colruytgroup.com/images/200x200/std.lang.all/08/52/asset-2440852.jpg",
    "fullImage": "https://static.colruytgroup.com/images/500x500/std.lang.all/08/52/asset-2440852.jpg",
    "squareImage": "https://static.colruytgroup.com/images/500x500sq/std.lang.all/08/52/asset-2440852.jpg",
    "content": "20st",
    "walkRouteSequenceNumber": 14591,
    "price": {
      "basicPrice": 6.98,
      "recommendedQuantity": "2.0",
      "measurementUnitPrice": 0.349,
      "measurementUnit": "S",
      "isRedPrice": false,
      "pricePerUOM": 0.349,
      "activationDate": "13-03-2024",
      "recordSource": "Offline",
      "isPromoActive": "N",
      "priceChangeCode": "E"
    },
    "isAvailable": true,
    "isPriceAvailable": true,
    "inPromo": true,
    "promotion": [
      {
        "techPromoId": "100869COLR",
        "promotionId": "100869",
        "promotionType": "4",
        "isPersonalized": "N",
        "publicationStartDate": "13-03-2024",
        "publicationEndDate": "26-03-2024"
      }
    ],
    "gtin": [
      "35400141387989",
      "08001841703411",
      "08001841703435"
    ],
    "topCategoryName": "Lichaamsverzorging/Parfumerie",
    "topCategoryId": "591",
    "businessDomain": "RETAIL_BE",
    "IsPrivateLabel": false,
    "IsBiffe": false,
    "WeightconversionFactor": "0",
    "IsWeightArticle": false,
    "IsBio": false,
    "CountryOfOrigin": "DUITSLAND",
    "IsExclusivelySoldInLuxembourg": false,
    "OrderUnit": "P",
    "ShortName": "ALWA MVB PL.NIGHT VP 20",
    "InSeason": true,
    "IsNew": false,
    "RecentQuanityOfStockUnits": "2,1",
    "LongName": "ALWAYS mvb Plat.Night VP 20st",
    "StartSeasonDate": "31/05/2023",
    "FicCode": "N"
  },
  {
    "productId": "827174",
    "technicalArticleNumber": "4665014",
    "commercialArticleNumber": "30137",
    "name": "Cotton Feel Normal Aloe",
    "brand": "CAREFREE",
    "seoBrand": "Carefree",
    "thumbNail": "https://static.colruytgroup.com/images/200x200/std.lang.all/86/92/asset-3368692.jpg",
    "fullImage": "https://static.colruytgroup.com/images/500x500/std.lang.all/86/92/asset-3368692.jpg",
    "squareImage": "https://static.colruytgroup.com/images/500x500sq/std.lang.all/86/92/asset-3368692.jpg",
    "content": "56st",
    "walkRouteSequenceNumber": 14416,
    "price": {
      "basicPrice": 4.79,
      "recommendedQuantity": "1.0",
      "quantityPrice": 3.99,
      "quantityPriceQuantity": "3.0",
      "measurementUnitPrice": 0.086,
      "measurementUnitQuantityPrice": 0.072,
      "measurementUnit": "S",
      "isRedPrice": false,
      "pricePerUOM": 0.086,
      "activationDate": "20-03-2024",
      "recordSource": "Offline",
      "isPromoActive": "N",
      "priceChangeCode": "E",
      "quantityPricePerUOM": 0.072,
      "quantityActivationDate": "20-03-2024",
      "quantityPriceChangeCode": "H"
    },
    "isAvailable": true,
    "isPriceAvailable": true,
    "inPromo": false,
    "gtin": [
      "55400141456818",
      "03574661502618",
      "03574661486307"
    ],
    "topCategoryName": "Lichaamsverzorging/Parfumerie",
    "topCategoryId": "591",
    "businessDomain": "RETAIL_BE",
    "IsPrivateLabel": false,
    "IsBiffe": false,
    "WeightconversionFactor": "0",
    "IsWeightArticle": false,
    "IsBio": false,
    "CountryOfOrigin": "ITALIË",
    "IsExclusivelySoldInLuxembourg": false,
    "OrderUnit": "P",
    "ShortName": "CARE COT.FEEL NORM.AL56",
    "IsNew": false,
    "RecentQuanityOfStockUnits": "2,1",
    "LongName": "CAREFREE Cotton Feel Normal Aloe 56st",
    "FicCode": "N"
  },
  {
    "productId": "866881",
    "technicalArticleNumber": "4719549",
    "commercialArticleNumber": "10007",
    "name": "Discreet ultra mini",
    "description": "*Inlegkruisjes (28s)\n*licht urineverlies\n*Triple Protection\n*Odour Control\n*Parfumvrij",
    "brand": "TENA",
    "seoBrand": "Tena Discreet",
    "thumbNail": "https://static.colruytgroup.com/images/200x200/std.lang.all/33/52/asset-3193352.jpg",
    "fullImage": "https://static.colruytgroup.com/images/500x500/std.lang.all/33/52/asset-3193352.jpg",
    "squareImage": "https://static.colruytgroup.com/images/500x500sq/std.lang.all/33/52/asset-3193352.jpg",
    "content": "28st",
    "walkRouteSequenceNumber": 14265,
    "price": {
      "basicPrice": 2.99,
      "recommendedQuantity": "1.0",
      "measurementUnitPrice": 0.107,
      "measurementUnit": "S",
      "isRedPrice": false,
      "pricePerUOM": 0.107,
      "activationDate": "13-03-2024",
      "recordSource": "Offline",
      "isPromoActive": "Y",
      "priceChangeCode": "E"
    },
    "isAvailable": true,
    "isPriceAvailable": true,
    "inPromo": true,
    "promotion": [
      {
        "techPromoId": "100838COLR",
        "promotionId": "100838",
        "promotionType": "3",
        "isPersonalized": "N",
        "publicationStartDate": "13-03-2024",
        "publicationEndDate": "26-03-2024"
      }
    ],
    "gtin": [
      "07310791247649",
      "07322541079783"
    ],
    "topCategoryName": "Lichaamsverzorging/Parfumerie",
    "topCategoryId": "591",
    "businessDomain": "RETAIL_BE",
    "IsPrivateLabel": false,
    "IsBiffe": false,
    "WeightconversionFactor": "0",
    "IsWeightArticle": false,
    "IsBio": false,
    "CountryOfOrigin": "SLOWAKIJE",
    "IsExclusivelySoldInLuxembourg": false,
    "OrderUnit": "P",
    "ShortName": "TENA ILK ULT.MIN 28ST",
    "IsNew": false,
    "RecentQuanityOfStockUnits": "1,10",
    "LongName": "TENA Discreet ultra mini 28st",
    "AlcoholVolume": "0",
    "FicCode": "N"
  },
  {
    "productId": "191689",
    "technicalArticleNumber": "3453284",
    "commercialArticleNumber": "12366",
    "name": "deo Sport/Carribean Lemon roller",
    "description": "*Assorti:\n-Exotisch fris lemon\n-Groene citrus\n*Anti-transpirant",
    "brand": "FA",
    "seoBrand": "Fa",
    "thumbNail": "https://static.colruytgroup.com/images/200x200/std.lang.all/06/54/asset-3040654.jpg",
    "fullImage": "https://static.colruytgroup.com/images/500x500/std.lang.all/06/54/asset-3040654.jpg",
    "squareImage": "https://static.colruytgroup.com/images/500x500sq/std.lang.all/06/54/asset-3040654.jpg",
    "content": "50ml",
    "walkRouteSequenceNumber": 14685,
    "price": {
      "basicPrice": 3.59,
      "recommendedQuantity": "1.0",
      "quantityPrice": 1.84,
      "quantityPriceQuantity": "2.0",
      "measurementUnitPrice": 71.8,
      "measurementUnitQuantityPrice": 36.8,
      "measurementUnit": "L",
      "isRedPrice": false,
      "pricePerUOM": 71.8,
      "activationDate": "23-03-2024",
      "recordSource": "Offline",
      "isPromoActive": "N",
      "priceChangeCode": "E",
      "quantityPricePerUOM": 36.8,
      "quantityActivationDate": "23-03-2024",
      "quantityPriceChangeCode": "E"
    },
    "isAvailable": true,
    "isPriceAvailable": true,
    "inPromo": false,
    "gtin": [
      "05410091728571",
      "05400141219661",
      "15400141885320",
      "05412530849830",
      "05412530849816",
      "05410091728588",
      "05410091771676",
      "05412530942326"
    ],
    "topCategoryName": "Lichaamsverzorging/Parfumerie",
    "topCategoryId": "591",
    "businessDomain": "RETAIL_BE",
    "IsPrivateLabel": false,
    "IsBiffe": false,
    "WeightconversionFactor": "0",
    "IsWeightArticle": false,
    "IsBio": false,
    "CountryOfOrigin": "DUITSLAND",
    "IsExclusivelySoldInLuxembourg": false,
    "OrderUnit": "P",
    "ShortName": "FA ROLL GL.SPORT/LEM50",
    "InSeason": true,
    "IsNew": false,
    "RecentQuanityOfStockUnits": "1,2,1",
    "LongName": "FA deo Sport/Carribean Lemon roller 50ml",
    "AlcoholVolume": "0",
    "StartSeasonDate": "22/11/2022",
    "FicCode": "N"
  },
  {
    "productId": "353624",
    "technicalArticleNumber": "3867334",
    "commercialArticleNumber": "13254",
    "name": "tandpasta integral8 herbal",
    "description": "*Tandpasta\n*Mondhygiëne\n*Witte tanden\n*Anticariës\n*Gezond tandvlees",
    "brand": "SIGNAL",
    "seoBrand": "Signal Integral 8",
    "thumbNail": "https://static.colruytgroup.com/images/200x200/nl_be/02/74/asset-2040274.jpg",
    "fullImage": "https://static.colruytgroup.com/images/500x500/nl_be/02/74/asset-2040274.jpg",
    "squareImage": "https://static.colruytgroup.com/images/500x500sq/nl_be/02/74/asset-2040274.jpg",
    "content": "75ml",
    "walkRouteSequenceNumber": 14331,
    "price": {
      "basicPrice": 2.99,
      "recommendedQuantity": "1.0",
      "measurementUnitPrice": 39.87,
      "measurementUnit": "L",
      "isRedPrice": false,
      "pricePerUOM": 39.87,
      "activationDate": "17-02-2024",
      "recordSource": "Offline",
      "isPromoActive": "N",
      "priceChangeCode": "E"
    },
    "isAvailable": true,
    "isPriceAvailable": true,
    "inPromo": false,
    "gtin": [
      "08710447328095",
      "08710447328422",
      "08710447328088"
    ],
    "topCategoryName": "Lichaamsverzorging/Parfumerie",
    "topCategoryId": "591",
    "businessDomain": "RETAIL_BE",
    "IsPrivateLabel": false,
    "IsBiffe": false,
    "WeightconversionFactor": "0",
    "IsWeightArticle": false,
    "IsBio": false,
    "CountryOfOrigin": "FRANKRIJK",
    "IsExclusivelySoldInLuxembourg": false,
    "OrderUnit": "P",
    "ShortName": "SIGN INT8 TP SEN.HERB75",
    "IsNew": false,
    "RecentQuanityOfStockUnits": "1",
    "LongName": "SIGNAL tandpasta integral8 herbal 75ml",
    "AlcoholVolume": "0",
    "FicCode": "N"
  },
  {
    "productId": "201516",
    "technicalArticleNumber": "3441231",
    "commercialArticleNumber": "23251",
    "name": "inlegkruisjes Normal Lights",
    "description": "*Inlegkruisjes (24s)\n*licht urineverlies\n*Zacht voor de huid\n*3 mm dun\n*Parfumvrij",
    "brand": "TENA",
    "seoBrand": "Tena Discreet",
    "thumbNail": "https://static.colruytgroup.com/images/200x200/std.lang.all/71/50/asset-3017150.jpg",
    "fullImage": "https://static.colruytgroup.com/images/500x500/std.lang.all/71/50/asset-3017150.jpg",
    "squareImage": "https://static.colruytgroup.com/images/500x500sq/std.lang.all/71/50/asset-3017150.jpg",
    "content": "24st",
    "walkRouteSequenceNumber": 14268,
    "price": {
      "basicPrice": 2.99,
      "recommendedQuantity": "1.0",
      "measurementUnitPrice": 0.125,
      "measurementUnit": "S",
      "isRedPrice": false,
      "pricePerUOM": 0.125,
      "activationDate": "21-03-2024",
      "recordSource": "Folder",
      "isPromoActive": "N",
      "priceChangeCode": "L"
    },
    "isAvailable": true,
    "isPriceAvailable": true,
    "inPromo": true,
    "promotion": [
      {
        "techPromoId": "100838COLR",
        "promotionId": "100838",
        "promotionType": "3",
        "isPersonalized": "N",
        "publicationStartDate": "13-03-2024",
        "publicationEndDate": "26-03-2024"
      }
    ],
    "gtin": [
      "07322540721546",
      "07322540721539"
    ],
    "topCategoryName": "Lichaamsverzorging/Parfumerie",
    "topCategoryId": "591",
    "businessDomain": "RETAIL_BE",
    "IsPrivateLabel": false,
    "IsBiffe": false,
    "WeightconversionFactor": "0",
    "IsWeightArticle": false,
    "IsBio": false,
    "CountryOfOrigin": "VERENIGD KONINKRIJK",
    "IsExclusivelySoldInLuxembourg": false,
    "OrderUnit": "P",
    "ShortName": "TENA ILK.NORM 24ST",
    "IsNew": false,
    "RecentQuanityOfStockUnits": "1,6",
    "LongName": "TENA inlegkruisjes Normal Lights 24st",
    "AlcoholVolume": "0",
    "FicCode": "N"
  },
  {
    "productId": "780970",
    "technicalArticleNumber": "4577116",
    "commercialArticleNumber": "28827",
    "name": "maandverband normal+",
    "brand": "ALWAYS MAXI",
    "seoBrand": "Always Maxi",
    "thumbNail": "https://static.colruytgroup.com/images/200x200/std.lang.all/35/20/asset-2843520.jpg",
    "fullImage": "https://static.colruytgroup.com/images/500x500/std.lang.all/35/20/asset-2843520.jpg",
    "squareImage": "https://static.colruytgroup.com/images/500x500sq/std.lang.all/35/20/asset-2843520.jpg",
    "content": "20st",
    "walkRouteSequenceNumber": 14556,
    "price": {
      "basicPrice": 4.15,
      "recommendedQuantity": "2.0",
      "quantityPrice": 2.84,
      "quantityPriceQuantity": "3.0",
      "measurementUnitPrice": 0.208,
      "measurementUnitQuantityPrice": 0.142,
      "measurementUnit": "S",
      "isRedPrice": false,
      "pricePerUOM": 0.208,
      "activationDate": "18-03-2024",
      "recordSource": "Offline",
      "isPromoActive": "N",
      "priceChangeCode": "E",
      "quantityPricePerUOM": 0.142,
      "quantityActivationDate": "18-03-2024",
      "quantityPriceChangeCode": "H"
    },
    "isAvailable": true,
    "isPriceAvailable": true,
    "inPromo": false,
    "gtin": [
      "08006540588420",
      "85400141510252",
      "08006540588437"
    ],
    "topCategoryName": "Lichaamsverzorging/Parfumerie",
    "topCategoryId": "591",
    "businessDomain": "RETAIL_BE",
    "IsPrivateLabel": false,
    "IsBiffe": false,
    "WeightconversionFactor": "0",
    "IsWeightArticle": false,
    "IsBio": false,
    "CountryOfOrigin": "HONGARIJE",
    "IsExclusivelySoldInLuxembourg": false,
    "OrderUnit": "P",
    "ShortName": "ALWA MAXI MVB NORMAL+20",
    "IsNew": false,
    "RecentQuanityOfStockUnits": "1,2",
    "LongName": "ALWAYS MAXI maandverband normal+ 20st",
    "FicCode": "N"
  },
  {
    "productId": "1809",
    "technicalArticleNumber": "23434",
    "commercialArticleNumber": "23434",
    "name": "aftershave Orig./Gold/Black",
    "description": "*Aftershave\n*3 parfums:\n-Original\n-Gold\n-Black",
    "brand": "DENIM",
    "seoBrand": "Denim",
    "thumbNail": "https://static.colruytgroup.com/images/200x200/std.lang.all/66/03/asset-2046603.jpg",
    "fullImage": "https://static.colruytgroup.com/images/500x500/std.lang.all/66/03/asset-2046603.jpg",
    "squareImage": "https://static.colruytgroup.com/images/500x500sq/std.lang.all/66/03/asset-2046603.jpg",
    "content": "100ml",
    "walkRouteSequenceNumber": 15202,
    "price": {
      "basicPrice": 11.49,
      "recommendedQuantity": "1.0",
      "measurementUnitPrice": 114.9,
      "measurementUnit": "L",
      "isRedPrice": false,
      "pricePerUOM": 114.9,
      "activationDate": "20-03-2024",
      "recordSource": "Offline",
      "isPromoActive": "N",
      "priceChangeCode": "H"
    },
    "isAvailable": true,
    "isPriceAvailable": true,
    "inPromo": false,
    "gtin": [
      "08008970004631",
      "08008970004655",
      "08008970037189",
      "08008970417097",
      "08008970417103",
      "08008970419602",
      "08008970418742",
      "08008970418759",
      "08008970418773",
      "05410196490663",
      "08008970004051",
      "08008970004327",
      "08008970420752"
    ],
    "topCategoryName": "Lichaamsverzorging/Parfumerie",
    "topCategoryId": "591",
    "businessDomain": "RETAIL_BE",
    "IsPrivateLabel": false,
    "IsBiffe": false,
    "WeightconversionFactor": "0",
    "IsWeightArticle": false,
    "IsBio": false,
    "CountryOfOrigin": "ITALIË",
    "IsExclusivelySoldInLuxembourg": false,
    "OrderUnit": "P",
    "ShortName": "DENI AFS ORI/BL/GOLD100",
    "InSeason": true,
    "IsNew": false,
    "RecentQuanityOfStockUnits": "1,1,1",
    "LongName": "DENIM aftershave Orig./Gold/Black 100ml",
    "AlcoholVolume": "0",
    "StartSeasonDate": "23/04/2018",
    "FicCode": "N"
  },
  {
    "productId": "879566",
    "technicalArticleNumber": "4736017",
    "commercialArticleNumber": "27185",
    "name": "anti roos/vitamax",
    "description": "*Shampoo\n*300ml\n*2 parfums: anti roos\n-vitamax",
    "brand": "ELSEVE",
    "seoBrand": "Elseve",
    "thumbNail": "https://static.colruytgroup.com/images/200x200/std.lang.all/11/49/asset-3361149.jpg",
    "fullImage": "https://static.colruytgroup.com/images/500x500/std.lang.all/11/49/asset-3361149.jpg",
    "squareImage": "https://static.colruytgroup.com/images/500x500sq/std.lang.all/11/49/asset-3361149.jpg",
    "content": "300ml",
    "walkRouteSequenceNumber": 15107,
    "price": {
      "basicPrice": 4.29,
      "recommendedQuantity": "1.0",
      "quantityPrice": 3.33,
      "quantityPriceQuantity": "3.0",
      "measurementUnitPrice": 14.3,
      "measurementUnitQuantityPrice": 11.1,
      "measurementUnit": "L",
      "isRedPrice": false,
      "pricePerUOM": 14.3,
      "activationDate": "23-03-2024",
      "recordSource": "Offline",
      "isPromoActive": "N",
      "priceChangeCode": "E",
      "quantityPricePerUOM": 11.1,
      "quantityActivationDate": "23-03-2024",
      "quantityPriceChangeCode": "E"
    },
    "isAvailable": true,
    "isPriceAvailable": true,
    "inPromo": false,
    "gtin": [
      "05410103175270",
      "05410103154794",
      "03600524091712",
      "03600524091552"
    ],
    "topCategoryName": "Lichaamsverzorging/Parfumerie",
    "topCategoryId": "591",
    "businessDomain": "RETAIL_BE",
    "IsPrivateLabel": false,
    "IsBiffe": false,
    "WeightconversionFactor": "0",
    "IsWeightArticle": false,
    "IsBio": false,
    "CountryOfOrigin": "FRANKRIJK",
    "IsExclusivelySoldInLuxembourg": false,
    "OrderUnit": "P",
    "ShortName": "ELS.SH.ANTI R/VITAM.300",
    "IsNew": false,
    "RecentQuanityOfStockUnits": "2,2,1,1",
    "LongName": "ELSEVE anti roos/vitamax 300ml",
    "AlcoholVolume": "0",
    "FicCode": "N"
  },
  {
    "productId": "792768",
    "technicalArticleNumber": "4600203",
    "commercialArticleNumber": "5289",
    "name": "deodorant black",
    "description": "*Man deodorant\n*Anti-transpiratie\n*Aantrekkelijke geur\n*48u bescherming\n*Tegen zweet",
    "brand": "AXE",
    "seoBrand": "Axe",
    "thumbNail": "https://static.colruytgroup.com/images/200x200/std.lang.all/93/71/asset-2809371.jpg",
    "fullImage": "https://static.colruytgroup.com/images/500x500/std.lang.all/93/71/asset-2809371.jpg",
    "squareImage": "https://static.colruytgroup.com/images/500x500sq/std.lang.all/93/71/asset-2809371.jpg",
    "content": "200ml",
    "walkRouteSequenceNumber": 14678,
    "price": {
      "basicPrice": 4.99,
      "recommendedQuantity": "1.0",
      "measurementUnitPrice": 24.95,
      "measurementUnit": "L",
      "isRedPrice": false,
      "pricePerUOM": 24.95,
      "activationDate": "20-03-2024",
      "recordSource": "Offline",
      "isPromoActive": "N",
      "priceChangeCode": "L"
    },
    "isAvailable": true,
    "isPriceAvailable": true,
    "inPromo": false,
    "gtin": [
      "75400141762319",
      "08720181026157",
      "08720181025891",
      "65400141762312"
    ],
    "topCategoryName": "Lichaamsverzorging/Parfumerie",
    "topCategoryId": "591",
    "businessDomain": "RETAIL_BE",
    "IsPrivateLabel": false,
    "IsBiffe": false,
    "WeightconversionFactor": "0",
    "IsWeightArticle": false,
    "IsBio": false,
    "CountryOfOrigin": "VERENIGD KONINKRIJK",
    "IsExclusivelySoldInLuxembourg": false,
    "OrderUnit": "P",
    "ShortName": "AXE DEO BLACK 200ML",
    "IsNew": false,
    "RecentQuanityOfStockUnits": "1,2",
    "LongName": "AXE deodorant black 200ml",
    "FicCode": "N"
  },
  {
    "productId": "100714",
    "technicalArticleNumber": "2842907",
    "commercialArticleNumber": "8193",
    "name": "shampoo classic",
    "description": "*Shampoo\n*250 ml\n*Classic Care: voor\nnormaal haar",
    "brand": "NIVEA",
    "seoBrand": "Nivea",
    "thumbNail": "https://static.colruytgroup.com/images/200x200/std.lang.all/04/50/asset-2040450.jpg",
    "fullImage": "https://static.colruytgroup.com/images/500x500/std.lang.all/04/50/asset-2040450.jpg",
    "squareImage": "https://static.colruytgroup.com/images/500x500sq/std.lang.all/04/50/asset-2040450.jpg",
    "content": "250ml",
    "walkRouteSequenceNumber": 15016,
    "price": {
      "basicPrice": 3.69,
      "recommendedQuantity": "1.0",
      "quantityPrice": 1.99,
      "quantityPriceQuantity": "4.0",
      "measurementUnitPrice": 14.76,
      "measurementUnitQuantityPrice": 7.96,
      "measurementUnit": "L",
      "isRedPrice": false,
      "pricePerUOM": 14.76,
      "activationDate": "20-03-2024",
      "recordSource": "Offline",
      "isPromoActive": "N",
      "priceChangeCode": "E",
      "quantityPricePerUOM": 7.96,
      "quantityActivationDate": "20-03-2024",
      "quantityPriceChangeCode": "L"
    },
    "isAvailable": true,
    "isPriceAvailable": true,
    "inPromo": false,
    "gtin": [
      "04005808675876",
      "04005900175908",
      "04005900175922",
      "04005900175953",
      "04005900176141",
      "05400141028515",
      "04005900175939",
      "04005900175946"
    ],
    "topCategoryName": "Lichaamsverzorging/Parfumerie",
    "topCategoryId": "591",
    "businessDomain": "RETAIL_BE",
    "IsPrivateLabel": false,
    "IsBiffe": false,
    "WeightconversionFactor": "0",
    "IsWeightArticle": false,
    "IsBio": false,
    "CountryOfOrigin": "DUITSLAND",
    "IsExclusivelySoldInLuxembourg": false,
    "OrderUnit": "P",
    "ShortName": "NIVE.SH.CLASSIC250",
    "IsNew": false,
    "RecentQuanityOfStockUnits": "1,2",
    "LongName": "NIVEA shampoo classic 250ml",
    "AlcoholVolume": "0",
    "FicCode": "N"
  },
  {
    "productId": "114972",
    "technicalArticleNumber": "3058564",
    "commercialArticleNumber": "282361",
    "name": "Simply Venus 2",
    "description": "*Wegwerpscheermes\nmet 3-voudig mesje\n*15 stuks",
    "brand": "GILLETTE VENUS",
    "seoBrand": "Gillette",
    "thumbNail": "https://static.colruytgroup.com/images/200x200/std.lang.all/56/23/asset-365623.jpg",
    "fullImage": "https://static.colruytgroup.com/images/500x500/std.lang.all/56/23/asset-365623.jpg",
    "squareImage": "https://static.colruytgroup.com/images/500x500sq/std.lang.all/56/23/asset-365623.jpg",
    "content": "15st",
    "walkRouteSequenceNumber": 15128,
    "price": {
      "basicPrice": 6.15,
      "recommendedQuantity": "1.0",
      "measurementUnitPrice": 0.62,
      "measurementUnit": "S",
      "isRedPrice": false,
      "pricePerUOM": 0.62,
      "activationDate": "30-01-2024",
      "recordSource": "Offline",
      "isPromoActive": "N",
      "priceChangeCode": "H"
    },
    "isAvailable": true,
    "isPriceAvailable": true,
    "inPromo": false,
    "gtin": [
      "07702018951031",
      "07702018951048"
    ],
    "topCategoryName": "Lichaamsverzorging/Parfumerie",
    "topCategoryId": "591",
    "businessDomain": "NON_FOOD",
    "IsPrivateLabel": false,
    "IsBiffe": false,
    "IsWeightArticle": false,
    "RecentQuanityOfStockUnits": "1",
    "LongName": "GILLETTE VENUS Simply Venus 2 15st",
    "IsBio": false,
    "CountryOfOrigin": "BELGIË",
    "FicCode": "N",
    "OrderUnit": "P",
    "ShortName": "GIL.BLUE II PLUS 10+5",
    "IsNew": false
  },
  {
    "productId": "825547",
    "technicalArticleNumber": "4662427",
    "commercialArticleNumber": "29885",
    "name": "plus large",
    "brand": "CAREFREE",
    "seoBrand": "Carefree",
    "thumbNail": "https://static.colruytgroup.com/images/200x200/std.lang.all/36/90/asset-2933690.jpg",
    "fullImage": "https://static.colruytgroup.com/images/500x500/std.lang.all/36/90/asset-2933690.jpg",
    "squareImage": "https://static.colruytgroup.com/images/500x500sq/std.lang.all/36/90/asset-2933690.jpg",
    "content": "64st",
    "walkRouteSequenceNumber": 14422,
    "price": {
      "basicPrice": 6.46,
      "recommendedQuantity": "1.0",
      "quantityPrice": 4.43,
      "quantityPriceQuantity": "2.0",
      "measurementUnitPrice": 0.101,
      "measurementUnitQuantityPrice": 0.07,
      "measurementUnit": "S",
      "isRedPrice": false,
      "pricePerUOM": 0.101,
      "activationDate": "23-03-2024",
      "recordSource": "Offline",
      "isPromoActive": "N",
      "priceChangeCode": "E",
      "quantityPricePerUOM": 0.07,
      "quantityActivationDate": "23-03-2024",
      "quantityPriceChangeCode": "E"
    },
    "isAvailable": true,
    "isPriceAvailable": true,
    "inPromo": false,
    "gtin": [
      "75400141456812",
      "03574661487632",
      "03574661503240"
    ],
    "topCategoryName": "Lichaamsverzorging/Parfumerie",
    "topCategoryId": "591",
    "businessDomain": "RETAIL_BE",
    "IsPrivateLabel": false,
    "IsBiffe": false,
    "WeightconversionFactor": "0",
    "IsWeightArticle": false,
    "IsBio": false,
    "CountryOfOrigin": "ITALIË",
    "IsExclusivelySoldInLuxembourg": false,
    "OrderUnit": "P",
    "ShortName": "CARE PLUS LARGE 64ST",
    "IsNew": false,
    "RecentQuanityOfStockUnits": "2,1",
    "LongName": "CAREFREE plus large 64st",
    "FicCode": "N"
  },
  {
    "productId": "864467",
    "technicalArticleNumber": "4716275",
    "commercialArticleNumber": "32012",
    "name": "douche citroen-coco",
    "brand": "TAHITI",
    "seoBrand": "Tahiti",
    "thumbNail": "https://static.colruytgroup.com/images/200x200/std.lang.all/38/50/asset-3193850.jpg",
    "fullImage": "https://static.colruytgroup.com/images/500x500/std.lang.all/38/50/asset-3193850.jpg",
    "squareImage": "https://static.colruytgroup.com/images/500x500sq/std.lang.all/38/50/asset-3193850.jpg",
    "content": "250ml",
    "walkRouteSequenceNumber": 14643,
    "price": {
      "basicPrice": 2.99,
      "recommendedQuantity": "1.0",
      "quantityPrice": 1.82,
      "quantityPriceQuantity": "2.0",
      "measurementUnitPrice": 11.96,
      "measurementUnitQuantityPrice": 7.28,
      "measurementUnit": "L",
      "isRedPrice": false,
      "pricePerUOM": 11.96,
      "activationDate": "20-03-2024",
      "recordSource": "Offline",
      "isPromoActive": "N",
      "priceChangeCode": "H",
      "quantityPricePerUOM": 7.28,
      "quantityActivationDate": "20-03-2024",
      "quantityPriceChangeCode": "H"
    },
    "isAvailable": true,
    "isPriceAvailable": true,
    "inPromo": false,
    "gtin": [
      "08718951544406",
      "08718951544413",
      "75400141712642"
    ],
    "topCategoryName": "Lichaamsverzorging/Parfumerie",
    "topCategoryId": "591",
    "businessDomain": "RETAIL_BE",
    "IsPrivateLabel": false,
    "IsBiffe": false,
    "WeightconversionFactor": "0",
    "IsWeightArticle": false,
    "IsBio": false,
    "CountryOfOrigin": "FRANKRIJK",
    "IsExclusivelySoldInLuxembourg": false,
    "OrderUnit": "P",
    "ShortName": "TAHI DCH CITR-COCO 250",
    "IsNew": false,
    "RecentQuanityOfStockUnits": "2,1",
    "LongName": "TAHITI douche citroen-coco 250ml",
    "FicCode": "N"
  },
  {
    "productId": "77307",
    "technicalArticleNumber": "2738395",
    "commercialArticleNumber": "12548",
    "name": "tandpasta kinderen 2in1",
    "description": "*Verstevigt en\nbeschermt het gebit\n*Zonder suiker, met\nfluor\n*Aardbeien",
    "brand": "THERAMED",
    "seoBrand": "Theramed Junior",
    "thumbNail": "https://static.colruytgroup.com/images/200x200/std.lang.all/07/52/asset-660752.jpg",
    "fullImage": "https://static.colruytgroup.com/images/500x500/std.lang.all/07/52/asset-660752.jpg",
    "squareImage": "https://static.colruytgroup.com/images/500x500sq/std.lang.all/07/52/asset-660752.jpg",
    "content": "75ml",
    "walkRouteSequenceNumber": 14195,
    "price": {
      "basicPrice": 3.35,
      "recommendedQuantity": "1.0",
      "measurementUnitPrice": 44.67,
      "measurementUnit": "L",
      "isRedPrice": false,
      "pricePerUOM": 44.67,
      "activationDate": "23-01-2024",
      "recordSource": "Offline",
      "isPromoActive": "N",
      "priceChangeCode": "E"
    },
    "isAvailable": true,
    "isPriceAvailable": true,
    "inPromo": false,
    "gtin": [
      "05412530744067",
      "05410091669836",
      "05400141012989"
    ],
    "topCategoryName": "Lichaamsverzorging/Parfumerie",
    "topCategoryId": "591",
    "businessDomain": "RETAIL_BE",
    "IsPrivateLabel": false,
    "IsBiffe": false,
    "WeightconversionFactor": "0",
    "IsWeightArticle": false,
    "IsBio": false,
    "CountryOfOrigin": "SLOVENIË",
    "IsExclusivelySoldInLuxembourg": false,
    "OrderUnit": "P",
    "ShortName": "THERAM.2IN1 JUN.AARD.75",
    "IsNew": false,
    "RecentQuanityOfStockUnits": "1,2",
    "LongName": "THERAMED tandpasta kinderen 2in1 75ml",
    "AlcoholVolume": "0",
    "FicCode": "N"
  },
  {
    "productId": "873220",
    "technicalArticleNumber": "4727982",
    "commercialArticleNumber": "28100",
    "name": "mondwater Advanced White",
    "description": "*Wittere tanden\n*Milde Muntsmaak",
    "brand": "LISTERINE",
    "seoBrand": "Listerine",
    "thumbNail": "https://static.colruytgroup.com/images/200x200/std.lang.all/77/35/asset-3237735.jpg",
    "fullImage": "https://static.colruytgroup.com/images/500x500/std.lang.all/77/35/asset-3237735.jpg",
    "squareImage": "https://static.colruytgroup.com/images/500x500sq/std.lang.all/77/35/asset-3237735.jpg",
    "content": "500ml",
    "walkRouteSequenceNumber": 14451,
    "price": {
      "basicPrice": 5.69,
      "recommendedQuantity": "1.0",
      "quantityPrice": 5.32,
      "quantityPriceQuantity": "3.0",
      "measurementUnitPrice": 11.38,
      "measurementUnitQuantityPrice": 10.64,
      "measurementUnit": "L",
      "isRedPrice": false,
      "pricePerUOM": 11.38,
      "activationDate": "23-03-2024",
      "recordSource": "Offline",
      "isPromoActive": "N",
      "priceChangeCode": "E",
      "quantityPricePerUOM": 10.64,
      "quantityActivationDate": "23-03-2024",
      "quantityPriceChangeCode": "E"
    },
    "isAvailable": true,
    "isPriceAvailable": true,
    "inPromo": false,
    "gtin": [
      "75400141433073",
      "03574661745039",
      "03574661745114"
    ],
    "topCategoryName": "Lichaamsverzorging/Parfumerie",
    "topCategoryId": "591",
    "businessDomain": "RETAIL_BE",
    "IsPrivateLabel": false,
    "IsBiffe": false,
    "WeightconversionFactor": "0",
    "IsWeightArticle": false,
    "IsBio": false,
    "CountryOfOrigin": "ITALIË",
    "IsExclusivelySoldInLuxembourg": false,
    "OrderUnit": "P",
    "ShortName": "LIST.ADV.WHITE MINT500",
    "IsNew": false,
    "RecentQuanityOfStockUnits": "1,2",
    "LongName": "LISTERINE mondwater Advanced White 500ml",
    "FicCode": "N"
  },
  {
    "productId": "583095",
    "technicalArticleNumber": "4236624",
    "commercialArticleNumber": "18673",
    "name": "shampoo strong power",
    "brand": "NIVEA MEN",
    "seoBrand": "Nivea",
    "thumbNail": "https://static.colruytgroup.com/images/200x200/std.lang.all/49/17/asset-2084917.jpg",
    "fullImage": "https://static.colruytgroup.com/images/500x500/std.lang.all/49/17/asset-2084917.jpg",
    "squareImage": "https://static.colruytgroup.com/images/500x500sq/std.lang.all/49/17/asset-2084917.jpg",
    "content": "400ml",
    "walkRouteSequenceNumber": 15018,
    "price": {
      "basicPrice": 5.19,
      "recommendedQuantity": "1.0",
      "quantityPrice": 3.46,
      "quantityPriceQuantity": "2.0",
      "measurementUnitPrice": 12.98,
      "measurementUnitQuantityPrice": 8.65,
      "measurementUnit": "L",
      "isRedPrice": false,
      "pricePerUOM": 12.98,
      "activationDate": "23-03-2024",
      "recordSource": "Offline",
      "isPromoActive": "N",
      "priceChangeCode": "E",
      "quantityPricePerUOM": 8.65,
      "quantityActivationDate": "23-03-2024",
      "quantityPriceChangeCode": "E"
    },
    "isAvailable": true,
    "isPriceAvailable": true,
    "inPromo": false,
    "gtin": [
      "85400141312658",
      "09005801200209",
      "09005800328058",
      "09005808013161"
    ],
    "topCategoryName": "Lichaamsverzorging/Parfumerie",
    "topCategoryId": "591",
    "businessDomain": "RETAIL_BE",
    "IsPrivateLabel": false,
    "IsBiffe": false,
    "WeightconversionFactor": "0",
    "IsWeightArticle": false,
    "IsBio": false,
    "CountryOfOrigin": "DUITSLAND",
    "IsExclusivelySoldInLuxembourg": false,
    "OrderUnit": "P",
    "ShortName": "NIVE MEN SH.STR.POW400",
    "IsNew": false,
    "RecentQuanityOfStockUnits": "1,2",
    "LongName": "NIVEA MEN shampoo strong power 400ml",
    "FicCode": "N"
  },
  {
    "productId": "828897",
    "technicalArticleNumber": "4667728",
    "commercialArticleNumber": "13113",
    "name": "2in1 piraat",
    "description": "*Douchegel & shampoo\n*Oceaan\n*Prikt niet in de\nogen\n*Zonder kleurstoffen.",
    "brand": "FA",
    "seoBrand": "Fa kids",
    "thumbNail": "https://static.colruytgroup.com/images/200x200/std.lang.all/09/82/asset-3360982.jpg",
    "fullImage": "https://static.colruytgroup.com/images/500x500/std.lang.all/09/82/asset-3360982.jpg",
    "squareImage": "https://static.colruytgroup.com/images/500x500sq/std.lang.all/09/82/asset-3360982.jpg",
    "content": "250ml",
    "walkRouteSequenceNumber": 14455,
    "price": {
      "basicPrice": 3.05,
      "recommendedQuantity": "1.0",
      "measurementUnitPrice": 12.2,
      "measurementUnit": "L",
      "isRedPrice": false,
      "pricePerUOM": 12.2,
      "activationDate": "15-03-2024",
      "recordSource": "Offline",
      "isPromoActive": "N",
      "priceChangeCode": "E"
    },
    "isAvailable": true,
    "isPriceAvailable": true,
    "inPromo": false,
    "gtin": [
      "35400141456814",
      "09000100662468",
      "09000100662482",
      "09000100662475"
    ],
    "topCategoryName": "Baby",
    "topCategoryId": "761",
    "businessDomain": "RETAIL_BE",
    "IsPrivateLabel": false,
    "IsBiffe": false,
    "WeightconversionFactor": "0",
    "IsWeightArticle": false,
    "IsBio": false,
    "CountryOfOrigin": "DUITSLAND",
    "IsExclusivelySoldInLuxembourg": false,
    "OrderUnit": "P",
    "ShortName": "FA KIDS 2IN1 PIRAAT 250",
    "IsNew": false,
    "RecentQuanityOfStockUnits": "1,2",
    "LongName": "FA 2in1 piraat 250ml",
    "AlcoholVolume": "0",
    "FicCode": "N"
  },
  {
    "productId": "886787",
    "technicalArticleNumber": "4746110",
    "commercialArticleNumber": "32689",
    "name": "Ultra Long plus",
    "description": "*Maandverband 48 ST\n*Ultra beschermend Long\n*Met vleugels",
    "brand": "ALWAYS ULTRA",
    "seoBrand": "Always Ultra",
    "thumbNail": "https://static.colruytgroup.com/images/200x200/std.lang.all/05/61/asset-3290561.jpg",
    "fullImage": "https://static.colruytgroup.com/images/500x500/std.lang.all/05/61/asset-3290561.jpg",
    "squareImage": "https://static.colruytgroup.com/images/500x500sq/std.lang.all/05/61/asset-3290561.jpg",
    "content": "48st",
    "walkRouteSequenceNumber": 14559,
    "price": {
      "basicPrice": 7.81,
      "recommendedQuantity": "1.0",
      "measurementUnitPrice": 0.163,
      "measurementUnit": "S",
      "isRedPrice": false,
      "pricePerUOM": 0.163,
      "activationDate": "14-03-2024",
      "recordSource": "Folder",
      "isPromoActive": "N",
      "priceChangeCode": "L"
    },
    "isAvailable": true,
    "isPriceAvailable": true,
    "inPromo": false,
    "gtin": [
      "08006540822425",
      "08006540822432",
      "45400141434727"
    ],
    "topCategoryName": "Lichaamsverzorging/Parfumerie",
    "topCategoryId": "591",
    "businessDomain": "RETAIL_BE",
    "IsPrivateLabel": false,
    "IsBiffe": false,
    "WeightconversionFactor": "0",
    "IsWeightArticle": false,
    "IsBio": false,
    "CountryOfOrigin": "DUITSLAND",
    "IsExclusivelySoldInLuxembourg": false,
    "OrderUnit": "P",
    "ShortName": "ALWA.MVB ULTRA LONG+ 48",
    "IsNew": false,
    "RecentQuanityOfStockUnits": "1,2",
    "LongName": "ALWAYS ULTRA Ultra Long plus 48st",
    "FicCode": "N"
  },
  {
    "productId": "864470",
    "technicalArticleNumber": "4716279",
    "commercialArticleNumber": "32013",
    "name": "mint fresh",
    "description": "*Verfrist de adem\n*Gezonde mond\n*Zonder alcohol\n*Muntsmaak",
    "brand": "COLGATE",
    "seoBrand": "Colgate Plax",
    "thumbNail": "https://ecgproductmw.colruytgroup.com/ecgproductmw/noPicForArticle_2.jpg",
    "fullImage": "https://ecgproductmw.colruytgroup.com/ecgproductmw/noPicForArticle_5.jpg",
    "squareImage": "https://ecgproductmw.colruytgroup.com/ecgproductmw/noPicForArticle_5.jpg",
    "content": "500ml",
    "walkRouteSequenceNumber": 14608,
    "price": {
      "basicPrice": 6.25,
      "recommendedQuantity": "1.0",
      "measurementUnitPrice": 12.5,
      "measurementUnit": "L",
      "isRedPrice": false,
      "pricePerUOM": 12.5,
      "activationDate": "13-03-2024",
      "recordSource": "Offline",
      "isPromoActive": "N",
      "priceChangeCode": "E"
    },
    "isAvailable": true,
    "isPriceAvailable": true,
    "inPromo": false,
    "gtin": [
      "08718951582484",
      "08718951570641"
    ],
    "topCategoryName": "Lichaamsverzorging/Parfumerie",
    "topCategoryId": "591",
    "businessDomain": "RETAIL_BE",
    "IsPrivateLabel": false,
    "IsBiffe": false,
    "WeightconversionFactor": "0",
    "IsWeightArticle": false,
    "IsBio": false,
    "CountryOfOrigin": "POLEN",
    "IsExclusivelySoldInLuxembourg": false,
    "OrderUnit": "P",
    "ShortName": "COLG PLAX MINT FRESH500",
    "IsNew": false,
    "RecentQuanityOfStockUnits": "1",
    "LongName": "COLGATE mint fresh 500ml",
    "AlcoholVolume": "0",
    "FicCode": "N"
  },
  {
    "productId": "97864",
    "technicalArticleNumber": "2799781",
    "commercialArticleNumber": "952242",
    "name": "Flosdraad munt Fluor",
    "description": "*Met munt en\nfluoride",
    "brand": "BONI",
    "seoBrand": "Boni Selection",
    "thumbNail": "https://static.colruytgroup.com/images/200x200/std.lang.all/14/47/asset-1511447.jpg",
    "fullImage": "https://static.colruytgroup.com/images/500x500/std.lang.all/14/47/asset-1511447.jpg",
    "squareImage": "https://static.colruytgroup.com/images/500x500sq/std.lang.all/14/47/asset-1511447.jpg",
    "content": "50m",
    "walkRouteSequenceNumber": 14161,
    "price": {
      "basicPrice": 1.49,
      "recommendedQuantity": "1.0",
      "measurementUnitPrice": 0.03,
      "measurementUnit": "M",
      "isRedPrice": false,
      "pricePerUOM": 0.03,
      "activationDate": "02-01-2024",
      "recordSource": "Offline",
      "isPromoActive": "N",
      "priceChangeCode": "H"
    },
    "isAvailable": true,
    "isPriceAvailable": true,
    "inPromo": false,
    "gtin": [
      "25400141952241",
      "15400141315414",
      "05400141952247",
      "05400141423358",
      "05400141135626",
      "05400141023404"
    ],
    "topCategoryName": "Lichaamsverzorging/Parfumerie",
    "topCategoryId": "591",
    "businessDomain": "NON_FOOD",
    "IsPrivateLabel": true,
    "IsBiffe": false,
    "IsWeightArticle": false,
    "RecentQuanityOfStockUnits": "1",
    "LongName": "BONI Flosdraad munt Fluor 50m",
    "IsBio": false,
    "CountryOfOrigin": "BELGIË",
    "FicCode": "N",
    "OrderUnit": "P",
    "ShortName": "BONI FLOSSDRAAD 50M",
    "IsNew": false
  },
  {
    "productId": "909820",
    "technicalArticleNumber": "4759195",
    "commercialArticleNumber": "4498",
    "name": "Sport",
    "brand": "FA",
    "seoBrand": "Fa",
    "thumbNail": "https://static.colruytgroup.com/images/200x200/std.lang.all/85/43/asset-3318543.jpg",
    "fullImage": "https://static.colruytgroup.com/images/500x500/std.lang.all/85/43/asset-3318543.jpg",
    "squareImage": "https://static.colruytgroup.com/images/500x500sq/std.lang.all/85/43/asset-3318543.jpg",
    "content": "250ml",
    "walkRouteSequenceNumber": 14454,
    "price": {
      "basicPrice": 3.39,
      "recommendedQuantity": "1.0",
      "quantityPrice": 1.99,
      "quantityPriceQuantity": "2.0",
      "measurementUnitPrice": 13.56,
      "measurementUnitQuantityPrice": 7.96,
      "measurementUnit": "L",
      "isRedPrice": false,
      "pricePerUOM": 13.56,
      "activationDate": "23-03-2024",
      "recordSource": "Offline",
      "isPromoActive": "N",
      "priceChangeCode": "E",
      "quantityPricePerUOM": 7.96,
      "quantityActivationDate": "23-03-2024",
      "quantityPriceChangeCode": "E"
    },
    "isAvailable": true,
    "isPriceAvailable": true,
    "inPromo": false,
    "gtin": [
      "35400141540964",
      "05410091701857",
      "05412530803122",
      "05412530803115"
    ],
    "topCategoryName": "Lichaamsverzorging/Parfumerie",
    "topCategoryId": "591",
    "businessDomain": "RETAIL_BE",
    "IsPrivateLabel": false,
    "IsBiffe": false,
    "WeightconversionFactor": "0",
    "IsWeightArticle": false,
    "IsBio": false,
    "CountryOfOrigin": "EUROPA",
    "IsExclusivelySoldInLuxembourg": false,
    "OrderUnit": "P",
    "ShortName": "FA SHOWER GEL SPORT 250",
    "IsNew": false,
    "RecentQuanityOfStockUnits": "1,2",
    "LongName": "FA Sport 250ml",
    "AlcoholVolume": "0",
    "FicCode": "N"
  },
  {
    "productId": "858689",
    "technicalArticleNumber": "4708969",
    "commercialArticleNumber": "31693",
    "name": "inlegkruisje slim Flex",
    "description": "*Inlegkruisje 100ST\n*Normal\n*Flexistyle\n*Frisse geur",
    "brand": "ALWAYS",
    "seoBrand": "Always",
    "thumbNail": "https://static.colruytgroup.com/images/200x200/std.lang.all/40/98/asset-2294098.jpg",
    "fullImage": "https://static.colruytgroup.com/images/500x500/std.lang.all/40/98/asset-2294098.jpg",
    "squareImage": "https://static.colruytgroup.com/images/500x500sq/std.lang.all/40/98/asset-2294098.jpg",
    "content": "100st",
    "walkRouteSequenceNumber": 14393,
    "price": {
      "basicPrice": 6.29,
      "recommendedQuantity": "1.0",
      "measurementUnitPrice": 0.063,
      "measurementUnit": "S",
      "isRedPrice": false,
      "pricePerUOM": 0.063,
      "activationDate": "13-03-2024",
      "recordSource": "Offline",
      "isPromoActive": "N",
      "priceChangeCode": "E"
    },
    "isAvailable": true,
    "isPriceAvailable": true,
    "inPromo": true,
    "promotion": [
      {
        "techPromoId": "100869COLR",
        "promotionId": "100869",
        "promotionType": "4",
        "isPersonalized": "N",
        "publicationStartDate": "13-03-2024",
        "publicationEndDate": "26-03-2024"
      }
    ],
    "gtin": [
      "08006540846544",
      "08006540770092",
      "08006540846551",
      "25400141628382"
    ],
    "topCategoryName": "Lichaamsverzorging/Parfumerie",
    "topCategoryId": "591",
    "businessDomain": "RETAIL_BE",
    "IsPrivateLabel": false,
    "IsBiffe": false,
    "WeightconversionFactor": "0",
    "IsWeightArticle": false,
    "IsBio": false,
    "CountryOfOrigin": "DUITSLAND",
    "IsExclusivelySoldInLuxembourg": false,
    "OrderUnit": "P",
    "ShortName": "ALWA ILK SLIM FLEX 100",
    "IsNew": false,
    "RecentQuanityOfStockUnits": "1,2",
    "LongName": "ALWAYS inlegkruisje slim Flex 100st",
    "FicCode": "N"
  },
  {
    "productId": "796539",
    "technicalArticleNumber": "4607123",
    "commercialArticleNumber": "29490",
    "name": "droogshampoo ass.",
    "description": "*Droogshampoo 3in1\n*200 ml\n*Assortiment:\n-Licht haar\n-Donker haar",
    "brand": "NIVEA",
    "seoBrand": "Nivea",
    "thumbNail": "https://static.colruytgroup.com/images/200x200/std.lang.all/49/62/asset-3194962.jpg",
    "fullImage": "https://static.colruytgroup.com/images/500x500/std.lang.all/49/62/asset-3194962.jpg",
    "squareImage": "https://static.colruytgroup.com/images/500x500sq/std.lang.all/49/62/asset-3194962.jpg",
    "content": "200ml",
    "walkRouteSequenceNumber": 15019,
    "price": {
      "basicPrice": 6.49,
      "recommendedQuantity": "1.0",
      "quantityPrice": 3.32,
      "quantityPriceQuantity": "4.0",
      "measurementUnitPrice": 32.45,
      "measurementUnitQuantityPrice": 16.6,
      "measurementUnit": "L",
      "isRedPrice": false,
      "pricePerUOM": 32.45,
      "activationDate": "20-03-2024",
      "recordSource": "Offline",
      "isPromoActive": "N",
      "priceChangeCode": "E",
      "quantityPricePerUOM": 16.6,
      "quantityActivationDate": "20-03-2024",
      "quantityPriceChangeCode": "L"
    },
    "isAvailable": true,
    "isPriceAvailable": true,
    "inPromo": false,
    "gtin": [
      "15400141624066",
      "04005900756084",
      "04005900756077",
      "04005900755995",
      "04005900755988",
      "04005900755971",
      "04005900756091"
    ],
    "topCategoryName": "Lichaamsverzorging/Parfumerie",
    "topCategoryId": "591",
    "businessDomain": "RETAIL_BE",
    "IsPrivateLabel": false,
    "IsBiffe": false,
    "WeightconversionFactor": "0",
    "IsWeightArticle": false,
    "IsBio": false,
    "CountryOfOrigin": "POLEN",
    "IsExclusivelySoldInLuxembourg": false,
    "OrderUnit": "P",
    "ShortName": "NIVE DROOGSH.ASS.200ML",
    "IsNew": false,
    "RecentQuanityOfStockUnits": "1,2,1",
    "LongName": "NIVEA droogshampoo ass. 200ml",
    "FicCode": "N"
  },
  {
    "productId": "628122",
    "technicalArticleNumber": "4312190",
    "commercialArticleNumber": "23763",
    "name": "dch katoen/nectarin",
    "description": "*Douchegel BIO\n*assortiment:\n-Katoen&Klaproos\n-Nectarine",
    "brand": "PETIT MARSEIL.",
    "seoBrand": "Le Petit Marseillais",
    "thumbNail": "https://static.colruytgroup.com/images/200x200/std.lang.all/39/31/asset-3153931.jpg",
    "fullImage": "https://static.colruytgroup.com/images/500x500/std.lang.all/39/31/asset-3153931.jpg",
    "squareImage": "https://static.colruytgroup.com/images/500x500sq/std.lang.all/39/31/asset-3153931.jpg",
    "content": "400ml",
    "walkRouteSequenceNumber": 14623,
    "price": {
      "basicPrice": 4.78,
      "recommendedQuantity": "1.0",
      "measurementUnitPrice": 11.95,
      "measurementUnit": "L",
      "isRedPrice": false,
      "pricePerUOM": 11.95,
      "activationDate": "28-02-2024",
      "recordSource": "Offline",
      "isPromoActive": "N",
      "priceChangeCode": "H"
    },
    "isAvailable": true,
    "isPriceAvailable": true,
    "inPromo": false,
    "gtin": [
      "03574661561912",
      "03574661718194",
      "03574661718279",
      "03251248047976",
      "45400141952467",
      "03574661578415",
      "03574661579283",
      "03574661578927",
      "03574661578408",
      "03574661578217",
      "03574661578200"
    ],
    "topCategoryName": "Lichaamsverzorging/Parfumerie",
    "topCategoryId": "591",
    "businessDomain": "RETAIL_BE",
    "IsPrivateLabel": false,
    "IsBiffe": false,
    "WeightconversionFactor": "0",
    "IsWeightArticle": false,
    "IsBio": false,
    "CountryOfOrigin": "ITALIË",
    "IsExclusivelySoldInLuxembourg": false,
    "OrderUnit": "P",
    "ShortName": "LPMA DCH KATOEN/NECT400",
    "IsNew": false,
    "RecentQuanityOfStockUnits": "2,2,1,1,1,1",
    "LongName": "PETIT MARSEIL. dch katoen/nectarin 400ml",
    "FicCode": "N"
  },
  {
    "productId": "446389",
    "technicalArticleNumber": "4031717",
    "commercialArticleNumber": "5693",
    "name": "douchegel Ice Chill",
    "description": "*Man douchegel\n*Aantrekkelijke geur\n*Nieuwe formula\n*12u lang fris\n*Muntgeur",
    "brand": "AXE",
    "seoBrand": "Axe",
    "thumbNail": "https://static.colruytgroup.com/images/200x200/std.lang.all/32/50/asset-1683250.jpg",
    "fullImage": "https://static.colruytgroup.com/images/500x500/std.lang.all/32/50/asset-1683250.jpg",
    "squareImage": "https://static.colruytgroup.com/images/500x500sq/std.lang.all/32/50/asset-1683250.jpg",
    "content": "400ml",
    "walkRouteSequenceNumber": 14461,
    "price": {
      "basicPrice": 4.66,
      "recommendedQuantity": "1.0",
      "quantityPrice": 4.31,
      "quantityPriceQuantity": "2.0",
      "measurementUnitPrice": 11.65,
      "measurementUnitQuantityPrice": 10.78,
      "measurementUnit": "L",
      "isRedPrice": false,
      "pricePerUOM": 11.65,
      "activationDate": "23-03-2024",
      "recordSource": "Folder",
      "isPromoActive": "N",
      "priceChangeCode": "E",
      "quantityPricePerUOM": 10.78,
      "quantityActivationDate": "23-03-2024",
      "quantityPriceChangeCode": "E"
    },
    "isAvailable": true,
    "isPriceAvailable": true,
    "inPromo": true,
    "promotion": [
      {
        "techPromoId": "100896COLR",
        "promotionId": "100896",
        "promotionType": "4",
        "isPersonalized": "N",
        "publicationStartDate": "13-03-2024",
        "publicationEndDate": "26-03-2024"
      }
    ],
    "gtin": [
      "05400141242805",
      "08717163648667",
      "08717163648759",
      "08717163649855"
    ],
    "topCategoryName": "Lichaamsverzorging/Parfumerie",
    "topCategoryId": "591",
    "businessDomain": "RETAIL_BE",
    "IsPrivateLabel": false,
    "IsBiffe": false,
    "WeightconversionFactor": "0",
    "IsWeightArticle": false,
    "IsBio": false,
    "CountryOfOrigin": "BELGIË",
    "IsExclusivelySoldInLuxembourg": false,
    "OrderUnit": "P",
    "ShortName": "AXE DCH ICE CHILL 400ML",
    "IsNew": false,
    "RecentQuanityOfStockUnits": "2,1,6",
    "LongName": "AXE douchegel Ice Chill 400ml",
    "FicCode": "N"
  },
  {
    "productId": "776862",
    "technicalArticleNumber": "4569020",
    "commercialArticleNumber": "13402",
    "name": "Deo Sweet Rose",
    "brand": "FA",
    "seoBrand": "Fa",
    "thumbNail": "https://static.colruytgroup.com/images/200x200/std.lang.all/29/11/asset-2782911.jpg",
    "fullImage": "https://static.colruytgroup.com/images/500x500/std.lang.all/29/11/asset-2782911.jpg",
    "squareImage": "https://static.colruytgroup.com/images/500x500sq/std.lang.all/29/11/asset-2782911.jpg",
    "content": "150ml",
    "walkRouteSequenceNumber": 14755,
    "price": {
      "basicPrice": 3.49,
      "recommendedQuantity": "1.0",
      "measurementUnitPrice": 23.27,
      "measurementUnit": "L",
      "isRedPrice": false,
      "pricePerUOM": 23.27,
      "activationDate": "07-03-2024",
      "recordSource": "Offline",
      "isPromoActive": "N",
      "priceChangeCode": "H"
    },
    "isAvailable": true,
    "isPriceAvailable": true,
    "inPromo": false,
    "gtin": [
      "35400141473118",
      "25400141473111",
      "04015100735178",
      "04015100735192",
      "04015100670219",
      "04015100670172"
    ],
    "topCategoryName": "Lichaamsverzorging/Parfumerie",
    "topCategoryId": "591",
    "businessDomain": "RETAIL_BE",
    "IsPrivateLabel": false,
    "IsBiffe": false,
    "WeightconversionFactor": "0",
    "IsWeightArticle": false,
    "IsBio": false,
    "CountryOfOrigin": "DUITSLAND",
    "IsExclusivelySoldInLuxembourg": false,
    "OrderUnit": "P",
    "ShortName": "FA DEO SWEET ROSE 150ML",
    "IsNew": false,
    "RecentQuanityOfStockUnits": "2,1",
    "LongName": "FA Deo Sweet Rose 150ml",
    "FicCode": "N"
  },
  {
    "productId": "795229",
    "technicalArticleNumber": "4604275",
    "commercialArticleNumber": "16598",
    "name": "conditioner color/dream",
    "description": "*Conditioner 400ml\n*Assortiment :\n*Dream Long\n*Color",
    "brand": "ELSEVE",
    "seoBrand": "L'Oréal Paris Elseve",
    "thumbNail": "https://static.colruytgroup.com/images/200x200/std.lang.all/18/27/asset-3031827.jpg",
    "fullImage": "https://static.colruytgroup.com/images/500x500/std.lang.all/18/27/asset-3031827.jpg",
    "squareImage": "https://static.colruytgroup.com/images/500x500sq/std.lang.all/18/27/asset-3031827.jpg",
    "content": "400ml",
    "walkRouteSequenceNumber": 15123,
    "price": {
      "basicPrice": 8.78,
      "recommendedQuantity": "1.0",
      "measurementUnitPrice": 21.95,
      "measurementUnit": "L",
      "isRedPrice": false,
      "pricePerUOM": 21.95,
      "activationDate": "23-01-2024",
      "recordSource": "Offline",
      "isPromoActive": "N",
      "priceChangeCode": "E"
    },
    "isAvailable": true,
    "isPriceAvailable": true,
    "inPromo": true,
    "promotion": [
      {
        "techPromoId": "100894COLR",
        "promotionId": "100894",
        "promotionType": "4",
        "isPersonalized": "N",
        "publicationStartDate": "13-03-2024",
        "publicationEndDate": "26-03-2024"
      }
    ],
    "gtin": [
      "03600524061739",
      "03600524061746",
      "05410103123912",
      "05410103123875"
    ],
    "topCategoryName": "Lichaamsverzorging/Parfumerie",
    "topCategoryId": "591",
    "businessDomain": "RETAIL_BE",
    "IsPrivateLabel": false,
    "IsBiffe": false,
    "WeightconversionFactor": "0",
    "IsWeightArticle": false,
    "IsBio": false,
    "CountryOfOrigin": "FRANKRIJK",
    "IsExclusivelySoldInLuxembourg": false,
    "OrderUnit": "P",
    "ShortName": "ELSE CD COLOR/DREAM 400",
    "IsNew": false,
    "RecentQuanityOfStockUnits": "2,2,1,1",
    "LongName": "ELSEVE conditioner color/dream 400ml",
    "FicCode": "N"
  },
  {
    "productId": "825878",
    "technicalArticleNumber": "4663020",
    "commercialArticleNumber": "29929",
    "name": "shampoo2in1 menthol",
    "brand": "HEAD&SHOULDERS",
    "seoBrand": "head&shoulders",
    "thumbNail": "https://static.colruytgroup.com/images/200x200/std.lang.all/48/67/asset-2964867.jpg",
    "fullImage": "https://static.colruytgroup.com/images/500x500/std.lang.all/48/67/asset-2964867.jpg",
    "squareImage": "https://static.colruytgroup.com/images/500x500sq/std.lang.all/48/67/asset-2964867.jpg",
    "content": "380ml",
    "walkRouteSequenceNumber": 15014,
    "price": {
      "basicPrice": 8,
      "recommendedQuantity": "1.0",
      "quantityPrice": 4.68,
      "quantityPriceQuantity": "2.0",
      "measurementUnitPrice": 21.06,
      "measurementUnitQuantityPrice": 12.32,
      "measurementUnit": "L",
      "isRedPrice": false,
      "pricePerUOM": 21.06,
      "activationDate": "21-03-2024",
      "recordSource": "Offline",
      "isPromoActive": "N",
      "priceChangeCode": "H",
      "quantityPricePerUOM": 12.32,
      "quantityActivationDate": "21-03-2024",
      "quantityPriceChangeCode": "L"
    },
    "isAvailable": true,
    "isPriceAvailable": true,
    "inPromo": false,
    "gtin": [
      "45400141432785",
      "08001090904287",
      "08001090904324"
    ],
    "topCategoryName": "Lichaamsverzorging/Parfumerie",
    "topCategoryId": "591",
    "businessDomain": "RETAIL_BE",
    "IsPrivateLabel": false,
    "IsBiffe": false,
    "WeightconversionFactor": "0",
    "IsWeightArticle": false,
    "IsBio": false,
    "CountryOfOrigin": "FRANKRIJK",
    "IsExclusivelySoldInLuxembourg": false,
    "OrderUnit": "P",
    "ShortName": "HS SH.2IN1 MUNT 380ML",
    "IsNew": false,
    "RecentQuanityOfStockUnits": "1,2",
    "LongName": "HEAD&SHOULDERS shampoo2in1 menthol 380ml",
    "FicCode": "N"
  },
  {
    "productId": "51197",
    "technicalArticleNumber": "2182488",
    "commercialArticleNumber": "32173",
    "name": "douche Sport Blast",
    "description": "*Man douchegel\n*Aantrekkelijke geur\n*Nieuwe formula\n*12u lang fris\n*Muntgeur",
    "brand": "AXE",
    "seoBrand": "Axe",
    "thumbNail": "https://static.colruytgroup.com/images/200x200/std.lang.all/87/41/asset-1418741.jpg",
    "fullImage": "https://static.colruytgroup.com/images/500x500/std.lang.all/87/41/asset-1418741.jpg",
    "squareImage": "https://static.colruytgroup.com/images/500x500sq/std.lang.all/87/41/asset-1418741.jpg",
    "content": "400ml",
    "walkRouteSequenceNumber": 14452,
    "price": {
      "basicPrice": 4.66,
      "recommendedQuantity": "1.0",
      "measurementUnitPrice": 11.65,
      "measurementUnit": "L",
      "isRedPrice": false,
      "pricePerUOM": 11.65,
      "activationDate": "13-03-2024",
      "recordSource": "Folder",
      "isPromoActive": "N",
      "priceChangeCode": "L"
    },
    "isAvailable": true,
    "isPriceAvailable": true,
    "inPromo": true,
    "promotion": [
      {
        "techPromoId": "100896COLR",
        "promotionId": "100896",
        "promotionType": "4",
        "isPersonalized": "N",
        "publicationStartDate": "13-03-2024",
        "publicationEndDate": "26-03-2024"
      }
    ],
    "gtin": [
      "08717644796832",
      "08711600656451",
      "08711600749269",
      "08711600749276",
      "00000054024953",
      "05400141039351",
      "08711600656437",
      "08711600656444",
      "08711600922303",
      "08711600922310",
      "08717644656983"
    ],
    "topCategoryName": "Lichaamsverzorging/Parfumerie",
    "topCategoryId": "591",
    "businessDomain": "RETAIL_BE",
    "IsPrivateLabel": false,
    "IsBiffe": false,
    "WeightconversionFactor": "0",
    "IsWeightArticle": false,
    "IsBio": false,
    "CountryOfOrigin": "DUITSLAND",
    "IsExclusivelySoldInLuxembourg": false,
    "OrderUnit": "P",
    "ShortName": "AXE DCH SPORTBLAST 400",
    "IsNew": false,
    "RecentQuanityOfStockUnits": "1,2",
    "LongName": "AXE douche Sport Blast 400ml",
    "AlcoholVolume": "0",
    "FicCode": "N"
  },
  {
    "productId": "91979",
    "technicalArticleNumber": "2807528",
    "commercialArticleNumber": "952261",
    "name": "3/1 flosser 1x36s",
    "description": "*Flosdraad",
    "brand": "JORDAN",
    "seoBrand": "Jordan",
    "thumbNail": "https://static.colruytgroup.com/images/200x200/std.lang.all/35/08/asset-3013508.jpg",
    "fullImage": "https://static.colruytgroup.com/images/500x500/std.lang.all/35/08/asset-3013508.jpg",
    "squareImage": "https://static.colruytgroup.com/images/500x500sq/std.lang.all/35/08/asset-3013508.jpg",
    "content": "1st",
    "walkRouteSequenceNumber": 14175,
    "price": {
      "basicPrice": 2.94,
      "recommendedQuantity": "1.0",
      "measurementUnitPrice": 2.94,
      "measurementUnit": "S",
      "isRedPrice": false,
      "pricePerUOM": 2.94,
      "activationDate": "20-03-2024",
      "recordSource": "Offline",
      "isPromoActive": "N",
      "priceChangeCode": "L"
    },
    "isAvailable": true,
    "isPriceAvailable": true,
    "inPromo": false,
    "gtin": [
      "08717591564157",
      "07038516858122",
      "07038516858115",
      "07038516858108"
    ],
    "topCategoryName": "Lichaamsverzorging/Parfumerie",
    "topCategoryId": "591",
    "businessDomain": "NON_FOOD",
    "IsPrivateLabel": false,
    "IsBiffe": false,
    "IsWeightArticle": false,
    "RecentQuanityOfStockUnits": "1",
    "LongName": "JORDAN 3/1 flosser 1x36s 1st",
    "IsBio": false,
    "AlcoholVolume": "0",
    "CountryOfOrigin": "BELGIË",
    "FicCode": "N",
    "OrderUnit": "P",
    "ShortName": "JORDAN 3 IN 1 FLOSSER",
    "IsNew": false
  },
  {
    "productId": "820532",
    "technicalArticleNumber": "4653826",
    "commercialArticleNumber": "15400",
    "name": "shampoo esd./argan",
    "description": "*Shampoo\n*250ml\n*Assorti:\n-Esdoorn\n-Rijke argan",
    "brand": "ULTRA DOUX",
    "seoBrand": "Ultra Doux",
    "thumbNail": "https://static.colruytgroup.com/images/200x200/std.lang.all/59/78/asset-2985978.jpg",
    "fullImage": "https://static.colruytgroup.com/images/500x500/std.lang.all/59/78/asset-2985978.jpg",
    "squareImage": "https://static.colruytgroup.com/images/500x500sq/std.lang.all/59/78/asset-2985978.jpg",
    "content": "250ml",
    "walkRouteSequenceNumber": 15113,
    "price": {
      "basicPrice": 3.49,
      "recommendedQuantity": "1.0",
      "quantityPrice": 2.33,
      "quantityPriceQuantity": "3.0",
      "measurementUnitPrice": 13.96,
      "measurementUnitQuantityPrice": 9.32,
      "measurementUnit": "L",
      "isRedPrice": false,
      "pricePerUOM": 13.96,
      "activationDate": "19-03-2024",
      "recordSource": "Offline",
      "isPromoActive": "N",
      "priceChangeCode": "E",
      "quantityPricePerUOM": 9.32,
      "quantityActivationDate": "19-03-2024",
      "quantityPriceChangeCode": "H"
    },
    "isAvailable": true,
    "isPriceAvailable": true,
    "inPromo": false,
    "gtin": [
      "03600542462518",
      "03600542462167",
      "05410103135885",
      "05410103135847"
    ],
    "topCategoryName": "Lichaamsverzorging/Parfumerie",
    "topCategoryId": "591",
    "businessDomain": "RETAIL_BE",
    "IsPrivateLabel": false,
    "IsBiffe": false,
    "WeightconversionFactor": "0",
    "IsWeightArticle": false,
    "IsBio": false,
    "CountryOfOrigin": "POLEN",
    "IsExclusivelySoldInLuxembourg": false,
    "OrderUnit": "P",
    "ShortName": "ULTD SH.ESD/R.ARGAN250",
    "IsNew": false,
    "RecentQuanityOfStockUnits": "1,2,1,2",
    "LongName": "ULTRA DOUX shampoo esd./argan 250ml",
    "FicCode": "N"
  },
  {
    "productId": "783827",
    "technicalArticleNumber": "4582849",
    "commercialArticleNumber": "7323",
    "name": "douchegel epic fresh",
    "description": "*Man douchegel\n*Aantrekkelijke geur\n*Nieuwe formula\n*12u lang fris\n*Ananasgeur",
    "brand": "AXE",
    "seoBrand": "Axe",
    "thumbNail": "https://static.colruytgroup.com/images/200x200/std.lang.all/18/07/asset-2811807.jpg",
    "fullImage": "https://static.colruytgroup.com/images/500x500/std.lang.all/18/07/asset-2811807.jpg",
    "squareImage": "https://static.colruytgroup.com/images/500x500sq/std.lang.all/18/07/asset-2811807.jpg",
    "content": "400ml",
    "walkRouteSequenceNumber": 14460,
    "price": {
      "basicPrice": 7.12,
      "recommendedQuantity": "1.0",
      "quantityPrice": 3.56,
      "quantityPriceQuantity": "2.0",
      "measurementUnitPrice": 17.8,
      "measurementUnitQuantityPrice": 8.9,
      "measurementUnit": "L",
      "isRedPrice": false,
      "pricePerUOM": 17.8,
      "activationDate": "21-03-2024",
      "recordSource": "Offline",
      "isPromoActive": "N",
      "priceChangeCode": "E",
      "quantityPricePerUOM": 8.9,
      "quantityActivationDate": "21-03-2024",
      "quantityPriceChangeCode": "L"
    },
    "isAvailable": true,
    "isPriceAvailable": true,
    "inPromo": true,
    "promotion": [
      {
        "techPromoId": "100896COLR",
        "promotionId": "100896",
        "promotionType": "4",
        "isPersonalized": "N",
        "publicationStartDate": "13-03-2024",
        "publicationEndDate": "26-03-2024"
      }
    ],
    "gtin": [
      "85400141762293",
      "08720181204234",
      "08720181204517",
      "08720181204111"
    ],
    "topCategoryName": "Lichaamsverzorging/Parfumerie",
    "topCategoryId": "591",
    "businessDomain": "RETAIL_BE",
    "IsPrivateLabel": false,
    "IsBiffe": false,
    "WeightconversionFactor": "0",
    "IsWeightArticle": false,
    "IsBio": false,
    "CountryOfOrigin": "DUITSLAND",
    "IsExclusivelySoldInLuxembourg": false,
    "OrderUnit": "P",
    "ShortName": "AXE DCH EPIC FRESH 400",
    "IsNew": false,
    "RecentQuanityOfStockUnits": "1,2",
    "LongName": "AXE douchegel epic fresh 400ml",
    "FicCode": "N"
  },
  {
    "productId": "792985",
    "technicalArticleNumber": "4600633",
    "commercialArticleNumber": "5880",
    "name": "shampoo total repair5/dream",
    "description": "*Shampoo\n*500ml\n*Assorti:\n-Total repair 5\n-Dream Long",
    "brand": "ELSEVE",
    "seoBrand": "Elseve",
    "thumbNail": "https://static.colruytgroup.com/images/200x200/std.lang.all/26/60/asset-2912660.jpg",
    "fullImage": "https://static.colruytgroup.com/images/500x500/std.lang.all/26/60/asset-2912660.jpg",
    "squareImage": "https://static.colruytgroup.com/images/500x500sq/std.lang.all/26/60/asset-2912660.jpg",
    "content": "500ml",
    "walkRouteSequenceNumber": 15086,
    "price": {
      "basicPrice": 6.53,
      "recommendedQuantity": "1.0",
      "measurementUnitPrice": 13.06,
      "measurementUnit": "L",
      "isRedPrice": false,
      "pricePerUOM": 13.06,
      "activationDate": "23-03-2024",
      "recordSource": "Folder",
      "isPromoActive": "N",
      "priceChangeCode": "H"
    },
    "isAvailable": true,
    "isPriceAvailable": true,
    "inPromo": true,
    "promotion": [
      {
        "techPromoId": "100894COLR",
        "promotionId": "100894",
        "promotionType": "4",
        "isPersonalized": "N",
        "publicationStartDate": "13-03-2024",
        "publicationEndDate": "26-03-2024"
      }
    ],
    "gtin": [
      "05410103127682",
      "05410103127644",
      "03600524061753",
      "03600524055240"
    ],
    "topCategoryName": "Lichaamsverzorging/Parfumerie",
    "topCategoryId": "591",
    "businessDomain": "RETAIL_BE",
    "IsPrivateLabel": false,
    "IsBiffe": false,
    "WeightconversionFactor": "0",
    "IsWeightArticle": false,
    "IsBio": false,
    "CountryOfOrigin": "BELGIË",
    "IsExclusivelySoldInLuxembourg": false,
    "OrderUnit": "P",
    "ShortName": "ELSE SH.TR5/DREAM500",
    "IsNew": false,
    "RecentQuanityOfStockUnits": "2,2,1,1",
    "LongName": "ELSEVE shampoo total repair5/dream 500ml",
    "FicCode": "N"
  },
  {
    "productId": "647165",
    "technicalArticleNumber": "4344287",
    "commercialArticleNumber": "17445",
    "name": "men shampoo power",
    "brand": "SYOSS",
    "seoBrand": "Syoss",
    "thumbNail": "https://static.colruytgroup.com/images/200x200/std.lang.all/46/73/asset-2254673.jpg",
    "fullImage": "https://static.colruytgroup.com/images/500x500/std.lang.all/46/73/asset-2254673.jpg",
    "squareImage": "https://static.colruytgroup.com/images/500x500sq/std.lang.all/46/73/asset-2254673.jpg",
    "content": "440ml",
    "walkRouteSequenceNumber": 15030,
    "price": {
      "basicPrice": 3.99,
      "recommendedQuantity": "1.0",
      "measurementUnitPrice": 9.07,
      "measurementUnit": "L",
      "isRedPrice": false,
      "pricePerUOM": 9.07,
      "activationDate": "28-02-2024",
      "recordSource": "Offline",
      "isPromoActive": "N",
      "priceChangeCode": "E"
    },
    "isAvailable": true,
    "isPriceAvailable": true,
    "inPromo": false,
    "gtin": [
      "25400141837753",
      "05412530901538",
      "05410091755317"
    ],
    "topCategoryName": "Lichaamsverzorging/Parfumerie",
    "topCategoryId": "591",
    "businessDomain": "RETAIL_BE",
    "IsPrivateLabel": false,
    "IsBiffe": false,
    "WeightconversionFactor": "0",
    "IsWeightArticle": false,
    "IsBio": false,
    "CountryOfOrigin": "DUITSLAND",
    "IsExclusivelySoldInLuxembourg": false,
    "OrderUnit": "P",
    "ShortName": "SYOS MEN SH.POWER 440ML",
    "IsNew": false,
    "RecentQuanityOfStockUnits": "1,2",
    "LongName": "SYOSS men shampoo power 440ml",
    "FicCode": "N"
  },
  {
    "productId": "700065",
    "technicalArticleNumber": "4432257",
    "commercialArticleNumber": "13746",
    "name": "tampon procomfort super",
    "description": "*Zonder applicator\n*SilkTouch oppervlak",
    "brand": "OB",
    "seoBrand": "O.B.",
    "thumbNail": "https://static.colruytgroup.com/images/200x200/std.lang.all/35/67/asset-2453567.jpg",
    "fullImage": "https://static.colruytgroup.com/images/500x500/std.lang.all/35/67/asset-2453567.jpg",
    "squareImage": "https://static.colruytgroup.com/images/500x500sq/std.lang.all/35/67/asset-2453567.jpg",
    "content": "32st",
    "walkRouteSequenceNumber": 14412,
    "price": {
      "basicPrice": 4.99,
      "recommendedQuantity": "2.0",
      "measurementUnitPrice": 0.156,
      "measurementUnit": "S",
      "isRedPrice": false,
      "pricePerUOM": 0.156,
      "activationDate": "18-01-2024",
      "recordSource": "Offline",
      "isPromoActive": "N",
      "priceChangeCode": "E"
    },
    "isAvailable": true,
    "isPriceAvailable": true,
    "inPromo": false,
    "gtin": [
      "03574661624877",
      "15400141619352",
      "03574661625416",
      "03574661625409"
    ],
    "topCategoryName": "Lichaamsverzorging/Parfumerie",
    "topCategoryId": "591",
    "businessDomain": "RETAIL_BE",
    "IsPrivateLabel": false,
    "IsBiffe": false,
    "WeightconversionFactor": "0",
    "IsWeightArticle": false,
    "IsBio": false,
    "CountryOfOrigin": "FRANKRIJK",
    "IsExclusivelySoldInLuxembourg": false,
    "OrderUnit": "P",
    "ShortName": "OB PROCOMFORT SUPER32ST",
    "IsNew": false,
    "RecentQuanityOfStockUnits": "2,1",
    "LongName": "OB tampon procomfort super 32st",
    "FicCode": "N"
  },
  {
    "productId": "775944",
    "technicalArticleNumber": "4567183",
    "commercialArticleNumber": "6284",
    "name": "shampoo kruiden/argan",
    "description": "*Shampoo 400ml\n*Assorti:\n-Kruiden & Kracht\n-Argan Oil Repair",
    "brand": "SCHWARZKOPF",
    "seoBrand": "Schwarzkopf",
    "thumbNail": "https://static.colruytgroup.com/images/200x200/std.lang.all/16/29/asset-2741629.jpg",
    "fullImage": "https://static.colruytgroup.com/images/500x500/std.lang.all/16/29/asset-2741629.jpg",
    "squareImage": "https://static.colruytgroup.com/images/500x500sq/std.lang.all/16/29/asset-2741629.jpg",
    "content": "400ml",
    "walkRouteSequenceNumber": 15055,
    "price": {
      "basicPrice": 3.39,
      "recommendedQuantity": "1.0",
      "measurementUnitPrice": 8.48,
      "measurementUnit": "L",
      "isRedPrice": false,
      "pricePerUOM": 8.48,
      "activationDate": "07-03-2024",
      "recordSource": "Offline",
      "isPromoActive": "N",
      "priceChangeCode": "E"
    },
    "isAvailable": true,
    "isPriceAvailable": true,
    "inPromo": false,
    "gtin": [
      "05412530912688",
      "05412530922069",
      "05412530922083",
      "05410091739294",
      "05410091763268",
      "05412530910745",
      "85400141912971"
    ],
    "topCategoryName": "Lichaamsverzorging/Parfumerie",
    "topCategoryId": "591",
    "businessDomain": "RETAIL_BE",
    "IsPrivateLabel": false,
    "IsBiffe": false,
    "WeightconversionFactor": "0",
    "IsWeightArticle": false,
    "IsBio": false,
    "CountryOfOrigin": "DUITSLAND",
    "IsExclusivelySoldInLuxembourg": false,
    "OrderUnit": "P",
    "ShortName": "SCHW SH.KRUID/ARGAN400",
    "IsNew": false,
    "RecentQuanityOfStockUnits": "2,1,1",
    "LongName": "SCHWARZKOPF shampoo kruiden/argan 400ml",
    "FicCode": "N"
  },
  {
    "productId": "58728",
    "technicalArticleNumber": "2349941",
    "commercialArticleNumber": "832333",
    "name": "Classic 1mx6cm",
    "description": "*Pleister",
    "brand": "HANSAPLAST",
    "seoBrand": "Hansaplast",
    "thumbNail": "https://static.colruytgroup.com/images/200x200/std.lang.all/77/24/asset-3347724.jpg",
    "fullImage": "https://static.colruytgroup.com/images/500x500/std.lang.all/77/24/asset-3347724.jpg",
    "squareImage": "https://static.colruytgroup.com/images/500x500sq/std.lang.all/77/24/asset-3347724.jpg",
    "walkRouteSequenceNumber": 13901,
    "price": {
      "basicPrice": 2.12,
      "recommendedQuantity": "1.0",
      "measurementUnitPrice": 2.12,
      "measurementUnit": "S",
      "isRedPrice": false,
      "pricePerUOM": 2.12,
      "activationDate": "23-03-2024",
      "recordSource": "Folder",
      "isPromoActive": "N",
      "priceChangeCode": "E"
    },
    "isAvailable": true,
    "isPriceAvailable": true,
    "inPromo": false,
    "gtin": [
      "04005800175121",
      "04005802215252"
    ],
    "topCategoryName": "Lichaamsverzorging/Parfumerie",
    "topCategoryId": "591",
    "businessDomain": "NON_FOOD",
    "IsPrivateLabel": false,
    "IsBiffe": false,
    "IsWeightArticle": false,
    "RecentQuanityOfStockUnits": "1",
    "LongName": "HANSAPLAST Classic 1mx6cm",
    "IsBio": false,
    "AlcoholVolume": "0",
    "CountryOfOrigin": "DUITSLAND",
    "FicCode": "N",
    "OrderUnit": "P",
    "ShortName": "HSPL.CLASSIC 1M X6CM",
    "IsNew": false
  },
  {
    "productId": "881886",
    "technicalArticleNumber": "4739369",
    "commercialArticleNumber": "5112",
    "name": "Rol Bamboo",
    "brand": "SANEX",
    "seoBrand": "Sanex",
    "thumbNail": "https://static.colruytgroup.com/images/200x200/std.lang.all/29/91/asset-3272991.jpg",
    "fullImage": "https://static.colruytgroup.com/images/500x500/std.lang.all/29/91/asset-3272991.jpg",
    "squareImage": "https://static.colruytgroup.com/images/500x500sq/std.lang.all/29/91/asset-3272991.jpg",
    "content": "50ml",
    "walkRouteSequenceNumber": 14687,
    "price": {
      "basicPrice": 3.65,
      "recommendedQuantity": "1.0",
      "measurementUnitPrice": 73,
      "measurementUnit": "L",
      "isRedPrice": false,
      "pricePerUOM": 73,
      "activationDate": "23-02-2024",
      "recordSource": "Offline",
      "isPromoActive": "N",
      "priceChangeCode": "L"
    },
    "isAvailable": true,
    "isPriceAvailable": true,
    "inPromo": false,
    "gtin": [
      "08718951562158",
      "08718951562141"
    ],
    "topCategoryName": "Lichaamsverzorging/Parfumerie",
    "topCategoryId": "591",
    "businessDomain": "RETAIL_BE",
    "IsPrivateLabel": false,
    "IsBiffe": false,
    "WeightconversionFactor": "0",
    "IsWeightArticle": false,
    "IsBio": false,
    "CountryOfOrigin": "ITALIË",
    "IsExclusivelySoldInLuxembourg": false,
    "OrderUnit": "P",
    "ShortName": "SANE ROL BAMBOO 50ML",
    "IsNew": false,
    "RecentQuanityOfStockUnits": "1,6",
    "LongName": "SANEX Rol Bamboo 50ml",
    "FicCode": "N"
  },
  {
    "productId": "864442",
    "technicalArticleNumber": "4716250",
    "commercialArticleNumber": "32009",
    "name": "dch navullling sugras",
    "description": "*Douchecrème\nEcopack navulling\n*Hydraterend\n*Droge huid",
    "brand": "SANEX",
    "seoBrand": "Sanex",
    "thumbNail": "https://ecgproductmw.colruytgroup.com/ecgproductmw/noPicForArticle_2.jpg",
    "fullImage": "https://ecgproductmw.colruytgroup.com/ecgproductmw/noPicForArticle_5.jpg",
    "squareImage": "https://ecgproductmw.colruytgroup.com/ecgproductmw/noPicForArticle_5.jpg",
    "content": "450ml",
    "walkRouteSequenceNumber": 14696,
    "price": {
      "basicPrice": 3.89,
      "recommendedQuantity": "1.0",
      "measurementUnitPrice": 8.65,
      "measurementUnit": "L",
      "isRedPrice": false,
      "pricePerUOM": 8.65,
      "activationDate": "18-03-2023",
      "isPromoActive": "N",
      "priceChangeCode": "E"
    },
    "isAvailable": true,
    "isPriceAvailable": true,
    "inPromo": false,
    "gtin": [
      "08718951566002",
      "08718951565999"
    ],
    "topCategoryName": "Lichaamsverzorging/Parfumerie",
    "topCategoryId": "591",
    "businessDomain": "RETAIL_BE",
    "IsPrivateLabel": false,
    "IsBiffe": false,
    "WeightconversionFactor": "0",
    "IsWeightArticle": false,
    "IsBio": false,
    "CountryOfOrigin": "ITALIË",
    "IsExclusivelySoldInLuxembourg": false,
    "OrderUnit": "P",
    "ShortName": "SANE DCH NAV.SURGRAS450",
    "IsNew": false,
    "RecentQuanityOfStockUnits": "1",
    "LongName": "SANEX dch navullling sugras 450ml",
    "FicCode": "N"
  },
  {
    "productId": "849030",
    "technicalArticleNumber": "4696387",
    "commercialArticleNumber": "30749",
    "name": "hydraterende gel",
    "description": "*Scheergel\n-Ultra Moisture",
    "brand": "GILLETTE FUSION5",
    "seoBrand": "Gillette",
    "thumbNail": "https://static.colruytgroup.com/images/200x200/std.lang.all/18/02/asset-3161802.jpg",
    "fullImage": "https://static.colruytgroup.com/images/500x500/std.lang.all/18/02/asset-3161802.jpg",
    "squareImage": "https://static.colruytgroup.com/images/500x500sq/std.lang.all/18/02/asset-3161802.jpg",
    "content": "200ml",
    "walkRouteSequenceNumber": 15217,
    "price": {
      "basicPrice": 6.79,
      "recommendedQuantity": "1.0",
      "measurementUnitPrice": 33.95,
      "measurementUnit": "L",
      "isRedPrice": false,
      "pricePerUOM": 33.95,
      "activationDate": "11-03-2024",
      "recordSource": "Offline",
      "isPromoActive": "N",
      "priceChangeCode": "H"
    },
    "isAvailable": true,
    "isPriceAvailable": true,
    "inPromo": false,
    "gtin": [
      "55400141472061",
      "45400141472064",
      "08006540765722",
      "08006540765739"
    ],
    "topCategoryName": "Lichaamsverzorging/Parfumerie",
    "topCategoryId": "591",
    "businessDomain": "RETAIL_BE",
    "IsPrivateLabel": false,
    "IsBiffe": false,
    "WeightconversionFactor": "0",
    "IsWeightArticle": false,
    "IsBio": false,
    "CountryOfOrigin": "VERENIGD KONINKRIJK",
    "IsExclusivelySoldInLuxembourg": false,
    "OrderUnit": "P",
    "ShortName": "GILL FUS.GEL ULT.HYD200",
    "IsNew": false,
    "RecentQuanityOfStockUnits": "2,1",
    "LongName": "GILLETTE FUSION5 hydraterende gel 200ml",
    "AlcoholVolume": "0",
    "FicCode": "N"
  },
  {
    "productId": "825929",
    "technicalArticleNumber": "4663154",
    "commercialArticleNumber": "29936",
    "name": "shampoo repair & protect",
    "brand": "PANTENE",
    "seoBrand": "Pantene",
    "thumbNail": "https://static.colruytgroup.com/images/200x200/std.lang.all/93/73/asset-2999373.jpg",
    "fullImage": "https://static.colruytgroup.com/images/500x500/std.lang.all/93/73/asset-2999373.jpg",
    "squareImage": "https://static.colruytgroup.com/images/500x500sq/std.lang.all/93/73/asset-2999373.jpg",
    "content": "360ml",
    "walkRouteSequenceNumber": 14803,
    "price": {
      "basicPrice": 5.79,
      "recommendedQuantity": "1.0",
      "quantityPrice": 3.99,
      "quantityPriceQuantity": "2.0",
      "measurementUnitPrice": 16.09,
      "measurementUnitQuantityPrice": 11.09,
      "measurementUnit": "L",
      "isRedPrice": false,
      "pricePerUOM": 16.09,
      "activationDate": "23-03-2024",
      "recordSource": "Offline",
      "isPromoActive": "N",
      "priceChangeCode": "E",
      "quantityPricePerUOM": 11.09,
      "quantityActivationDate": "23-03-2024",
      "quantityPriceChangeCode": "E"
    },
    "isAvailable": true,
    "isPriceAvailable": true,
    "inPromo": false,
    "gtin": [
      "35400141432795",
      "08006540597439",
      "08006540597422",
      "55400141517748"
    ],
    "topCategoryName": "Lichaamsverzorging/Parfumerie",
    "topCategoryId": "591",
    "businessDomain": "RETAIL_BE",
    "IsPrivateLabel": false,
    "IsBiffe": false,
    "WeightconversionFactor": "0",
    "IsWeightArticle": false,
    "IsBio": false,
    "CountryOfOrigin": "FRANKRIJK",
    "IsExclusivelySoldInLuxembourg": false,
    "OrderUnit": "P",
    "ShortName": "PANT.SH.REP&PROT. 360ML",
    "IsNew": false,
    "RecentQuanityOfStockUnits": "1,3,2",
    "LongName": "PANTENE shampoo repair & protect 360ml",
    "FicCode": "N"
  },
  {
    "productId": "835821",
    "technicalArticleNumber": "4678048",
    "commercialArticleNumber": "17143",
    "name": "Feel Flexiform",
    "description": "*Flexiform\n*Flexibel",
    "brand": "CAREFREE",
    "seoBrand": "Carefree",
    "thumbNail": "https://static.colruytgroup.com/images/200x200/std.lang.all/51/76/asset-2975176.jpg",
    "fullImage": "https://static.colruytgroup.com/images/500x500/std.lang.all/51/76/asset-2975176.jpg",
    "squareImage": "https://static.colruytgroup.com/images/500x500sq/std.lang.all/51/76/asset-2975176.jpg",
    "content": "56st",
    "walkRouteSequenceNumber": 14415,
    "price": {
      "basicPrice": 4.79,
      "recommendedQuantity": "1.0",
      "quantityPrice": 3.32,
      "quantityPriceQuantity": "3.0",
      "measurementUnitPrice": 0.086,
      "measurementUnitQuantityPrice": 0.06,
      "measurementUnit": "S",
      "isRedPrice": false,
      "pricePerUOM": 0.086,
      "activationDate": "23-03-2024",
      "recordSource": "Offline",
      "isPromoActive": "N",
      "priceChangeCode": "E",
      "quantityPricePerUOM": 0.06,
      "quantityActivationDate": "23-03-2024",
      "quantityPriceChangeCode": "E"
    },
    "isAvailable": true,
    "isPriceAvailable": true,
    "inPromo": false,
    "gtin": [
      "03574661503059",
      "03574661482194"
    ],
    "topCategoryName": "Lichaamsverzorging/Parfumerie",
    "topCategoryId": "591",
    "businessDomain": "RETAIL_BE",
    "IsPrivateLabel": false,
    "IsBiffe": false,
    "WeightconversionFactor": "0",
    "IsWeightArticle": false,
    "IsBio": false,
    "CountryOfOrigin": "ITALIË",
    "IsExclusivelySoldInLuxembourg": false,
    "OrderUnit": "P",
    "ShortName": "CARE FEEL FLEXIFORM56ST",
    "IsNew": false,
    "RecentQuanityOfStockUnits": "1",
    "LongName": "CAREFREE Feel Flexiform 56st",
    "FicCode": "N"
  },
  {
    "productId": "421016",
    "technicalArticleNumber": "3939097",
    "commercialArticleNumber": "1322",
    "name": "shampoo avoc/argan",
    "description": "*Shampoo\n*385ml\n*Parfums:\n-Avocado\n-Argan",
    "brand": "NATURE BOX",
    "seoBrand": "Nature Box",
    "thumbNail": "https://static.colruytgroup.com/images/200x200/std.lang.all/88/70/asset-2318870.jpg",
    "fullImage": "https://static.colruytgroup.com/images/500x500/std.lang.all/88/70/asset-2318870.jpg",
    "squareImage": "https://static.colruytgroup.com/images/500x500sq/std.lang.all/88/70/asset-2318870.jpg",
    "content": "385ml",
    "walkRouteSequenceNumber": 14812,
    "price": {
      "basicPrice": 5.99,
      "recommendedQuantity": "1.0",
      "measurementUnitPrice": 15.56,
      "measurementUnit": "L",
      "isRedPrice": false,
      "pricePerUOM": 15.56,
      "activationDate": "19-03-2024",
      "recordSource": "Offline",
      "isPromoActive": "N",
      "priceChangeCode": "E"
    },
    "isAvailable": true,
    "isPriceAvailable": true,
    "inPromo": false,
    "gtin": [
      "09000101215793",
      "05412530879356",
      "09000101216035",
      "09000101215762",
      "05412530895332",
      "15400141066743",
      "55400141851835",
      "05410091744533",
      "09000101299250",
      "05410091751975",
      "05410091744465",
      "09000101216066",
      "09000101299274"
    ],
    "topCategoryName": "Lichaamsverzorging/Parfumerie",
    "topCategoryId": "591",
    "businessDomain": "RETAIL_BE",
    "IsPrivateLabel": false,
    "IsBiffe": false,
    "WeightconversionFactor": "0",
    "IsWeightArticle": false,
    "IsBio": false,
    "CountryOfOrigin": "BELGIË",
    "IsExclusivelySoldInLuxembourg": false,
    "OrderUnit": "P",
    "ShortName": "NAT.BOX SH AVO/ARGAN385",
    "IsNew": false,
    "RecentQuanityOfStockUnits": "1,1,1",
    "LongName": "NATURE BOX shampoo avoc/argan 385ml",
    "FicCode": "N"
  },
  {
    "productId": "847132",
    "technicalArticleNumber": "4693458",
    "commercialArticleNumber": "16010",
    "name": "shampoo Oleo Intense/Volume",
    "description": "*Shampoo 440 ml\n*Assorti\n-Oleo Intense\n-Volume",
    "brand": "SYOSS",
    "seoBrand": "Syoss",
    "thumbNail": "https://static.colruytgroup.com/images/200x200/std.lang.all/16/82/asset-3361682.jpg",
    "fullImage": "https://static.colruytgroup.com/images/500x500/std.lang.all/16/82/asset-3361682.jpg",
    "squareImage": "https://static.colruytgroup.com/images/500x500sq/std.lang.all/16/82/asset-3361682.jpg",
    "content": "440ml",
    "walkRouteSequenceNumber": 15031,
    "price": {
      "basicPrice": 4.89,
      "recommendedQuantity": "1.0",
      "measurementUnitPrice": 11.12,
      "measurementUnit": "L",
      "isRedPrice": false,
      "pricePerUOM": 11.12,
      "activationDate": "13-03-2024",
      "recordSource": "Offline",
      "isPromoActive": "N",
      "priceChangeCode": "L"
    },
    "isAvailable": true,
    "isPriceAvailable": true,
    "inPromo": false,
    "gtin": [
      "05410091755218",
      "05412530901439",
      "05412530935052",
      "05410091768423"
    ],
    "topCategoryName": "Lichaamsverzorging/Parfumerie",
    "topCategoryId": "591",
    "businessDomain": "RETAIL_BE",
    "IsPrivateLabel": false,
    "IsBiffe": false,
    "WeightconversionFactor": "0",
    "IsWeightArticle": false,
    "IsBio": false,
    "CountryOfOrigin": "DUITSLAND",
    "IsExclusivelySoldInLuxembourg": false,
    "OrderUnit": "P",
    "ShortName": "SYOS SH OLEO/VOLUM.440",
    "IsNew": false,
    "RecentQuanityOfStockUnits": "1,1",
    "LongName": "SYOSS shampoo Oleo Intense/Volume 440ml",
    "FicCode": "N"
  },
  {
    "productId": "56344",
    "technicalArticleNumber": "2328319",
    "commercialArticleNumber": "832250",
    "name": "Body Milk Verstevigend Q10",
    "description": "*Bodymelk\n*400 ml\n*Droge huid",
    "brand": "NIVEA",
    "seoBrand": "Nivea",
    "thumbNail": "https://static.colruytgroup.com/images/200x200/std.lang.all/17/61/asset-891761.jpg",
    "fullImage": "https://static.colruytgroup.com/images/500x500/std.lang.all/17/61/asset-891761.jpg",
    "squareImage": "https://static.colruytgroup.com/images/500x500sq/std.lang.all/17/61/asset-891761.jpg",
    "content": "400ml",
    "walkRouteSequenceNumber": 15583,
    "price": {
      "basicPrice": 10.49,
      "recommendedQuantity": "1.0",
      "measurementUnitPrice": 26.23,
      "measurementUnit": "L",
      "isRedPrice": false,
      "pricePerUOM": 26.23,
      "activationDate": "23-03-2024",
      "recordSource": "Offline",
      "isPromoActive": "N",
      "priceChangeCode": "H"
    },
    "isAvailable": true,
    "isPriceAvailable": true,
    "inPromo": false,
    "gtin": [
      "04005900012081",
      "04005900012104",
      "04005900012128",
      "04005900012135",
      "04005900012111"
    ],
    "topCategoryName": "Lichaamsverzorging/Parfumerie",
    "topCategoryId": "591",
    "businessDomain": "NON_FOOD",
    "IsPrivateLabel": false,
    "IsBiffe": false,
    "IsWeightArticle": false,
    "RecentQuanityOfStockUnits": "1",
    "LongName": "NIVEA Body Milk Verstevigend Q10 400ml",
    "IsBio": false,
    "CountryOfOrigin": "BELGIË",
    "FicCode": "N",
    "OrderUnit": "P",
    "ShortName": "NIV.BODY VERST.MILK Q10",
    "IsNew": false
  },
  {
    "productId": "159859",
    "technicalArticleNumber": "3278838",
    "commercialArticleNumber": "17930",
    "name": "douche Pink Jasmin",
    "description": "*Douchegel\n*2 parfums:\n-Pink Jasmine",
    "brand": "FA MAGIC OIL",
    "seoBrand": "Fa",
    "thumbNail": "https://static.colruytgroup.com/images/200x200/std.lang.all/51/91/asset-2635191.jpg",
    "fullImage": "https://static.colruytgroup.com/images/500x500/std.lang.all/51/91/asset-2635191.jpg",
    "squareImage": "https://static.colruytgroup.com/images/500x500sq/std.lang.all/51/91/asset-2635191.jpg",
    "content": "250ml",
    "walkRouteSequenceNumber": 14642,
    "price": {
      "basicPrice": 3.69,
      "recommendedQuantity": "1.0",
      "measurementUnitPrice": 14.76,
      "measurementUnit": "L",
      "isRedPrice": false,
      "pricePerUOM": 14.76,
      "activationDate": "14-03-2024",
      "recordSource": "Offline",
      "isPromoActive": "N",
      "priceChangeCode": "E"
    },
    "isAvailable": true,
    "isPriceAvailable": true,
    "inPromo": false,
    "gtin": [
      "05412530836076",
      "05412530836069",
      "05400141230741",
      "03178041308724",
      "03178041308113",
      "03178041132732",
      "03178041134583"
    ],
    "topCategoryName": "Lichaamsverzorging/Parfumerie",
    "topCategoryId": "591",
    "businessDomain": "RETAIL_BE",
    "IsPrivateLabel": false,
    "IsBiffe": false,
    "WeightconversionFactor": "0",
    "IsWeightArticle": false,
    "IsBio": false,
    "CountryOfOrigin": "DUITSLAND",
    "IsExclusivelySoldInLuxembourg": false,
    "OrderUnit": "P",
    "ShortName": "FA DCH MAG.PINK250",
    "IsNew": false,
    "RecentQuanityOfStockUnits": "1,2",
    "LongName": "FA MAGIC OIL douche Pink Jasmin 250ml",
    "AlcoholVolume": "0",
    "FicCode": "N"
  },
  {
    "productId": "825508",
    "technicalArticleNumber": "4662380",
    "commercialArticleNumber": "29879",
    "name": "Cotton Feel",
    "brand": "CAREFREE",
    "seoBrand": "Carefree",
    "thumbNail": "https://static.colruytgroup.com/images/200x200/std.lang.all/37/63/asset-2933763.jpg",
    "fullImage": "https://static.colruytgroup.com/images/500x500/std.lang.all/37/63/asset-2933763.jpg",
    "squareImage": "https://static.colruytgroup.com/images/500x500sq/std.lang.all/37/63/asset-2933763.jpg",
    "content": "56st",
    "walkRouteSequenceNumber": 14420,
    "price": {
      "basicPrice": 4.49,
      "recommendedQuantity": "1.0",
      "quantityPrice": 3.32,
      "quantityPriceQuantity": "3.0",
      "measurementUnitPrice": 0.081,
      "measurementUnitQuantityPrice": 0.06,
      "measurementUnit": "S",
      "isRedPrice": false,
      "pricePerUOM": 0.081,
      "activationDate": "12-03-2024",
      "recordSource": "Offline",
      "isPromoActive": "N",
      "priceChangeCode": "E",
      "quantityPricePerUOM": 0.06,
      "quantityActivationDate": "12-03-2024",
      "quantityPriceChangeCode": "L"
    },
    "isAvailable": true,
    "isPriceAvailable": true,
    "inPromo": false,
    "gtin": [
      "03574661502694",
      "03574661486314",
      "15400141456803"
    ],
    "topCategoryName": "Lichaamsverzorging/Parfumerie",
    "topCategoryId": "591",
    "businessDomain": "RETAIL_BE",
    "IsPrivateLabel": false,
    "IsBiffe": false,
    "WeightconversionFactor": "0",
    "IsWeightArticle": false,
    "IsBio": false,
    "CountryOfOrigin": "ITALIË",
    "IsExclusivelySoldInLuxembourg": false,
    "OrderUnit": "P",
    "ShortName": "CARE COTTON FEEL 56ST",
    "IsNew": false,
    "RecentQuanityOfStockUnits": "2,1",
    "LongName": "CAREFREE Cotton Feel 56st",
    "FicCode": "N"
  },
  {
    "productId": "280761",
    "technicalArticleNumber": "3651746",
    "commercialArticleNumber": "346763",
    "name": "Triple Action",
    "description": "*Tandreinigings-\ntabletten",
    "brand": "COREGA",
    "seoBrand": "Corega",
    "thumbNail": "https://static.colruytgroup.com/images/200x200/std.lang.all/34/19/asset-1183419.jpg",
    "fullImage": "https://static.colruytgroup.com/images/500x500/std.lang.all/34/19/asset-1183419.jpg",
    "squareImage": "https://static.colruytgroup.com/images/500x500sq/std.lang.all/34/19/asset-1183419.jpg",
    "content": "66st",
    "walkRouteSequenceNumber": 14186,
    "price": {
      "basicPrice": 5.35,
      "recommendedQuantity": "1.0",
      "measurementUnitPrice": 0.082,
      "measurementUnit": "S",
      "isRedPrice": false,
      "pricePerUOM": 0.082,
      "activationDate": "19-03-2024",
      "recordSource": "Offline",
      "isPromoActive": "N",
      "priceChangeCode": "E"
    },
    "isAvailable": true,
    "isPriceAvailable": true,
    "inPromo": false,
    "gtin": [
      "05054563021212",
      "35054563021237",
      "05054563024190",
      "15054563021226"
    ],
    "topCategoryName": "Lichaamsverzorging/Parfumerie",
    "topCategoryId": "591",
    "businessDomain": "NON_FOOD",
    "IsPrivateLabel": false,
    "IsBiffe": false,
    "IsWeightArticle": false,
    "RecentQuanityOfStockUnits": "1",
    "LongName": "COREGA Triple Action 66st",
    "IsBio": false,
    "CountryOfOrigin": "NEDERLAND",
    "FicCode": "N",
    "OrderUnit": "P",
    "ShortName": "COR.TRIPLE ACT.66 TABS",
    "IsNew": false
  },
  {
    "productId": "879603",
    "technicalArticleNumber": "4736057",
    "commercialArticleNumber": "29029",
    "name": "Extraordin.Clay/Full Resist",
    "description": "*Conditioner 250 ml\n*Assortiment:\n-Extraodinary Clay\n-Full Resist",
    "brand": "ELSEVE",
    "seoBrand": "Elseve",
    "thumbNail": "https://static.colruytgroup.com/images/200x200/std.lang.all/37/31/asset-3243731.jpg",
    "fullImage": "https://static.colruytgroup.com/images/500x500/std.lang.all/37/31/asset-3243731.jpg",
    "squareImage": "https://static.colruytgroup.com/images/500x500sq/std.lang.all/37/31/asset-3243731.jpg",
    "content": "250ml",
    "walkRouteSequenceNumber": 15124,
    "price": {
      "basicPrice": 3.99,
      "recommendedQuantity": "1.0",
      "quantityPrice": 3.33,
      "quantityPriceQuantity": "3.0",
      "measurementUnitPrice": 15.96,
      "measurementUnitQuantityPrice": 13.32,
      "measurementUnit": "L",
      "isRedPrice": false,
      "pricePerUOM": 15.96,
      "activationDate": "23-03-2024",
      "recordSource": "Offline",
      "isPromoActive": "N",
      "priceChangeCode": "E",
      "quantityPricePerUOM": 13.32,
      "quantityActivationDate": "23-03-2024",
      "quantityPriceChangeCode": "E"
    },
    "isAvailable": true,
    "isPriceAvailable": true,
    "inPromo": false,
    "gtin": [
      "03600524091736",
      "05410103154633",
      "03600524091675",
      "05410103154626"
    ],
    "topCategoryName": "Lichaamsverzorging/Parfumerie",
    "topCategoryId": "591",
    "businessDomain": "RETAIL_BE",
    "IsPrivateLabel": false,
    "IsBiffe": false,
    "WeightconversionFactor": "0",
    "IsWeightArticle": false,
    "IsBio": false,
    "CountryOfOrigin": "FRANKRIJK",
    "IsExclusivelySoldInLuxembourg": false,
    "OrderUnit": "P",
    "ShortName": "ELS.CD EXTRAO./RESI.250",
    "IsNew": false,
    "RecentQuanityOfStockUnits": "2,2,1,1",
    "LongName": "ELSEVE Extraordin.Clay/Full Resist 250ml",
    "AlcoholVolume": "0",
    "FicCode": "N"
  },
  {
    "productId": "150533",
    "technicalArticleNumber": "3322753",
    "commercialArticleNumber": "12965",
    "name": "douche Extra Fresh",
    "description": "*Douchegel\n*Zachte huid\n*Voedende verzorging\n*Gehydrateerde huid\n*Ultrafrisse geur",
    "brand": "DOVE MEN+CARE",
    "seoBrand": "Dove",
    "thumbNail": "https://static.colruytgroup.com/images/200x200/std.lang.all/62/89/asset-3216289.jpg",
    "fullImage": "https://static.colruytgroup.com/images/500x500/std.lang.all/62/89/asset-3216289.jpg",
    "squareImage": "https://static.colruytgroup.com/images/500x500sq/std.lang.all/62/89/asset-3216289.jpg",
    "content": "400ml",
    "walkRouteSequenceNumber": 14440,
    "price": {
      "basicPrice": 4.59,
      "recommendedQuantity": "1.0",
      "measurementUnitPrice": 11.48,
      "measurementUnit": "L",
      "isRedPrice": false,
      "pricePerUOM": 11.48,
      "activationDate": "21-03-2024",
      "recordSource": "Offline",
      "isPromoActive": "N",
      "priceChangeCode": "H"
    },
    "isAvailable": true,
    "isPriceAvailable": true,
    "inPromo": true,
    "promotion": [
      {
        "techPromoId": "100897COLR",
        "promotionId": "100897",
        "promotionType": "4",
        "isPersonalized": "N",
        "publicationStartDate": "13-03-2024",
        "publicationEndDate": "26-03-2024"
      }
    ],
    "gtin": [
      "08720181313424",
      "08720181356278",
      "08717644682944",
      "15400141362210",
      "05400141231755",
      "08711600613843",
      "08711600769250",
      "08711600769267",
      "08711700727051",
      "08712561806459",
      "08712561806619",
      "08711600613850"
    ],
    "topCategoryName": "Lichaamsverzorging/Parfumerie",
    "topCategoryId": "591",
    "businessDomain": "RETAIL_BE",
    "IsPrivateLabel": false,
    "IsBiffe": false,
    "WeightconversionFactor": "0",
    "IsWeightArticle": false,
    "IsBio": false,
    "CountryOfOrigin": "DUITSLAND",
    "IsExclusivelySoldInLuxembourg": false,
    "OrderUnit": "P",
    "ShortName": "DOV MEN DCH EX.FRESH400",
    "IsNew": false,
    "RecentQuanityOfStockUnits": "2,1,1",
    "LongName": "DOVE MEN+CARE douche Extra Fresh 400ml",
    "AlcoholVolume": "0",
    "FicCode": "N"
  },
  {
    "productId": "698355",
    "technicalArticleNumber": "4429247",
    "commercialArticleNumber": "3969",
    "name": "ilk normal",
    "description": "*Voor urineverlies\n*Medisch hulpmiddel",
    "brand": "ALWAYS DISCREET",
    "seoBrand": "Always Discreet",
    "thumbNail": "https://static.colruytgroup.com/images/200x200/std.lang.all/93/44/asset-2449344.jpg",
    "fullImage": "https://static.colruytgroup.com/images/500x500/std.lang.all/93/44/asset-2449344.jpg",
    "squareImage": "https://static.colruytgroup.com/images/500x500sq/std.lang.all/93/44/asset-2449344.jpg",
    "content": "28st",
    "walkRouteSequenceNumber": 14262,
    "price": {
      "basicPrice": 3.29,
      "recommendedQuantity": "2.0",
      "measurementUnitPrice": 0.118,
      "measurementUnit": "S",
      "isRedPrice": false,
      "pricePerUOM": 0.118,
      "activationDate": "13-03-2024",
      "recordSource": "Offline",
      "isPromoActive": "N",
      "priceChangeCode": "E"
    },
    "isAvailable": true,
    "isPriceAvailable": true,
    "inPromo": true,
    "promotion": [
      {
        "techPromoId": "100869COLR",
        "promotionId": "100869",
        "promotionType": "4",
        "isPersonalized": "N",
        "publicationStartDate": "13-03-2024",
        "publicationEndDate": "26-03-2024"
      }
    ],
    "gtin": [
      "04015400675464",
      "08006540322482",
      "15400141446972",
      "08006540390276"
    ],
    "topCategoryName": "Lichaamsverzorging/Parfumerie",
    "topCategoryId": "591",
    "businessDomain": "RETAIL_BE",
    "IsPrivateLabel": false,
    "IsBiffe": false,
    "WeightconversionFactor": "0",
    "IsWeightArticle": false,
    "IsBio": false,
    "CountryOfOrigin": "DUITSLAND",
    "IsExclusivelySoldInLuxembourg": false,
    "OrderUnit": "P",
    "ShortName": "ALWA DISC.ILK NORMAL28",
    "IsNew": false,
    "RecentQuanityOfStockUnits": "2,1",
    "LongName": "ALWAYS DISCREET ilk normal 28st",
    "FicCode": "N"
  },
  {
    "productId": "847145",
    "technicalArticleNumber": "4693474",
    "commercialArticleNumber": "16182",
    "name": "conditioner Keratin/Oleo",
    "description": "*Conditioner 440 ml\n*Assorti:\n-Oleo Intense\n-Keratine",
    "brand": "SYOSS",
    "seoBrand": "Syoss",
    "thumbNail": "https://static.colruytgroup.com/images/200x200/std.lang.all/02/12/asset-3180212.jpg",
    "fullImage": "https://static.colruytgroup.com/images/500x500/std.lang.all/02/12/asset-3180212.jpg",
    "squareImage": "https://static.colruytgroup.com/images/500x500sq/std.lang.all/02/12/asset-3180212.jpg",
    "content": "440ml",
    "walkRouteSequenceNumber": 15021,
    "price": {
      "basicPrice": 4.55,
      "recommendedQuantity": "1.0",
      "measurementUnitPrice": 10.35,
      "measurementUnit": "L",
      "isRedPrice": false,
      "pricePerUOM": 10.35,
      "activationDate": "01-03-2024",
      "recordSource": "Offline",
      "isPromoActive": "N",
      "priceChangeCode": "H"
    },
    "isAvailable": true,
    "isPriceAvailable": true,
    "inPromo": false,
    "gtin": [
      "45400141437513",
      "09000101712452",
      "05410091755379",
      "09000101712414",
      "05412530901613"
    ],
    "topCategoryName": "Lichaamsverzorging/Parfumerie",
    "topCategoryId": "591",
    "businessDomain": "RETAIL_BE",
    "IsPrivateLabel": false,
    "IsBiffe": false,
    "WeightconversionFactor": "0",
    "IsWeightArticle": false,
    "IsBio": false,
    "CountryOfOrigin": "DUITSLAND",
    "IsExclusivelySoldInLuxembourg": false,
    "OrderUnit": "P",
    "ShortName": "SYOS CD OLEO/KERAT.440",
    "IsNew": false,
    "RecentQuanityOfStockUnits": "1,1",
    "LongName": "SYOSS conditioner Keratin/Oleo 440ml",
    "FicCode": "N"
  },
  {
    "productId": "24892",
    "technicalArticleNumber": "1988466",
    "commercialArticleNumber": "6934",
    "name": "Men Level 2 mannen bescherming",
    "description": "*Verbanden Men (20s)\n*Matig urineverlies\n*Triple Protection\n*Odour Control\n*Parfumvrij",
    "brand": "TENA",
    "seoBrand": "Tena Men",
    "thumbNail": "https://static.colruytgroup.com/images/200x200/std.lang.all/61/16/asset-3016116.jpg",
    "fullImage": "https://static.colruytgroup.com/images/500x500/std.lang.all/61/16/asset-3016116.jpg",
    "squareImage": "https://static.colruytgroup.com/images/500x500sq/std.lang.all/61/16/asset-3016116.jpg",
    "content": "20st",
    "walkRouteSequenceNumber": 14270,
    "price": {
      "basicPrice": 8.99,
      "recommendedQuantity": "1.0",
      "measurementUnitPrice": 0.45,
      "measurementUnit": "S",
      "isRedPrice": false,
      "pricePerUOM": 0.45,
      "activationDate": "21-03-2024",
      "recordSource": "Folder",
      "isPromoActive": "N",
      "priceChangeCode": "L"
    },
    "isAvailable": true,
    "isPriceAvailable": true,
    "inPromo": true,
    "promotion": [
      {
        "techPromoId": "100838COLR",
        "promotionId": "100838",
        "promotionType": "3",
        "isPersonalized": "N",
        "publicationStartDate": "13-03-2024",
        "publicationEndDate": "26-03-2024"
      }
    ],
    "gtin": [
      "07322540770117",
      "07322540016383"
    ],
    "topCategoryName": "Lichaamsverzorging/Parfumerie",
    "topCategoryId": "591",
    "businessDomain": "RETAIL_BE",
    "IsPrivateLabel": false,
    "IsBiffe": false,
    "WeightconversionFactor": "0",
    "IsWeightArticle": false,
    "IsBio": false,
    "CountryOfOrigin": "SLOWAKIJE",
    "IsExclusivelySoldInLuxembourg": false,
    "OrderUnit": "P",
    "ShortName": "TENA MEN VB MEDIUM 20ST",
    "IsNew": false,
    "RecentQuanityOfStockUnits": "1,6",
    "LongName": "TENA Men Level 2 mannen bescherming 20st",
    "AlcoholVolume": "0",
    "FicCode": "N"
  },
  {
    "productId": "896488",
    "technicalArticleNumber": "4756201",
    "commercialArticleNumber": "11975",
    "name": "tandpasta Calm Original",
    "brand": "ORAL-B",
    "seoBrand": "Oral-B",
    "thumbNail": "https://static.colruytgroup.com/images/200x200/nl_be/00/01/asset-3330001.jpg",
    "fullImage": "https://static.colruytgroup.com/images/500x500/nl_be/00/01/asset-3330001.jpg",
    "squareImage": "https://static.colruytgroup.com/images/500x500sq/nl_be/00/01/asset-3330001.jpg",
    "content": "75ml",
    "walkRouteSequenceNumber": 14387,
    "price": {
      "basicPrice": 5.29,
      "recommendedQuantity": "1.0",
      "quantityPrice": 4.06,
      "quantityPriceQuantity": "3.0",
      "measurementUnitPrice": 70.54,
      "measurementUnitQuantityPrice": 54.14,
      "measurementUnit": "L",
      "isRedPrice": false,
      "pricePerUOM": 70.54,
      "activationDate": "23-03-2024",
      "recordSource": "Offline",
      "isPromoActive": "N",
      "priceChangeCode": "E",
      "quantityPricePerUOM": 54.14,
      "quantityActivationDate": "23-03-2024",
      "quantityPriceChangeCode": "E"
    },
    "isAvailable": true,
    "isPriceAvailable": true,
    "inPromo": false,
    "gtin": [
      "08700216034821",
      "08700216034838",
      "08700216034661",
      "08700216034692"
    ],
    "topCategoryName": "Lichaamsverzorging/Parfumerie",
    "topCategoryId": "591",
    "businessDomain": "RETAIL_BE",
    "IsPrivateLabel": false,
    "IsBiffe": false,
    "WeightconversionFactor": "0",
    "IsWeightArticle": false,
    "IsBio": false,
    "CountryOfOrigin": "DUITSLAND",
    "IsExclusivelySoldInLuxembourg": false,
    "OrderUnit": "P",
    "ShortName": "ORAL TP PRO ADV CA 75ML",
    "IsNew": false,
    "RecentQuanityOfStockUnits": "2,1",
    "LongName": "ORAL-B tandpasta Calm Original 75ml",
    "FicCode": "N"
  },
  {
    "productId": "885360",
    "technicalArticleNumber": "4744296",
    "commercialArticleNumber": "32551",
    "name": "deo komkommer/passion fruit",
    "description": "*Anti-transpirant\n*2 Parfums:\n-Passion fruit\n-Komkommer",
    "brand": "DOVE",
    "seoBrand": "Dove",
    "thumbNail": "https://static.colruytgroup.com/images/200x200/std.lang.all/99/96/asset-3329996.jpg",
    "fullImage": "https://static.colruytgroup.com/images/500x500/std.lang.all/99/96/asset-3329996.jpg",
    "squareImage": "https://static.colruytgroup.com/images/500x500sq/std.lang.all/99/96/asset-3329996.jpg",
    "content": "200ml",
    "walkRouteSequenceNumber": 14745,
    "price": {
      "basicPrice": 4.78,
      "recommendedQuantity": "1.0",
      "measurementUnitPrice": 23.9,
      "measurementUnit": "L",
      "isRedPrice": false,
      "pricePerUOM": 23.9,
      "activationDate": "31-01-2024",
      "recordSource": "Offline",
      "isPromoActive": "N",
      "priceChangeCode": "H"
    },
    "isAvailable": true,
    "isPriceAvailable": true,
    "inPromo": false,
    "gtin": [
      "35400141874748",
      "25400141874741",
      "08720181347801",
      "08720181174575",
      "08720181174629",
      "08720181347207"
    ],
    "topCategoryName": "Lichaamsverzorging/Parfumerie",
    "topCategoryId": "591",
    "businessDomain": "RETAIL_BE",
    "IsPrivateLabel": false,
    "IsBiffe": false,
    "WeightconversionFactor": "0",
    "IsWeightArticle": false,
    "IsBio": false,
    "CountryOfOrigin": "VERENIGD KONINKRIJK",
    "IsExclusivelySoldInLuxembourg": false,
    "OrderUnit": "P",
    "ShortName": "DOVE DEO KOMK/PAS200ML",
    "IsNew": false,
    "RecentQuanityOfStockUnits": "2,1,1",
    "LongName": "DOVE deo komkommer/passion fruit 200ml",
    "FicCode": "N"
  },
  {
    "productId": "515264",
    "technicalArticleNumber": "4096094",
    "commercialArticleNumber": "8314",
    "name": "gel sensitive/hydrate",
    "description": "*Scheerschuim\n*Gevoelige huid\n*Crème\n*Nutritive\n*Hydratatie",
    "brand": "WILLIAMS",
    "seoBrand": "Williams",
    "thumbNail": "https://static.colruytgroup.com/images/200x200/std.lang.all/78/82/asset-1827882.jpg",
    "fullImage": "https://static.colruytgroup.com/images/500x500/std.lang.all/78/82/asset-1827882.jpg",
    "squareImage": "https://static.colruytgroup.com/images/500x500sq/std.lang.all/78/82/asset-1827882.jpg",
    "content": "200ml",
    "walkRouteSequenceNumber": 15220,
    "price": {
      "basicPrice": 4.85,
      "recommendedQuantity": "1.0",
      "measurementUnitPrice": 24.25,
      "measurementUnit": "L",
      "isRedPrice": false,
      "pricePerUOM": 24.25,
      "activationDate": "27-04-2023",
      "recordSource": "Offline",
      "isPromoActive": "N",
      "priceChangeCode": "H"
    },
    "isAvailable": true,
    "isPriceAvailable": true,
    "inPromo": false,
    "gtin": [
      "03181730117965",
      "03181730117972",
      "03181730125014",
      "03181730125007",
      "85400141286911"
    ],
    "topCategoryName": "Lichaamsverzorging/Parfumerie",
    "topCategoryId": "591",
    "businessDomain": "RETAIL_BE",
    "IsPrivateLabel": false,
    "IsBiffe": false,
    "WeightconversionFactor": "0",
    "IsWeightArticle": false,
    "IsBio": false,
    "CountryOfOrigin": "DUITSLAND",
    "IsExclusivelySoldInLuxembourg": false,
    "OrderUnit": "P",
    "ShortName": "WILL.GEL SENS/HYDR 200",
    "IsNew": false,
    "RecentQuanityOfStockUnits": "1,1",
    "LongName": "WILLIAMS gel sensitive/hydrate 200ml",
    "FicCode": "N"
  },
  {
    "productId": "767666",
    "technicalArticleNumber": "4551805",
    "commercialArticleNumber": "16085",
    "name": "tandenborstel slim soft",
    "description": "*Zacht\n*Fijne borstelharen\n*Verwijdert tandplak",
    "brand": "COLGATE",
    "seoBrand": "Colgate",
    "thumbNail": "https://static.colruytgroup.com/images/200x200/std.lang.all/53/79/asset-2735379.jpg",
    "fullImage": "https://static.colruytgroup.com/images/500x500/std.lang.all/53/79/asset-2735379.jpg",
    "squareImage": "https://static.colruytgroup.com/images/500x500sq/std.lang.all/53/79/asset-2735379.jpg",
    "content": "2st",
    "walkRouteSequenceNumber": 14200,
    "price": {
      "basicPrice": 6.39,
      "recommendedQuantity": "1.0",
      "measurementUnitPrice": 3.2,
      "measurementUnit": "S",
      "isRedPrice": false,
      "pricePerUOM": 3.2,
      "activationDate": "14-03-2024",
      "recordSource": "Offline",
      "isPromoActive": "N",
      "priceChangeCode": "E"
    },
    "isAvailable": true,
    "isPriceAvailable": true,
    "inPromo": false,
    "gtin": [
      "08714789993829",
      "48714789065241"
    ],
    "topCategoryName": "Lichaamsverzorging/Parfumerie",
    "topCategoryId": "591",
    "businessDomain": "RETAIL_BE",
    "IsPrivateLabel": false,
    "IsBiffe": false,
    "WeightconversionFactor": "0",
    "IsWeightArticle": false,
    "IsBio": false,
    "CountryOfOrigin": "CHINA (VOLKSREBUPLIEK)",
    "IsExclusivelySoldInLuxembourg": false,
    "OrderUnit": "P",
    "ShortName": "COLG TB SLIM SOFT 2ST",
    "IsNew": false,
    "RecentQuanityOfStockUnits": "1",
    "LongName": "COLGATE tandenborstel slim soft 2st",
    "FicCode": "N"
  },
  {
    "productId": "324674",
    "technicalArticleNumber": "3769285",
    "commercialArticleNumber": "282071",
    "name": "Body Express Lotion",
    "description": "*Bodylotion\n*400 ml\n*Normale huid",
    "brand": "NIVEA",
    "seoBrand": "Nivea",
    "thumbNail": "https://static.colruytgroup.com/images/200x200/std.lang.all/56/96/asset-1385696.jpg",
    "fullImage": "https://static.colruytgroup.com/images/500x500/std.lang.all/56/96/asset-1385696.jpg",
    "squareImage": "https://static.colruytgroup.com/images/500x500sq/std.lang.all/56/96/asset-1385696.jpg",
    "content": "400ml",
    "walkRouteSequenceNumber": 15584,
    "price": {
      "basicPrice": 4.79,
      "recommendedQuantity": "1.0",
      "measurementUnitPrice": 11.98,
      "measurementUnit": "L",
      "isRedPrice": false,
      "pricePerUOM": 11.98,
      "activationDate": "18-03-2024",
      "recordSource": "Folder",
      "isPromoActive": "N",
      "priceChangeCode": "L"
    },
    "isAvailable": true,
    "isPriceAvailable": true,
    "inPromo": false,
    "gtin": [
      "04005900418166",
      "04005900418180",
      "04005900418173"
    ],
    "topCategoryName": "Lichaamsverzorging/Parfumerie",
    "topCategoryId": "591",
    "businessDomain": "NON_FOOD",
    "IsPrivateLabel": false,
    "IsBiffe": false,
    "IsWeightArticle": false,
    "RecentQuanityOfStockUnits": "1",
    "LongName": "NIVEA Body Express Lotion 400ml",
    "IsBio": false,
    "CountryOfOrigin": "BELGIË",
    "FicCode": "N",
    "OrderUnit": "P",
    "ShortName": "NIV.BODY LOT.EXPR.400ML",
    "IsNew": false
  },
  {
    "productId": "643238",
    "technicalArticleNumber": "4337921",
    "commercialArticleNumber": "23859",
    "name": "shamp.color protect",
    "description": "*Shampoo\n*440ml\n*Color protect:\nvoor gekleurd haar\nen highlights",
    "brand": "SYOSS",
    "seoBrand": "Syoss",
    "thumbNail": "https://static.colruytgroup.com/images/200x200/std.lang.all/46/64/asset-2254664.jpg",
    "fullImage": "https://static.colruytgroup.com/images/500x500/std.lang.all/46/64/asset-2254664.jpg",
    "squareImage": "https://static.colruytgroup.com/images/500x500sq/std.lang.all/46/64/asset-2254664.jpg",
    "content": "440ml",
    "walkRouteSequenceNumber": 15028,
    "price": {
      "basicPrice": 4.45,
      "recommendedQuantity": "1.0",
      "measurementUnitPrice": 10.12,
      "measurementUnit": "L",
      "isRedPrice": false,
      "pricePerUOM": 10.12,
      "activationDate": "26-02-2024",
      "recordSource": "Offline",
      "isPromoActive": "N",
      "priceChangeCode": "H"
    },
    "isAvailable": true,
    "isPriceAvailable": true,
    "inPromo": false,
    "gtin": [
      "05412530901392",
      "04015100336825",
      "05410091755171",
      "45400141837757"
    ],
    "topCategoryName": "Lichaamsverzorging/Parfumerie",
    "topCategoryId": "591",
    "businessDomain": "RETAIL_BE",
    "IsPrivateLabel": false,
    "IsBiffe": false,
    "WeightconversionFactor": "0",
    "IsWeightArticle": false,
    "IsBio": false,
    "CountryOfOrigin": "DUITSLAND",
    "IsExclusivelySoldInLuxembourg": false,
    "OrderUnit": "P",
    "ShortName": "SYOS SH.COLOR PROTEC440",
    "IsNew": false,
    "RecentQuanityOfStockUnits": "1,2",
    "LongName": "SYOSS shamp.color protect 440ml",
    "FicCode": "N"
  },
  {
    "productId": "741568",
    "technicalArticleNumber": "4506945",
    "commercialArticleNumber": "27970",
    "name": "Cotton protec. liners norm.",
    "brand": "ALWAYS",
    "seoBrand": "Always",
    "thumbNail": "https://static.colruytgroup.com/images/200x200/std.lang.all/76/95/asset-2877695.jpg",
    "fullImage": "https://static.colruytgroup.com/images/500x500/std.lang.all/76/95/asset-2877695.jpg",
    "squareImage": "https://static.colruytgroup.com/images/500x500sq/std.lang.all/76/95/asset-2877695.jpg",
    "content": "52st",
    "walkRouteSequenceNumber": 14391,
    "price": {
      "basicPrice": 5.19,
      "recommendedQuantity": "2.0",
      "measurementUnitPrice": 0.1,
      "measurementUnit": "S",
      "isRedPrice": false,
      "pricePerUOM": 0.1,
      "activationDate": "13-03-2024",
      "recordSource": "Offline",
      "isPromoActive": "N",
      "priceChangeCode": "E"
    },
    "isAvailable": true,
    "isPriceAvailable": true,
    "inPromo": true,
    "promotion": [
      {
        "techPromoId": "100869COLR",
        "promotionId": "100869",
        "promotionType": "4",
        "isPersonalized": "N",
        "publicationStartDate": "13-03-2024",
        "publicationEndDate": "26-03-2024"
      }
    ],
    "gtin": [
      "35400141510257",
      "08006540434697",
      "08006540434703"
    ],
    "topCategoryName": "Lichaamsverzorging/Parfumerie",
    "topCategoryId": "591",
    "businessDomain": "RETAIL_BE",
    "IsPrivateLabel": false,
    "IsBiffe": false,
    "WeightconversionFactor": "0",
    "IsWeightArticle": false,
    "IsBio": false,
    "CountryOfOrigin": "DUITSLAND",
    "IsExclusivelySoldInLuxembourg": false,
    "OrderUnit": "P",
    "ShortName": "ALWA COT.ILK.NORMAL.52",
    "IsNew": false,
    "RecentQuanityOfStockUnits": "2,1",
    "LongName": "ALWAYS Cotton protec. liners norm. 52st",
    "FicCode": "N"
  },
  {
    "productId": "899198",
    "technicalArticleNumber": "4757005",
    "commercialArticleNumber": "19408",
    "name": "hairspray ultra strong/volume",
    "description": "*Hairspray\n*Assorti: ultra strong/volume",
    "brand": "TAFT",
    "seoBrand": "Taft",
    "thumbNail": "https://ecgproductmw.colruytgroup.com/ecgproductmw/noPicForArticle_2.jpg",
    "fullImage": "https://ecgproductmw.colruytgroup.com/ecgproductmw/noPicForArticle_5.jpg",
    "squareImage": "https://ecgproductmw.colruytgroup.com/ecgproductmw/noPicForArticle_5.jpg",
    "content": "250ml",
    "walkRouteSequenceNumber": 15321,
    "price": {
      "basicPrice": 5.99,
      "recommendedQuantity": "1.0",
      "measurementUnitPrice": 23.96,
      "measurementUnit": "L",
      "isRedPrice": false,
      "pricePerUOM": 23.96,
      "activationDate": "16-03-2024",
      "recordSource": "Offline",
      "isPromoActive": "N",
      "priceChangeCode": "H"
    },
    "isAvailable": true,
    "isPriceAvailable": true,
    "inPromo": false,
    "gtin": [
      "25400141610523",
      "07310181584224",
      "07310181571804",
      "07310181571811",
      "07310181584217"
    ],
    "topCategoryName": "Lichaamsverzorging/Parfumerie",
    "topCategoryId": "591",
    "businessDomain": "RETAIL_BE",
    "IsPrivateLabel": false,
    "IsBiffe": false,
    "WeightconversionFactor": "0",
    "IsWeightArticle": false,
    "IsBio": false,
    "CountryOfOrigin": "DUITSLAND",
    "IsExclusivelySoldInLuxembourg": false,
    "OrderUnit": "P",
    "ShortName": "TAFT HAIRSP.ULT/VOL.250",
    "IsNew": false,
    "RecentQuanityOfStockUnits": "1,1",
    "LongName": "TAFT hairspray ultra strong/volume 250ml",
    "AlcoholVolume": "0",
    "FicCode": "N"
  },
  {
    "productId": "864394",
    "technicalArticleNumber": "4716202",
    "commercialArticleNumber": "32002",
    "name": "dch Kamille/Aloe vera",
    "description": "*Douchegel\n*Assortiment:\n-Kamille/honing\n-Aloe Vera\n*PH-neutraal",
    "brand": "SUNLIGHT",
    "seoBrand": "Sunlight",
    "thumbNail": "https://static.colruytgroup.com/images/200x200/std.lang.all/62/98/asset-3216298.jpg",
    "fullImage": "https://static.colruytgroup.com/images/500x500/std.lang.all/62/98/asset-3216298.jpg",
    "squareImage": "https://static.colruytgroup.com/images/500x500sq/std.lang.all/62/98/asset-3216298.jpg",
    "content": "450ml",
    "walkRouteSequenceNumber": 14716,
    "price": {
      "basicPrice": 3.99,
      "recommendedQuantity": "1.0",
      "measurementUnitPrice": 8.87,
      "measurementUnit": "L",
      "isRedPrice": false,
      "pricePerUOM": 8.87,
      "activationDate": "12-03-2024",
      "recordSource": "Offline",
      "isPromoActive": "N",
      "priceChangeCode": "L"
    },
    "isAvailable": true,
    "isPriceAvailable": true,
    "inPromo": false,
    "gtin": [
      "08720181354854",
      "08720181354830",
      "08720181355257",
      "08720181355172",
      "08720181354984",
      "08720181354946",
      "45400141852057"
    ],
    "topCategoryName": "Lichaamsverzorging/Parfumerie",
    "topCategoryId": "591",
    "businessDomain": "RETAIL_BE",
    "IsPrivateLabel": false,
    "IsBiffe": false,
    "WeightconversionFactor": "0",
    "IsWeightArticle": false,
    "IsBio": false,
    "CountryOfOrigin": "DUITSLAND",
    "IsExclusivelySoldInLuxembourg": false,
    "OrderUnit": "P",
    "ShortName": "SUNL.DCH KAMIL/ALOE 450",
    "IsNew": false,
    "RecentQuanityOfStockUnits": "1,1,2",
    "LongName": "SUNLIGHT dch Kamille/Aloe vera 450ml",
    "AlcoholVolume": "0",
    "FicCode": "N"
  },
  {
    "productId": "873201",
    "technicalArticleNumber": "4727962",
    "commercialArticleNumber": "28010",
    "name": "gum",
    "brand": "LISTERINE TOTAL CARE",
    "seoBrand": "Listerine Total Care",
    "thumbNail": "https://static.colruytgroup.com/images/200x200/std.lang.all/76/16/asset-3237616.jpg",
    "fullImage": "https://static.colruytgroup.com/images/500x500/std.lang.all/76/16/asset-3237616.jpg",
    "squareImage": "https://static.colruytgroup.com/images/500x500sq/std.lang.all/76/16/asset-3237616.jpg",
    "content": "500ml",
    "walkRouteSequenceNumber": 14450,
    "price": {
      "basicPrice": 7.99,
      "recommendedQuantity": "1.0",
      "quantityPrice": 5.66,
      "quantityPriceQuantity": "3.0",
      "measurementUnitPrice": 15.98,
      "measurementUnitQuantityPrice": 11.32,
      "measurementUnit": "L",
      "isRedPrice": false,
      "pricePerUOM": 15.98,
      "activationDate": "23-03-2024",
      "recordSource": "Offline",
      "isPromoActive": "N",
      "priceChangeCode": "E",
      "quantityPricePerUOM": 11.32,
      "quantityActivationDate": "23-03-2024",
      "quantityPriceChangeCode": "E"
    },
    "isAvailable": true,
    "isPriceAvailable": true,
    "inPromo": false,
    "gtin": [
      "45400141433072",
      "03574661734484",
      "03574661734491"
    ],
    "topCategoryName": "Lichaamsverzorging/Parfumerie",
    "topCategoryId": "591",
    "businessDomain": "RETAIL_BE",
    "IsPrivateLabel": false,
    "IsBiffe": false,
    "WeightconversionFactor": "0",
    "IsWeightArticle": false,
    "IsBio": false,
    "CountryOfOrigin": "ITALIË",
    "IsExclusivelySoldInLuxembourg": false,
    "OrderUnit": "P",
    "ShortName": "LIST TOT.CARE GUM 500ML",
    "IsNew": false,
    "RecentQuanityOfStockUnits": "2,1",
    "LongName": "LISTERINE TOTAL CARE gum 500ml",
    "FicCode": "N"
  },
  {
    "productId": "600348",
    "technicalArticleNumber": "4266113",
    "commercialArticleNumber": "16713",
    "name": "shampoo purple",
    "description": "*Color Vive Purple\n*Neutraliseert gele\nen oranje gloeden.\nVoor blond, gehighlight,\nontkleurd, wit haar",
    "brand": "ELSEVE",
    "seoBrand": "Elseve",
    "thumbNail": "https://static.colruytgroup.com/images/200x200/std.lang.all/28/24/asset-2082824.jpg",
    "fullImage": "https://static.colruytgroup.com/images/500x500/std.lang.all/28/24/asset-2082824.jpg",
    "squareImage": "https://static.colruytgroup.com/images/500x500sq/std.lang.all/28/24/asset-2082824.jpg",
    "content": "200ml",
    "walkRouteSequenceNumber": 15100,
    "price": {
      "basicPrice": 3.92,
      "recommendedQuantity": "1.0",
      "measurementUnitPrice": 19.6,
      "measurementUnit": "L",
      "isRedPrice": false,
      "pricePerUOM": 19.6,
      "activationDate": "23-03-2024",
      "recordSource": "Folder",
      "isPromoActive": "N",
      "priceChangeCode": "E"
    },
    "isAvailable": true,
    "isPriceAvailable": true,
    "inPromo": true,
    "promotion": [
      {
        "techPromoId": "100894COLR",
        "promotionId": "100894",
        "promotionType": "4",
        "isPersonalized": "N",
        "publicationStartDate": "13-03-2024",
        "publicationEndDate": "26-03-2024"
      }
    ],
    "gtin": [
      "03600523683031",
      "03600523682805"
    ],
    "topCategoryName": "Lichaamsverzorging/Parfumerie",
    "topCategoryId": "591",
    "businessDomain": "RETAIL_BE",
    "IsPrivateLabel": false,
    "IsBiffe": false,
    "WeightconversionFactor": "0",
    "IsWeightArticle": false,
    "IsBio": false,
    "CountryOfOrigin": "FRANKRIJK",
    "IsExclusivelySoldInLuxembourg": false,
    "OrderUnit": "P",
    "ShortName": "ELSE SHAMP.PURPLE 200ML",
    "IsNew": false,
    "RecentQuanityOfStockUnits": "1",
    "LongName": "ELSEVE shampoo purple 200ml",
    "FicCode": "N"
  },
  {
    "productId": "2729",
    "technicalArticleNumber": "1013420",
    "commercialArticleNumber": "6822",
    "name": "zakdoekjes Balsam",
    "description": "* 9 stuks per pakje\n* 4-lagig\n* 24 pakjes\n* 100 % cellulose\n* FSC certificaat",
    "brand": "KLEENEX",
    "seoBrand": "Kleenex",
    "thumbNail": "https://static.colruytgroup.com/images/200x200/std.lang.all/44/18/asset-3354418.jpg",
    "fullImage": "https://static.colruytgroup.com/images/500x500/std.lang.all/44/18/asset-3354418.jpg",
    "squareImage": "https://static.colruytgroup.com/images/500x500sq/std.lang.all/44/18/asset-3354418.jpg",
    "content": "24st",
    "walkRouteSequenceNumber": 3905,
    "price": {
      "basicPrice": 8.5,
      "recommendedQuantity": "1.0",
      "measurementUnitPrice": 0.355,
      "measurementUnit": "S",
      "isRedPrice": false,
      "pricePerUOM": 0.355,
      "activationDate": "29-02-2024",
      "recordSource": "Offline",
      "isPromoActive": "N",
      "priceChangeCode": "H"
    },
    "isAvailable": true,
    "isPriceAvailable": true,
    "inPromo": false,
    "gtin": [
      "05029054004463",
      "05029053001159",
      "00000050375301"
    ],
    "topCategoryName": "Lichaamsverzorging/Parfumerie",
    "topCategoryId": "591",
    "businessDomain": "RETAIL_BE",
    "IsPrivateLabel": false,
    "IsBiffe": false,
    "WeightconversionFactor": "0",
    "IsWeightArticle": false,
    "IsBio": false,
    "CountryOfOrigin": "FRANKRIJK",
    "IsExclusivelySoldInLuxembourg": false,
    "OrderUnit": "P",
    "ShortName": "KLEEN.ZAKD. 24X9 BALSEM",
    "IsNew": false,
    "RecentQuanityOfStockUnits": "1",
    "LongName": "KLEENEX zakdoekjes Balsam 24st",
    "AlcoholVolume": "0",
    "FicCode": "N"
  },
  {
    "productId": "781260",
    "technicalArticleNumber": "4577847",
    "commercialArticleNumber": "28927",
    "name": "roll on origina/invisible",
    "description": "*Borotalco roll-on\n*Assortiment\n-Original\n-Invisible\n48U - 0% alcohol",
    "brand": "BOROTALCO",
    "seoBrand": "Borotalco",
    "thumbNail": "https://static.colruytgroup.com/images/200x200/std.lang.all/48/22/asset-2764822.jpg",
    "fullImage": "https://static.colruytgroup.com/images/500x500/std.lang.all/48/22/asset-2764822.jpg",
    "squareImage": "https://static.colruytgroup.com/images/500x500sq/std.lang.all/48/22/asset-2764822.jpg",
    "content": "50ml",
    "walkRouteSequenceNumber": 14684,
    "price": {
      "basicPrice": 5.49,
      "recommendedQuantity": "1.0",
      "quantityPrice": 3.5,
      "quantityPriceQuantity": "2.0",
      "measurementUnitPrice": 109.8,
      "measurementUnitQuantityPrice": 70,
      "measurementUnit": "L",
      "isRedPrice": false,
      "pricePerUOM": 109.8,
      "activationDate": "23-03-2024",
      "recordSource": "Offline",
      "isPromoActive": "N",
      "priceChangeCode": "E",
      "quantityPricePerUOM": 70,
      "quantityActivationDate": "23-03-2024",
      "quantityPriceChangeCode": "E"
    },
    "isAvailable": true,
    "isPriceAvailable": true,
    "inPromo": false,
    "gtin": [
      "00000080844044",
      "15415087015199",
      "00000080453000"
    ],
    "topCategoryName": "Lichaamsverzorging/Parfumerie",
    "topCategoryId": "591",
    "businessDomain": "RETAIL_BE",
    "IsPrivateLabel": false,
    "IsBiffe": false,
    "WeightconversionFactor": "0",
    "IsWeightArticle": false,
    "IsBio": false,
    "CountryOfOrigin": "ITALIË",
    "IsExclusivelySoldInLuxembourg": false,
    "OrderUnit": "P",
    "ShortName": "BORO.ROLL ORIG/INV.50",
    "IsNew": false,
    "RecentQuanityOfStockUnits": "1,1",
    "LongName": "BOROTALCO roll on origina/invisible 50ml",
    "FicCode": "N"
  },
  {
    "productId": "789321",
    "technicalArticleNumber": "4594522",
    "commercialArticleNumber": "29363",
    "name": "navulling dry/norm",
    "description": "*Douchegel\nnavulling\n*Zonder: zeep,\nparabenen\nen kleurstoffen",
    "brand": "SANEX",
    "seoBrand": "Sanex",
    "thumbNail": "https://static.colruytgroup.com/images/200x200/std.lang.all/18/08/asset-2811808.jpg",
    "fullImage": "https://static.colruytgroup.com/images/500x500/std.lang.all/18/08/asset-2811808.jpg",
    "squareImage": "https://static.colruytgroup.com/images/500x500sq/std.lang.all/18/08/asset-2811808.jpg",
    "content": "500ml",
    "walkRouteSequenceNumber": 14693,
    "price": {
      "basicPrice": 6.39,
      "recommendedQuantity": "1.0",
      "measurementUnitPrice": 12.78,
      "measurementUnit": "L",
      "isRedPrice": false,
      "pricePerUOM": 12.78,
      "activationDate": "21-03-2024",
      "recordSource": "Offline",
      "isPromoActive": "N",
      "priceChangeCode": "H"
    },
    "isAvailable": true,
    "isPriceAvailable": true,
    "inPromo": false,
    "gtin": [
      "55400141762308",
      "08718951481138",
      "08718951481107",
      "08718951481091",
      "08718951481145"
    ],
    "topCategoryName": "Lichaamsverzorging/Parfumerie",
    "topCategoryId": "591",
    "businessDomain": "RETAIL_BE",
    "IsPrivateLabel": false,
    "IsBiffe": false,
    "WeightconversionFactor": "0",
    "IsWeightArticle": false,
    "IsBio": false,
    "CountryOfOrigin": "ITALIË",
    "IsExclusivelySoldInLuxembourg": false,
    "OrderUnit": "P",
    "ShortName": "SANE NAV.DRY/NORM 500",
    "IsNew": false,
    "RecentQuanityOfStockUnits": "1,1,2",
    "LongName": "SANEX navulling dry/norm 500ml",
    "FicCode": "N"
  },
  {
    "productId": "866099",
    "technicalArticleNumber": "4718595",
    "commercialArticleNumber": "6851",
    "name": "masker avoc/honi./subl.",
    "description": "*Haarmasker 340ml\n*Assortiment:\n-Subliem: droog of dof haar\n-Honing: breekbaar, broos haar\n-Avocado: zeer droog of krullend haar",
    "brand": "ULTRA DOUX",
    "seoBrand": "Ultra Doux",
    "thumbNail": "https://static.colruytgroup.com/images/200x200/std.lang.all/12/60/asset-3241260.jpg",
    "fullImage": "https://static.colruytgroup.com/images/500x500/std.lang.all/12/60/asset-3241260.jpg",
    "squareImage": "https://static.colruytgroup.com/images/500x500sq/std.lang.all/12/60/asset-3241260.jpg",
    "content": "340ml",
    "walkRouteSequenceNumber": 15316,
    "price": {
      "basicPrice": 6.29,
      "recommendedQuantity": "1.0",
      "measurementUnitPrice": 18.5,
      "measurementUnit": "L",
      "isRedPrice": false,
      "pricePerUOM": 18.5,
      "activationDate": "19-03-2024",
      "recordSource": "Offline",
      "isPromoActive": "N",
      "priceChangeCode": "H"
    },
    "isAvailable": true,
    "isPriceAvailable": true,
    "inPromo": false,
    "gtin": [
      "03600542509411",
      "03600542510189",
      "03600542509503"
    ],
    "topCategoryName": "Lichaamsverzorging/Parfumerie",
    "topCategoryId": "591",
    "businessDomain": "RETAIL_BE",
    "IsPrivateLabel": false,
    "IsBiffe": false,
    "WeightconversionFactor": "0",
    "IsWeightArticle": false,
    "IsBio": false,
    "CountryOfOrigin": "DUITSLAND",
    "IsExclusivelySoldInLuxembourg": false,
    "OrderUnit": "P",
    "ShortName": "ULTD MASK AV/HON/SUB340",
    "IsNew": false,
    "RecentQuanityOfStockUnits": "1,1,1",
    "LongName": "ULTRA DOUX masker avoc/honi./subl. 340ml",
    "FicCode": "N"
  },
  {
    "productId": "849023",
    "technicalArticleNumber": "4696377",
    "commercialArticleNumber": "30748",
    "name": "wegwerpmes 8+4gr",
    "description": "*Wegwerpmessen\nmet 3-voudig mesje\n*8+4 stuks",
    "brand": "GILLETTE",
    "seoBrand": "Gillette Blue 3",
    "thumbNail": "https://static.colruytgroup.com/images/200x200/std.lang.all/69/95/asset-3166995.jpg",
    "fullImage": "https://static.colruytgroup.com/images/500x500/std.lang.all/69/95/asset-3166995.jpg",
    "squareImage": "https://static.colruytgroup.com/images/500x500sq/std.lang.all/69/95/asset-3166995.jpg",
    "content": "12st",
    "walkRouteSequenceNumber": 18208,
    "price": {
      "basicPrice": 16.69,
      "recommendedQuantity": "1.0",
      "measurementUnitPrice": 1.4,
      "measurementUnit": "S",
      "isRedPrice": false,
      "pricePerUOM": 1.4,
      "activationDate": "23-03-2024",
      "recordSource": "Offline",
      "isPromoActive": "N",
      "priceChangeCode": "H"
    },
    "isAvailable": true,
    "isPriceAvailable": true,
    "inPromo": false,
    "gtin": [
      "08006540733912",
      "08006540733929"
    ],
    "topCategoryName": "Lichaamsverzorging/Parfumerie",
    "topCategoryId": "591",
    "businessDomain": "RETAIL_BE",
    "IsPrivateLabel": false,
    "IsBiffe": false,
    "WeightconversionFactor": "0",
    "IsWeightArticle": false,
    "IsBio": false,
    "CountryOfOrigin": "POLEN",
    "IsExclusivelySoldInLuxembourg": false,
    "OrderUnit": "P",
    "ShortName": "GIL.BLUE III 8+4GR",
    "IsNew": false,
    "RecentQuanityOfStockUnits": "1",
    "LongName": "GILLETTE wegwerpmes 8+4gr 12st",
    "FicCode": "N"
  },
  {
    "productId": "829367",
    "technicalArticleNumber": "4668316",
    "commercialArticleNumber": "19018",
    "name": "2in1 zeemeermin",
    "description": "*Douchegel & shampoo\n*Zoete bes\n*Prikt niet in de\nogen\n*Zonder kleurstoffen",
    "brand": "FA",
    "seoBrand": "Fa kids",
    "thumbNail": "https://static.colruytgroup.com/images/200x200/std.lang.all/60/59/asset-3326059.jpg",
    "fullImage": "https://static.colruytgroup.com/images/500x500/std.lang.all/60/59/asset-3326059.jpg",
    "squareImage": "https://static.colruytgroup.com/images/500x500sq/std.lang.all/60/59/asset-3326059.jpg",
    "content": "250ml",
    "walkRouteSequenceNumber": 14456,
    "price": {
      "basicPrice": 2.99,
      "recommendedQuantity": "1.0",
      "measurementUnitPrice": 11.96,
      "measurementUnit": "L",
      "isRedPrice": false,
      "pricePerUOM": 11.96,
      "activationDate": "23-03-2024",
      "recordSource": "Offline",
      "isPromoActive": "N",
      "priceChangeCode": "E"
    },
    "isAvailable": true,
    "isPriceAvailable": true,
    "inPromo": false,
    "gtin": [
      "45400141456811",
      "09000100662550",
      "09000100662574",
      "09000100662567"
    ],
    "topCategoryName": "Baby",
    "topCategoryId": "761",
    "businessDomain": "RETAIL_BE",
    "IsPrivateLabel": false,
    "IsBiffe": false,
    "WeightconversionFactor": "0",
    "IsWeightArticle": false,
    "IsBio": false,
    "CountryOfOrigin": "DUITSLAND",
    "IsExclusivelySoldInLuxembourg": false,
    "OrderUnit": "P",
    "ShortName": "FA KIDS 2IN1 ZEEMEER250",
    "IsNew": false,
    "RecentQuanityOfStockUnits": "1,2",
    "LongName": "FA 2in1 zeemeermin 250ml",
    "AlcoholVolume": "0",
    "FicCode": "N"
  },
  {
    "productId": "54172",
    "technicalArticleNumber": "2387729",
    "commercialArticleNumber": "9643",
    "name": "sh.Power/Deep",
    "description": "*Shampoo\n*250 ml\n*2 parfums:\n-Power\n-Deep",
    "brand": "NIVEA MEN",
    "seoBrand": "Nivea Men",
    "thumbNail": "https://static.colruytgroup.com/images/200x200/std.lang.all/39/57/asset-2453957.jpg",
    "fullImage": "https://static.colruytgroup.com/images/500x500/std.lang.all/39/57/asset-2453957.jpg",
    "squareImage": "https://static.colruytgroup.com/images/500x500sq/std.lang.all/39/57/asset-2453957.jpg",
    "content": "250ml",
    "walkRouteSequenceNumber": 15007,
    "price": {
      "basicPrice": 4.45,
      "recommendedQuantity": "1.0",
      "quantityPrice": 2.27,
      "quantityPriceQuantity": "3.0",
      "measurementUnitPrice": 17.8,
      "measurementUnitQuantityPrice": 9.08,
      "measurementUnit": "L",
      "isRedPrice": false,
      "pricePerUOM": 17.8,
      "activationDate": "23-03-2024",
      "recordSource": "Offline",
      "isPromoActive": "N",
      "priceChangeCode": "E",
      "quantityPricePerUOM": 9.08,
      "quantityActivationDate": "23-03-2024",
      "quantityPriceChangeCode": "E"
    },
    "isAvailable": true,
    "isPriceAvailable": true,
    "inPromo": false,
    "gtin": [
      "04005900495631",
      "05400141896435",
      "04005900499943",
      "04005900023360",
      "04005900495617",
      "04005900499950",
      "04005900499967",
      "04005900023346"
    ],
    "topCategoryName": "Lichaamsverzorging/Parfumerie",
    "topCategoryId": "591",
    "businessDomain": "RETAIL_BE",
    "IsPrivateLabel": false,
    "IsBiffe": false,
    "WeightconversionFactor": "0",
    "IsWeightArticle": false,
    "IsBio": false,
    "CountryOfOrigin": "DUITSLAND",
    "IsExclusivelySoldInLuxembourg": false,
    "OrderUnit": "P",
    "ShortName": "NIVE MEN SH.POW/DEEP250",
    "InSeason": true,
    "IsNew": false,
    "RecentQuanityOfStockUnits": "2,1,1",
    "LongName": "NIVEA MEN sh.Power/Deep 250ml",
    "AlcoholVolume": "0",
    "StartSeasonDate": "11/03/2021",
    "FicCode": "N"
  },
  {
    "productId": "864846",
    "technicalArticleNumber": "4716884",
    "commercialArticleNumber": "1496",
    "name": "TP deep clean",
    "description": "*24/7 bescherming\ntegen gevoelige\n*Frisse\npepermuntsmaak\n*Gezond tandvlees",
    "brand": "SENSODYNE",
    "seoBrand": "Sensodyne",
    "thumbNail": "https://ecgproductmw.colruytgroup.com/ecgproductmw/noPicForArticle_2.jpg",
    "fullImage": "https://ecgproductmw.colruytgroup.com/ecgproductmw/noPicForArticle_5.jpg",
    "squareImage": "https://ecgproductmw.colruytgroup.com/ecgproductmw/noPicForArticle_5.jpg",
    "content": "75ml",
    "walkRouteSequenceNumber": 14347,
    "price": {
      "basicPrice": 4.99,
      "recommendedQuantity": "1.0",
      "measurementUnitPrice": 66.54,
      "measurementUnit": "L",
      "isRedPrice": false,
      "pricePerUOM": 66.54,
      "activationDate": "12-03-2024",
      "recordSource": "Offline",
      "isPromoActive": "N",
      "priceChangeCode": "E"
    },
    "isAvailable": true,
    "isPriceAvailable": true,
    "inPromo": false,
    "gtin": [
      "15400141712640",
      "05054563040091",
      "15054563040111"
    ],
    "topCategoryName": "Lichaamsverzorging/Parfumerie",
    "topCategoryId": "591",
    "businessDomain": "RETAIL_BE",
    "IsPrivateLabel": false,
    "IsBiffe": false,
    "WeightconversionFactor": "0",
    "IsWeightArticle": false,
    "IsBio": false,
    "CountryOfOrigin": "VERENIGD KONINKRIJK",
    "IsExclusivelySoldInLuxembourg": false,
    "OrderUnit": "P",
    "ShortName": "SENS TP DEEP CLEAN 75ML",
    "IsNew": false,
    "RecentQuanityOfStockUnits": "1,2",
    "LongName": "SENSODYNE TP deep clean 75ml",
    "AlcoholVolume": "0",
    "FicCode": "N"
  },
  {
    "productId": "592377",
    "technicalArticleNumber": "4251887",
    "commercialArticleNumber": "20857",
    "name": "allure Discr. Pants S&M",
    "description": "*Discr.pants M (10s)\n*Zwaar urineverlies\n*4 in 1 bescherming\n*Odour Control\n*Discreet comfort",
    "brand": "BONI",
    "seoBrand": "Boni Selection",
    "thumbNail": "https://static.colruytgroup.com/images/200x200/std.lang.all/78/77/asset-2787877.jpg",
    "fullImage": "https://static.colruytgroup.com/images/500x500/std.lang.all/78/77/asset-2787877.jpg",
    "squareImage": "https://static.colruytgroup.com/images/500x500sq/std.lang.all/78/77/asset-2787877.jpg",
    "content": "10st",
    "walkRouteSequenceNumber": 14132,
    "price": {
      "basicPrice": 5.29,
      "recommendedQuantity": "1.0",
      "quantityPrice": 4.81,
      "quantityPriceQuantity": "5.0",
      "measurementUnitPrice": 0.53,
      "measurementUnitQuantityPrice": 0.481,
      "measurementUnit": "S",
      "isRedPrice": false,
      "pricePerUOM": 0.53,
      "activationDate": "13-03-2024",
      "recordSource": "Offline",
      "isPromoActive": "N",
      "priceChangeCode": "E",
      "quantityPricePerUOM": 0.481,
      "quantityActivationDate": "13-03-2024",
      "quantityPriceChangeCode": "H"
    },
    "isAvailable": true,
    "isPriceAvailable": true,
    "inPromo": false,
    "gtin": [
      "05400141385380",
      "15400141385387"
    ],
    "topCategoryName": "Lichaamsverzorging/Parfumerie",
    "topCategoryId": "591",
    "businessDomain": "RETAIL_BE",
    "IsPrivateLabel": true,
    "IsBiffe": false,
    "WeightconversionFactor": "0",
    "IsWeightArticle": false,
    "IsBio": false,
    "CountryOfOrigin": "BELGIË",
    "IsExclusivelySoldInLuxembourg": false,
    "OrderUnit": "P",
    "ShortName": "BONI ALL.INCO.BR.S&M10S",
    "IsNew": false,
    "RecentQuanityOfStockUnits": "1,4",
    "LongName": "BONI allure Discr. Pants S&M 10st",
    "FicCode": "N"
  },
  {
    "productId": "865932",
    "technicalArticleNumber": "4718198",
    "commercialArticleNumber": "5705",
    "name": "tp Deep Clean",
    "brand": "ORAL-B PRO-EXPERT",
    "seoBrand": "Oral-B Pro-Expert",
    "thumbNail": "https://static.colruytgroup.com/images/200x200/std.lang.all/12/59/asset-3241259.jpg",
    "fullImage": "https://static.colruytgroup.com/images/500x500/std.lang.all/12/59/asset-3241259.jpg",
    "squareImage": "https://static.colruytgroup.com/images/500x500sq/std.lang.all/12/59/asset-3241259.jpg",
    "content": "75ml",
    "walkRouteSequenceNumber": 14382,
    "price": {
      "basicPrice": 4.29,
      "recommendedQuantity": "1.0",
      "quantityPrice": 2.27,
      "quantityPriceQuantity": "2.0",
      "measurementUnitPrice": 57.2,
      "measurementUnitQuantityPrice": 30.27,
      "measurementUnit": "L",
      "isRedPrice": false,
      "pricePerUOM": 57.2,
      "activationDate": "22-03-2024",
      "recordSource": "Offline",
      "isPromoActive": "N",
      "priceChangeCode": "E",
      "quantityPricePerUOM": 30.27,
      "quantityActivationDate": "22-03-2024",
      "quantityPriceChangeCode": "E"
    },
    "isAvailable": true,
    "isPriceAvailable": true,
    "inPromo": false,
    "gtin": [
      "08001090580023",
      "08001090579638",
      "08001090579973"
    ],
    "topCategoryName": "Lichaamsverzorging/Parfumerie",
    "topCategoryId": "591",
    "businessDomain": "RETAIL_BE",
    "IsPrivateLabel": false,
    "IsBiffe": false,
    "WeightconversionFactor": "0",
    "IsWeightArticle": false,
    "IsBio": false,
    "CountryOfOrigin": "DUITSLAND",
    "IsExclusivelySoldInLuxembourg": false,
    "OrderUnit": "P",
    "ShortName": "ORAL TP DEEP CLEAN 75ML",
    "IsNew": false,
    "RecentQuanityOfStockUnits": "1,3",
    "LongName": "ORAL-B PRO-EXPERT tp Deep Clean 75ml",
    "FicCode": "N"
  },
  {
    "productId": "866812",
    "technicalArticleNumber": "4719473",
    "commercialArticleNumber": "9843",
    "name": "dch.peach/watermeloen",
    "description": "*Douchecrème\n*Assortiment:\n-Perzik\n-Watermeloen\n*95% bio.afbreekbaar",
    "brand": "PALMOLIVE",
    "seoBrand": "Palmolive",
    "thumbNail": "https://ecgproductmw.colruytgroup.com/ecgproductmw/noPicForArticle_2.jpg",
    "fullImage": "https://ecgproductmw.colruytgroup.com/ecgproductmw/noPicForArticle_5.jpg",
    "squareImage": "https://ecgproductmw.colruytgroup.com/ecgproductmw/noPicForArticle_5.jpg",
    "content": "500ml",
    "walkRouteSequenceNumber": 14697,
    "price": {
      "basicPrice": 3.59,
      "recommendedQuantity": "1.0",
      "measurementUnitPrice": 7.18,
      "measurementUnit": "L",
      "isRedPrice": false,
      "pricePerUOM": 7.18,
      "activationDate": "04-04-2023",
      "isPromoActive": "N",
      "priceChangeCode": "E"
    },
    "isAvailable": true,
    "isPriceAvailable": true,
    "inPromo": false,
    "gtin": [
      "08718951593183",
      "08718951593190",
      "75400141910222",
      "08718951593336",
      "08718951593343",
      "08718951604452",
      "08718951604469"
    ],
    "topCategoryName": "Lichaamsverzorging/Parfumerie",
    "topCategoryId": "591",
    "businessDomain": "RETAIL_BE",
    "IsPrivateLabel": false,
    "IsBiffe": false,
    "WeightconversionFactor": "0",
    "IsWeightArticle": false,
    "IsBio": false,
    "CountryOfOrigin": "ITALIË",
    "IsExclusivelySoldInLuxembourg": false,
    "OrderUnit": "P",
    "ShortName": "PALM DCH.PEACH/WATER500",
    "IsNew": false,
    "RecentQuanityOfStockUnits": "1,2,1",
    "LongName": "PALMOLIVE dch.peach/watermeloen 500ml",
    "FicCode": "N"
  },
  {
    "productId": "203002",
    "technicalArticleNumber": "3427825",
    "commercialArticleNumber": "14573",
    "name": "GOT2B Molding paste",
    "description": "*Wax\n*100 ml",
    "brand": "SCHWARZKOPF",
    "seoBrand": "Schwarzkopf",
    "thumbNail": "https://static.colruytgroup.com/images/200x200/std.lang.all/13/12/asset-1001312.jpg",
    "fullImage": "https://static.colruytgroup.com/images/500x500/std.lang.all/13/12/asset-1001312.jpg",
    "squareImage": "https://static.colruytgroup.com/images/500x500sq/std.lang.all/13/12/asset-1001312.jpg",
    "content": "100ml",
    "walkRouteSequenceNumber": 15296,
    "price": {
      "basicPrice": 8.99,
      "recommendedQuantity": "1.0",
      "measurementUnitPrice": 89.9,
      "measurementUnit": "L",
      "isRedPrice": false,
      "pricePerUOM": 89.9,
      "activationDate": "11-03-2024",
      "recordSource": "Offline",
      "isPromoActive": "N",
      "priceChangeCode": "E"
    },
    "isAvailable": true,
    "isPriceAvailable": true,
    "inPromo": false,
    "gtin": [
      "05410091718732",
      "05412530832214"
    ],
    "topCategoryName": "Lichaamsverzorging/Parfumerie",
    "topCategoryId": "591",
    "businessDomain": "RETAIL_BE",
    "IsPrivateLabel": false,
    "IsBiffe": false,
    "WeightconversionFactor": "0",
    "IsWeightArticle": false,
    "IsBio": false,
    "CountryOfOrigin": "SLOVENIË",
    "IsExclusivelySoldInLuxembourg": false,
    "OrderUnit": "P",
    "ShortName": "SCHW GOT2B GENTL.PAS100",
    "IsNew": false,
    "RecentQuanityOfStockUnits": "1",
    "LongName": "SCHWARZKOPF GOT2B Molding paste 100ml",
    "AlcoholVolume": "0",
    "FicCode": "N"
  },
  {
    "productId": "619345",
    "technicalArticleNumber": "4297402",
    "commercialArticleNumber": "22337",
    "name": "conditioner vol/rep",
    "description": "*Conditioner 200 ML\n*Assortiment :\n-repair\n-Volume",
    "brand": "PANTENE",
    "seoBrand": "Pantene Pro-V",
    "thumbNail": "https://static.colruytgroup.com/images/200x200/std.lang.all/85/46/asset-2138546.jpg",
    "fullImage": "https://static.colruytgroup.com/images/500x500/std.lang.all/85/46/asset-2138546.jpg",
    "squareImage": "https://static.colruytgroup.com/images/500x500sq/std.lang.all/85/46/asset-2138546.jpg",
    "content": "200ml",
    "walkRouteSequenceNumber": 14810,
    "price": {
      "basicPrice": 4.59,
      "recommendedQuantity": "1.0",
      "quantityPrice": 3.06,
      "quantityPriceQuantity": "3.0",
      "measurementUnitPrice": 22.95,
      "measurementUnitQuantityPrice": 15.3,
      "measurementUnit": "L",
      "isRedPrice": false,
      "pricePerUOM": 22.95,
      "activationDate": "23-03-2024",
      "recordSource": "Offline",
      "isPromoActive": "N",
      "priceChangeCode": "E",
      "quantityPricePerUOM": 15.3,
      "quantityActivationDate": "23-03-2024",
      "quantityPriceChangeCode": "E"
    },
    "isAvailable": true,
    "isPriceAvailable": true,
    "inPromo": false,
    "gtin": [
      "08001841628820",
      "65400141571303",
      "08001841628813",
      "08001841628752",
      "08001841628769"
    ],
    "topCategoryName": "Lichaamsverzorging/Parfumerie",
    "topCategoryId": "591",
    "businessDomain": "RETAIL_BE",
    "IsPrivateLabel": false,
    "IsBiffe": false,
    "WeightconversionFactor": "0",
    "IsWeightArticle": false,
    "IsBio": false,
    "CountryOfOrigin": "FRANKRIJK",
    "IsExclusivelySoldInLuxembourg": false,
    "OrderUnit": "P",
    "ShortName": "PANT.CD.MIR.VOL/REP 200",
    "IsNew": false,
    "RecentQuanityOfStockUnits": "1,1",
    "LongName": "PANTENE conditioner vol/rep 200ml",
    "FicCode": "N"
  },
  {
    "productId": "98107",
    "technicalArticleNumber": "2837796",
    "commercialArticleNumber": "952360",
    "name": "Pro-Expert flossdraad",
    "description": "*Flosdraad",
    "brand": "ORAL-B",
    "seoBrand": "Oral-B",
    "thumbNail": "https://static.colruytgroup.com/images/200x200/std.lang.all/20/95/asset-342095.jpg",
    "fullImage": "https://static.colruytgroup.com/images/500x500/std.lang.all/20/95/asset-342095.jpg",
    "squareImage": "https://static.colruytgroup.com/images/500x500sq/std.lang.all/20/95/asset-342095.jpg",
    "content": "40m",
    "walkRouteSequenceNumber": 14162,
    "price": {
      "basicPrice": 3.32,
      "recommendedQuantity": "1.0",
      "measurementUnitPrice": 0.083,
      "measurementUnit": "M",
      "isRedPrice": false,
      "pricePerUOM": 0.083,
      "activationDate": "19-03-2024",
      "recordSource": "Online",
      "isPromoActive": "N",
      "priceChangeCode": "H"
    },
    "isAvailable": true,
    "isPriceAvailable": true,
    "inPromo": false,
    "gtin": [
      "05410076854509",
      "05410076854493"
    ],
    "topCategoryName": "Lichaamsverzorging/Parfumerie",
    "topCategoryId": "591",
    "businessDomain": "NON_FOOD",
    "IsPrivateLabel": false,
    "IsBiffe": false,
    "IsWeightArticle": false,
    "RecentQuanityOfStockUnits": "1",
    "LongName": "ORAL-B Pro-Expert flossdraad 40m",
    "IsBio": false,
    "CountryOfOrigin": "VERENIGDE STATEN VAN AMERIKA",
    "FicCode": "N",
    "OrderUnit": "P",
    "ShortName": "ORALB PRO EXPERT FLOSS",
    "IsNew": false
  },
  {
    "productId": "313689",
    "technicalArticleNumber": "3742251",
    "commercialArticleNumber": "18229",
    "name": "tandenb. soft jr. 6-12jaar",
    "description": "*Kinderen 6-12 jaar\n*Zachte borstelharen\n*Kleine kop",
    "brand": "ELMEX",
    "seoBrand": "Elmex",
    "thumbNail": "https://static.colruytgroup.com/images/200x200/std.lang.all/00/49/asset-2620049.jpg",
    "fullImage": "https://static.colruytgroup.com/images/500x500/std.lang.all/00/49/asset-2620049.jpg",
    "squareImage": "https://static.colruytgroup.com/images/500x500sq/std.lang.all/00/49/asset-2620049.jpg",
    "walkRouteSequenceNumber": 14230,
    "price": {
      "basicPrice": 4.61,
      "recommendedQuantity": "1.0",
      "measurementUnitPrice": 4.61,
      "measurementUnit": "S",
      "isRedPrice": false,
      "pricePerUOM": 4.61,
      "activationDate": "23-03-2024",
      "recordSource": "Folder",
      "isPromoActive": "N",
      "priceChangeCode": "E"
    },
    "isAvailable": true,
    "isPriceAvailable": true,
    "inPromo": true,
    "promotion": [
      {
        "techPromoId": "100891COLR",
        "promotionId": "100891",
        "promotionType": "3",
        "isPersonalized": "N",
        "publicationStartDate": "13-03-2024",
        "publicationEndDate": "26-03-2024"
      }
    ],
    "gtin": [
      "08716800456061",
      "07610108020324"
    ],
    "topCategoryName": "Lichaamsverzorging/Parfumerie",
    "topCategoryId": "591",
    "businessDomain": "RETAIL_BE",
    "IsPrivateLabel": false,
    "IsBiffe": false,
    "WeightconversionFactor": "0",
    "IsWeightArticle": false,
    "IsBio": false,
    "CountryOfOrigin": "ZWITSERLAND",
    "IsExclusivelySoldInLuxembourg": false,
    "OrderUnit": "P",
    "ShortName": "ELME TB SOFT 6-12 JAAR",
    "IsNew": false,
    "RecentQuanityOfStockUnits": "1",
    "LongName": "ELMEX tandenb. soft jr. 6-12jaar",
    "AlcoholVolume": "0",
    "FicCode": "N"
  },
  {
    "productId": "851689",
    "technicalArticleNumber": "4699834",
    "commercialArticleNumber": "30989",
    "name": "shampoo oil/miracle",
    "description": "*Shampoo\n*250 ml\n*Assortiment:\n-Oil Nutritive\n-Miracle",
    "brand": "GLISS",
    "seoBrand": "Gliss",
    "thumbNail": "https://static.colruytgroup.com/images/200x200/std.lang.all/86/34/asset-3228634.jpg",
    "fullImage": "https://static.colruytgroup.com/images/500x500/std.lang.all/86/34/asset-3228634.jpg",
    "squareImage": "https://static.colruytgroup.com/images/500x500sq/std.lang.all/86/34/asset-3228634.jpg",
    "content": "250ml",
    "walkRouteSequenceNumber": 15089,
    "price": {
      "basicPrice": 3.49,
      "recommendedQuantity": "1.0",
      "measurementUnitPrice": 13.96,
      "measurementUnit": "L",
      "isRedPrice": false,
      "pricePerUOM": 13.96,
      "activationDate": "12-03-2024",
      "recordSource": "Offline",
      "isPromoActive": "N",
      "priceChangeCode": "H"
    },
    "isAvailable": true,
    "isPriceAvailable": true,
    "inPromo": false,
    "gtin": [
      "05412530934260",
      "05410091768126",
      "05410091767877",
      "25400141452222",
      "05412530934598",
      "05412530934574",
      "05412530934246"
    ],
    "topCategoryName": "Lichaamsverzorging/Parfumerie",
    "topCategoryId": "591",
    "businessDomain": "RETAIL_BE",
    "IsPrivateLabel": false,
    "IsBiffe": false,
    "WeightconversionFactor": "0",
    "IsWeightArticle": false,
    "IsBio": false,
    "CountryOfOrigin": "DUITSLAND",
    "IsExclusivelySoldInLuxembourg": false,
    "OrderUnit": "P",
    "ShortName": "GLIS SH.OIL/MIRAC.250ML",
    "IsNew": false,
    "RecentQuanityOfStockUnits": "2,1,1",
    "LongName": "GLISS shampoo oil/miracle 250ml",
    "AlcoholVolume": "0",
    "FicCode": "N"
  },
  {
    "productId": "857391",
    "technicalArticleNumber": "4707365",
    "commercialArticleNumber": "31499",
    "name": "melk/granaat",
    "description": "*Douchegel\n*Assorti:\n-Extra Zacht Melk\n-Extra Zacht\nGrenaatappel",
    "brand": "LE PETIT MARS.",
    "seoBrand": "Le Petit Marseillais",
    "thumbNail": "https://static.colruytgroup.com/images/200x200/std.lang.all/11/71/asset-3361171.jpg",
    "fullImage": "https://static.colruytgroup.com/images/500x500/std.lang.all/11/71/asset-3361171.jpg",
    "squareImage": "https://static.colruytgroup.com/images/500x500sq/std.lang.all/11/71/asset-3361171.jpg",
    "content": "400ml",
    "walkRouteSequenceNumber": 14624,
    "price": {
      "basicPrice": 3.69,
      "recommendedQuantity": "1.0",
      "measurementUnitPrice": 9.23,
      "measurementUnit": "L",
      "isRedPrice": false,
      "pricePerUOM": 9.23,
      "activationDate": "23-03-2024",
      "recordSource": "Offline",
      "isPromoActive": "N",
      "priceChangeCode": "E"
    },
    "isAvailable": true,
    "isPriceAvailable": true,
    "inPromo": false,
    "gtin": [
      "03574661748719",
      "03574661561905",
      "03574661703145",
      "03574661132648",
      "03574661717579",
      "03574661711263",
      "03574661748702"
    ],
    "topCategoryName": "Lichaamsverzorging/Parfumerie",
    "topCategoryId": "591",
    "businessDomain": "RETAIL_BE",
    "IsPrivateLabel": false,
    "IsBiffe": false,
    "WeightconversionFactor": "0",
    "IsWeightArticle": false,
    "IsBio": false,
    "CountryOfOrigin": "ITALIË",
    "IsExclusivelySoldInLuxembourg": false,
    "OrderUnit": "P",
    "ShortName": "LPM DCH MELK/GRENAAT400",
    "IsNew": false,
    "RecentQuanityOfStockUnits": "1,2,1,2",
    "LongName": "LE PETIT MARS. melk/granaat 400ml",
    "FicCode": "N"
  },
  {
    "productId": "864175",
    "technicalArticleNumber": "4715979",
    "commercialArticleNumber": "31983",
    "name": "douchegel dermo comfort",
    "description": "*Douchegel 400ML\n*alle huidtypes\n*0% Sulfaten",
    "brand": "SANEX",
    "seoBrand": "Sanex",
    "thumbNail": "https://static.colruytgroup.com/images/200x200/std.lang.all/57/69/asset-3195769.jpg",
    "fullImage": "https://static.colruytgroup.com/images/500x500/std.lang.all/57/69/asset-3195769.jpg",
    "squareImage": "https://static.colruytgroup.com/images/500x500sq/std.lang.all/57/69/asset-3195769.jpg",
    "content": "400ml",
    "walkRouteSequenceNumber": 14695,
    "price": {
      "basicPrice": 4.37,
      "recommendedQuantity": "1.0",
      "measurementUnitPrice": 10.93,
      "measurementUnit": "L",
      "isRedPrice": false,
      "pricePerUOM": 10.93,
      "activationDate": "08-02-2024",
      "isPromoActive": "N",
      "priceChangeCode": "L"
    },
    "isAvailable": true,
    "isPriceAvailable": true,
    "inPromo": false,
    "gtin": [
      "08718951565913",
      "08718951565951",
      "08718951565937"
    ],
    "topCategoryName": "Lichaamsverzorging/Parfumerie",
    "topCategoryId": "591",
    "businessDomain": "RETAIL_BE",
    "IsPrivateLabel": false,
    "IsBiffe": false,
    "WeightconversionFactor": "0",
    "IsWeightArticle": false,
    "IsBio": false,
    "CountryOfOrigin": "ITALIË",
    "IsExclusivelySoldInLuxembourg": false,
    "OrderUnit": "P",
    "ShortName": "SANE DCH DERMO COMF.400",
    "IsNew": false,
    "RecentQuanityOfStockUnits": "1,2",
    "LongName": "SANEX douchegel dermo comfort 400ml",
    "FicCode": "N"
  },
  {
    "productId": "190857",
    "technicalArticleNumber": "3458272",
    "commercialArticleNumber": "14296",
    "name": "douche Cool Fresh",
    "description": "*Douchegel\n*Cool Fresh",
    "brand": "DOVE MEN+CARE",
    "seoBrand": "Dove",
    "thumbNail": "https://static.colruytgroup.com/images/200x200/std.lang.all/27/53/asset-822753.jpg",
    "fullImage": "https://static.colruytgroup.com/images/500x500/std.lang.all/27/53/asset-822753.jpg",
    "squareImage": "https://static.colruytgroup.com/images/500x500sq/std.lang.all/27/53/asset-822753.jpg",
    "content": "400ml",
    "walkRouteSequenceNumber": 14429,
    "price": {
      "basicPrice": 4.15,
      "recommendedQuantity": "2.0",
      "measurementUnitPrice": 10.38,
      "measurementUnit": "L",
      "isRedPrice": false,
      "pricePerUOM": 10.38,
      "activationDate": "21-03-2024",
      "recordSource": "Folder",
      "isPromoActive": "N",
      "priceChangeCode": "H"
    },
    "isAvailable": true,
    "isPriceAvailable": true,
    "inPromo": true,
    "promotion": [
      {
        "techPromoId": "100897COLR",
        "promotionId": "100897",
        "promotionType": "4",
        "isPersonalized": "N",
        "publicationStartDate": "13-03-2024",
        "publicationEndDate": "26-03-2024"
      }
    ],
    "gtin": [
      "08710908318115",
      "08710908357329",
      "08710908317330",
      "05400141220452",
      "08710908317828"
    ],
    "topCategoryName": "Lichaamsverzorging/Parfumerie",
    "topCategoryId": "591",
    "businessDomain": "RETAIL_BE",
    "IsPrivateLabel": false,
    "IsBiffe": false,
    "WeightconversionFactor": "0",
    "IsWeightArticle": false,
    "IsBio": false,
    "CountryOfOrigin": "DUITSLAND",
    "IsExclusivelySoldInLuxembourg": false,
    "OrderUnit": "P",
    "ShortName": "DOVE MEN DCHE COOL 400",
    "InSeason": true,
    "IsNew": false,
    "RecentQuanityOfStockUnits": "2,1",
    "LongName": "DOVE MEN+CARE douche Cool Fresh 400ml",
    "AlcoholVolume": "0",
    "StartSeasonDate": "14/04/2023",
    "FicCode": "N"
  },
  {
    "productId": "85964",
    "technicalArticleNumber": "2931662",
    "commercialArticleNumber": "38622",
    "name": "tandenborstel soft 7-13jaar",
    "description": "*Tandenborstel\n*Mondhygiëne\n*Witte tanden\n*Zachte borstel\n*Voor kinderen",
    "brand": "SIGNAL",
    "seoBrand": "Signal",
    "thumbNail": "https://static.colruytgroup.com/images/200x200/std.lang.all/17/61/asset-1971761.jpg",
    "fullImage": "https://static.colruytgroup.com/images/500x500/std.lang.all/17/61/asset-1971761.jpg",
    "squareImage": "https://static.colruytgroup.com/images/500x500sq/std.lang.all/17/61/asset-1971761.jpg",
    "walkRouteSequenceNumber": 14211,
    "price": {
      "basicPrice": 3.15,
      "recommendedQuantity": "1.0",
      "measurementUnitPrice": 3.15,
      "measurementUnit": "S",
      "isRedPrice": false,
      "pricePerUOM": 3.15,
      "activationDate": "14-02-2024",
      "recordSource": "Offline",
      "isPromoActive": "N",
      "priceChangeCode": "E"
    },
    "isAvailable": true,
    "isPriceAvailable": true,
    "inPromo": false,
    "gtin": [
      "05400141061444",
      "04000388615403",
      "04000388615410"
    ],
    "topCategoryName": "Lichaamsverzorging/Parfumerie",
    "topCategoryId": "591",
    "businessDomain": "RETAIL_BE",
    "IsPrivateLabel": false,
    "IsBiffe": false,
    "WeightconversionFactor": "0",
    "IsWeightArticle": false,
    "IsBio": false,
    "CountryOfOrigin": "FRANKRIJK",
    "IsExclusivelySoldInLuxembourg": false,
    "OrderUnit": "P",
    "ShortName": "SIGNAL TB SOFT 7-13JAAR",
    "IsNew": false,
    "RecentQuanityOfStockUnits": "2,1",
    "LongName": "SIGNAL tandenborstel soft 7-13jaar",
    "AlcoholVolume": "0",
    "FicCode": "N"
  },
  {
    "productId": "896100",
    "technicalArticleNumber": "4756004",
    "commercialArticleNumber": "11891",
    "name": "Bacteria Guard Intense Clean",
    "brand": "ORAL-B",
    "seoBrand": "Oral-B",
    "thumbNail": "https://static.colruytgroup.com/images/200x200/std.lang.all/42/72/asset-3334272.jpg",
    "fullImage": "https://static.colruytgroup.com/images/500x500/std.lang.all/42/72/asset-3334272.jpg",
    "squareImage": "https://static.colruytgroup.com/images/500x500sq/std.lang.all/42/72/asset-3334272.jpg",
    "content": "75ml",
    "walkRouteSequenceNumber": 14385,
    "price": {
      "basicPrice": 5.79,
      "recommendedQuantity": "1.0",
      "quantityPrice": 3.99,
      "quantityPriceQuantity": "3.0",
      "measurementUnitPrice": 77.2,
      "measurementUnitQuantityPrice": 53.2,
      "measurementUnit": "L",
      "isRedPrice": false,
      "pricePerUOM": 77.2,
      "activationDate": "23-03-2024",
      "recordSource": "Offline",
      "isPromoActive": "N",
      "priceChangeCode": "E",
      "quantityPricePerUOM": 53.2,
      "quantityActivationDate": "23-03-2024",
      "quantityPriceChangeCode": "E"
    },
    "isAvailable": true,
    "isPriceAvailable": true,
    "inPromo": false,
    "gtin": [
      "08700216034371",
      "08700216034340",
      "25400141617317"
    ],
    "topCategoryName": "Lichaamsverzorging/Parfumerie",
    "topCategoryId": "591",
    "businessDomain": "RETAIL_BE",
    "IsPrivateLabel": false,
    "IsBiffe": false,
    "WeightconversionFactor": "0",
    "IsWeightArticle": false,
    "IsBio": false,
    "CountryOfOrigin": "DUITSLAND",
    "IsExclusivelySoldInLuxembourg": false,
    "OrderUnit": "P",
    "ShortName": "ORAL TP PRO GUM INT 75",
    "IsNew": false,
    "RecentQuanityOfStockUnits": "1,3",
    "LongName": "ORAL-B Bacteria Guard Intense Clean 75ml",
    "FicCode": "N"
  },
  {
    "productId": "831017",
    "technicalArticleNumber": "4670814",
    "commercialArticleNumber": "6746",
    "name": "conditioner oil nut/tot.rep.",
    "description": "*Conditioner\n*200ml\n*Assorti:\n-Total Repair\n-Oil Nutritive",
    "brand": "GLISS",
    "seoBrand": "Schwarzkopf Gliss",
    "thumbNail": "https://static.colruytgroup.com/images/200x200/std.lang.all/85/79/asset-3228579.jpg",
    "fullImage": "https://static.colruytgroup.com/images/500x500/std.lang.all/85/79/asset-3228579.jpg",
    "squareImage": "https://static.colruytgroup.com/images/500x500sq/std.lang.all/85/79/asset-3228579.jpg",
    "content": "200ml",
    "walkRouteSequenceNumber": 15087,
    "price": {
      "basicPrice": 4.39,
      "recommendedQuantity": "1.0",
      "measurementUnitPrice": 21.95,
      "measurementUnit": "L",
      "isRedPrice": false,
      "pricePerUOM": 21.95,
      "activationDate": "11-03-2024",
      "recordSource": "Offline",
      "isPromoActive": "N",
      "priceChangeCode": "H"
    },
    "isAvailable": true,
    "isPriceAvailable": true,
    "inPromo": false,
    "gtin": [
      "05410091767938",
      "05412530934673",
      "05412530934345",
      "05410091768188",
      "55400141452223",
      "65400141452220"
    ],
    "topCategoryName": "Lichaamsverzorging/Parfumerie",
    "topCategoryId": "591",
    "businessDomain": "RETAIL_BE",
    "IsPrivateLabel": false,
    "IsBiffe": false,
    "WeightconversionFactor": "0",
    "IsWeightArticle": false,
    "IsBio": false,
    "CountryOfOrigin": "DUITSLAND",
    "IsExclusivelySoldInLuxembourg": false,
    "OrderUnit": "P",
    "ShortName": "GLIS CD.OIL/TOT.REP.200",
    "IsNew": false,
    "RecentQuanityOfStockUnits": "2,1,1",
    "LongName": "GLISS conditioner oil nut/tot.rep. 200ml",
    "AlcoholVolume": "0",
    "FicCode": "N"
  },
  {
    "productId": "174148",
    "technicalArticleNumber": "3336451",
    "commercialArticleNumber": "346086",
    "name": "pleisters gevoel.huid",
    "description": "*Pleister\n*Voor gevoelige huid",
    "brand": "BONI",
    "seoBrand": "Boni Selection",
    "thumbNail": "https://static.colruytgroup.com/images/200x200/std.lang.all/65/14/asset-1156514.jpg",
    "fullImage": "https://static.colruytgroup.com/images/500x500/std.lang.all/65/14/asset-1156514.jpg",
    "squareImage": "https://static.colruytgroup.com/images/500x500sq/std.lang.all/65/14/asset-1156514.jpg",
    "content": "40st",
    "walkRouteSequenceNumber": 13932,
    "price": {
      "basicPrice": 0.85,
      "recommendedQuantity": "1.0",
      "measurementUnitPrice": 0.022,
      "measurementUnit": "S",
      "isRedPrice": false,
      "pricePerUOM": 0.022,
      "activationDate": "03-01-2024",
      "recordSource": "Offline",
      "isPromoActive": "N",
      "priceChangeCode": "L"
    },
    "isAvailable": true,
    "isPriceAvailable": true,
    "inPromo": false,
    "gtin": [
      "05400141339772",
      "15400141848813"
    ],
    "topCategoryName": "Lichaamsverzorging/Parfumerie",
    "topCategoryId": "591",
    "businessDomain": "NON_FOOD",
    "IsPrivateLabel": true,
    "IsBiffe": false,
    "IsWeightArticle": false,
    "RecentQuanityOfStockUnits": "1",
    "LongName": "BONI pleisters gevoel.huid 40st",
    "IsBio": false,
    "CountryOfOrigin": "FILIPIJNEN",
    "FicCode": "N",
    "OrderUnit": "P",
    "ShortName": "BONI PLEIST.SENS 40",
    "IsNew": false
  },
  {
    "productId": "25957",
    "technicalArticleNumber": "1892670",
    "commercialArticleNumber": "720652",
    "name": "milde reinigingsdoekjes",
    "description": "*Reinigingsdoekjes\n*Gevoelig-droge huid",
    "brand": "NIVEA",
    "seoBrand": "Nivea",
    "thumbNail": "https://static.colruytgroup.com/images/200x200/std.lang.all/00/03/asset-360003.jpg",
    "fullImage": "https://static.colruytgroup.com/images/500x500/std.lang.all/00/03/asset-360003.jpg",
    "squareImage": "https://static.colruytgroup.com/images/500x500sq/std.lang.all/00/03/asset-360003.jpg",
    "content": "25st",
    "walkRouteSequenceNumber": 15721,
    "price": {
      "basicPrice": 2.63,
      "recommendedQuantity": "1.0",
      "measurementUnitPrice": 0.106,
      "measurementUnit": "S",
      "isRedPrice": false,
      "pricePerUOM": 0.106,
      "activationDate": "23-03-2024",
      "recordSource": "Folder",
      "isPromoActive": "N",
      "priceChangeCode": "E"
    },
    "isAvailable": true,
    "isPriceAvailable": true,
    "inPromo": false,
    "gtin": [
      "04005900777973",
      "04005900777980",
      "04005808185252",
      "14005805001330",
      "04005808185283",
      "04005808185269"
    ],
    "topCategoryName": "Lichaamsverzorging/Parfumerie",
    "topCategoryId": "591",
    "businessDomain": "NON_FOOD",
    "IsPrivateLabel": false,
    "IsBiffe": false,
    "IsWeightArticle": false,
    "RecentQuanityOfStockUnits": "1,6",
    "LongName": "NIVEA milde reinigingsdoekjes 25st",
    "IsBio": false,
    "AlcoholVolume": "0",
    "CountryOfOrigin": "NEDERLAND",
    "FicCode": "N",
    "OrderUnit": "P",
    "ShortName": "NIV.VIS DOEK MILD 25ST",
    "IsNew": false
  },
  {
    "productId": "718801",
    "technicalArticleNumber": "4467204",
    "commercialArticleNumber": "26905",
    "name": "tandenborstel sensitive soft",
    "description": "*Gevoelige tanden\n*Zachte borstelharen\n*Kleine kop",
    "brand": "ELMEX",
    "seoBrand": "Elmex",
    "thumbNail": "https://static.colruytgroup.com/images/200x200/std.lang.all/10/41/asset-2491041.jpg",
    "fullImage": "https://static.colruytgroup.com/images/500x500/std.lang.all/10/41/asset-2491041.jpg",
    "squareImage": "https://static.colruytgroup.com/images/500x500sq/std.lang.all/10/41/asset-2491041.jpg",
    "walkRouteSequenceNumber": 14207,
    "price": {
      "basicPrice": 5.14,
      "recommendedQuantity": "1.0",
      "measurementUnitPrice": 5.14,
      "measurementUnit": "S",
      "isRedPrice": false,
      "pricePerUOM": 5.14,
      "activationDate": "23-03-2024",
      "recordSource": "Folder",
      "isPromoActive": "N",
      "priceChangeCode": "E"
    },
    "isAvailable": true,
    "isPriceAvailable": true,
    "inPromo": true,
    "promotion": [
      {
        "techPromoId": "100891COLR",
        "promotionId": "100891",
        "promotionType": "3",
        "isPersonalized": "N",
        "publicationStartDate": "13-03-2024",
        "publicationEndDate": "26-03-2024"
      }
    ],
    "gtin": [
      "04007965176005",
      "08714789840239"
    ],
    "topCategoryName": "Lichaamsverzorging/Parfumerie",
    "topCategoryId": "591",
    "businessDomain": "RETAIL_BE",
    "IsPrivateLabel": false,
    "IsBiffe": false,
    "WeightconversionFactor": "0",
    "IsWeightArticle": false,
    "IsBio": false,
    "CountryOfOrigin": "ZWITSERLAND",
    "IsExclusivelySoldInLuxembourg": false,
    "OrderUnit": "P",
    "ShortName": "ELME TB SENSIT.SOFT 1ST",
    "IsNew": false,
    "RecentQuanityOfStockUnits": "1",
    "LongName": "ELMEX tandenborstel sensitive soft",
    "AlcoholVolume": "0",
    "FicCode": "N"
  },
  {
    "productId": "879142",
    "technicalArticleNumber": "4735654",
    "commercialArticleNumber": "22385",
    "name": "Sh.liss intense/full resist",
    "description": "*Shampoo\n*300 ml\n*Liss-Intense\n*Full Resist",
    "brand": "ELSEVE",
    "seoBrand": "Elseve",
    "thumbNail": "https://static.colruytgroup.com/images/200x200/std.lang.all/11/26/asset-3361126.jpg",
    "fullImage": "https://static.colruytgroup.com/images/500x500/std.lang.all/11/26/asset-3361126.jpg",
    "squareImage": "https://static.colruytgroup.com/images/500x500sq/std.lang.all/11/26/asset-3361126.jpg",
    "content": "300ml",
    "walkRouteSequenceNumber": 15108,
    "price": {
      "basicPrice": 3.92,
      "recommendedQuantity": "1.0",
      "measurementUnitPrice": 13.07,
      "measurementUnit": "L",
      "isRedPrice": false,
      "pricePerUOM": 13.07,
      "activationDate": "23-03-2024",
      "recordSource": "Folder",
      "isPromoActive": "N",
      "priceChangeCode": "E"
    },
    "isAvailable": true,
    "isPriceAvailable": true,
    "inPromo": true,
    "promotion": [
      {
        "techPromoId": "100894COLR",
        "promotionId": "100894",
        "promotionType": "4",
        "isPersonalized": "N",
        "publicationStartDate": "13-03-2024",
        "publicationEndDate": "26-03-2024"
      }
    ],
    "gtin": [
      "05410103175942",
      "03600524092863",
      "03600524092894",
      "05410103154701"
    ],
    "topCategoryName": "Lichaamsverzorging/Parfumerie",
    "topCategoryId": "591",
    "businessDomain": "RETAIL_BE",
    "IsPrivateLabel": false,
    "IsBiffe": false,
    "WeightconversionFactor": "0",
    "IsWeightArticle": false,
    "IsBio": false,
    "CountryOfOrigin": "BELGIË",
    "IsExclusivelySoldInLuxembourg": false,
    "OrderUnit": "P",
    "ShortName": "ELSE SH.LISS/RESIST300",
    "IsNew": false,
    "RecentQuanityOfStockUnits": "1,2,2,1",
    "LongName": "ELSEVE Sh.liss intense/full resist 300ml",
    "FicCode": "N"
  },
  {
    "productId": "866783",
    "technicalArticleNumber": "4719436",
    "commercialArticleNumber": "9822",
    "name": "douche happy/love",
    "description": "*Douchegel\n*Assortiment:\n-Happy:Frangipane&\nNeroli\n-Love:Rose&Pioenroos",
    "brand": "PALMOLIVE",
    "seoBrand": "Palmolive",
    "thumbNail": "https://static.colruytgroup.com/images/200x200/std.lang.all/33/50/asset-3193350.jpg",
    "fullImage": "https://static.colruytgroup.com/images/500x500/std.lang.all/33/50/asset-3193350.jpg",
    "squareImage": "https://static.colruytgroup.com/images/500x500sq/std.lang.all/33/50/asset-3193350.jpg",
    "content": "250ml",
    "walkRouteSequenceNumber": 14698,
    "price": {
      "basicPrice": 3.35,
      "recommendedQuantity": "1.0",
      "quantityPrice": 1.67,
      "quantityPriceQuantity": "4.0",
      "measurementUnitPrice": 13.4,
      "measurementUnitQuantityPrice": 6.68,
      "measurementUnit": "L",
      "isRedPrice": false,
      "pricePerUOM": 13.4,
      "activationDate": "13-03-2024",
      "recordSource": "Offline",
      "isPromoActive": "N",
      "priceChangeCode": "E",
      "quantityPricePerUOM": 6.68,
      "quantityActivationDate": "13-03-2024",
      "quantityPriceChangeCode": "L"
    },
    "isAvailable": true,
    "isPriceAvailable": true,
    "inPromo": false,
    "gtin": [
      "08718951427464",
      "08718951588615",
      "08718951427471",
      "08718951588585",
      "08718951438187",
      "08718951588592",
      "25400141712654"
    ],
    "topCategoryName": "Lichaamsverzorging/Parfumerie",
    "topCategoryId": "591",
    "businessDomain": "RETAIL_BE",
    "IsPrivateLabel": false,
    "IsBiffe": false,
    "WeightconversionFactor": "0",
    "IsWeightArticle": false,
    "IsBio": false,
    "CountryOfOrigin": "ITALIË",
    "IsExclusivelySoldInLuxembourg": false,
    "OrderUnit": "P",
    "ShortName": "PALM DCH.HAPPY/LOVE250",
    "IsNew": false,
    "RecentQuanityOfStockUnits": "1,1,2",
    "LongName": "PALMOLIVE douche happy/love 250ml",
    "FicCode": "N"
  },
  {
    "productId": "55786",
    "technicalArticleNumber": "2293597",
    "commercialArticleNumber": "23599",
    "name": "mask.rep/coco/color",
    "description": "*Masker 300 ml\n*Assorti:\n-Color Vive\n-Hydra\n-Total Repair",
    "brand": "ELSEVE",
    "seoBrand": "L'Oréal Paris Elseve",
    "thumbNail": "https://static.colruytgroup.com/images/200x200/std.lang.all/00/54/asset-2800054.jpg",
    "fullImage": "https://static.colruytgroup.com/images/500x500/std.lang.all/00/54/asset-2800054.jpg",
    "squareImage": "https://static.colruytgroup.com/images/500x500sq/std.lang.all/00/54/asset-2800054.jpg",
    "content": "300ml",
    "walkRouteSequenceNumber": 15305,
    "price": {
      "basicPrice": 5.99,
      "recommendedQuantity": "1.0",
      "quantityPrice": 5.32,
      "quantityPriceQuantity": "3.0",
      "measurementUnitPrice": 19.97,
      "measurementUnitQuantityPrice": 17.74,
      "measurementUnit": "L",
      "isRedPrice": false,
      "pricePerUOM": 19.97,
      "activationDate": "23-03-2024",
      "recordSource": "Offline",
      "isPromoActive": "N",
      "priceChangeCode": "E",
      "quantityPricePerUOM": 17.74,
      "quantityActivationDate": "23-03-2024",
      "quantityPriceChangeCode": "E"
    },
    "isAvailable": true,
    "isPriceAvailable": true,
    "inPromo": false,
    "gtin": [
      "05400141066708",
      "75410103849354",
      "03600523612789",
      "03600523612543",
      "03600523605880",
      "03600523605859",
      "03600523605835",
      "03600522452010",
      "03600521708552",
      "03600524030827"
    ],
    "topCategoryName": "Lichaamsverzorging/Parfumerie",
    "topCategoryId": "591",
    "businessDomain": "RETAIL_BE",
    "IsPrivateLabel": false,
    "IsBiffe": false,
    "WeightconversionFactor": "0",
    "IsWeightArticle": false,
    "IsBio": false,
    "CountryOfOrigin": "BELGIË",
    "IsExclusivelySoldInLuxembourg": false,
    "OrderUnit": "P",
    "ShortName": "ELS.MASKER ASS.300ML",
    "IsNew": false,
    "RecentQuanityOfStockUnits": "1,1,1",
    "LongName": "ELSEVE mask.rep/coco/color 300ml",
    "AlcoholVolume": "0",
    "FicCode": "N"
  },
  {
    "productId": "789109",
    "technicalArticleNumber": "4593704",
    "commercialArticleNumber": "29275",
    "name": "Bio dch amand/lemon",
    "description": "*Douchecrème -gel\n*Assortiment\n*Zoete amandel\n*Verbena-Citroen",
    "brand": "LE PETIT MARS.",
    "seoBrand": "Le Petit Marseillais",
    "thumbNail": "https://static.colruytgroup.com/images/200x200/std.lang.all/80/24/asset-3258024.jpg",
    "fullImage": "https://static.colruytgroup.com/images/500x500/std.lang.all/80/24/asset-3258024.jpg",
    "squareImage": "https://static.colruytgroup.com/images/500x500sq/std.lang.all/80/24/asset-3258024.jpg",
    "content": "250ml",
    "walkRouteSequenceNumber": 14637,
    "price": {
      "basicPrice": 3.39,
      "recommendedQuantity": "1.0",
      "measurementUnitPrice": 13.56,
      "measurementUnit": "L",
      "isRedPrice": false,
      "pricePerUOM": 13.56,
      "activationDate": "15-03-2024",
      "recordSource": "Offline",
      "isPromoActive": "N",
      "priceChangeCode": "L"
    },
    "isAvailable": true,
    "isPriceAvailable": true,
    "inPromo": false,
    "gtin": [
      "03574661717173",
      "03574661655307",
      "03574661654065",
      "03574661717197",
      "45400141971451",
      "03574661657820",
      "03574661657875"
    ],
    "topCategoryName": "Lichaamsverzorging/Parfumerie",
    "topCategoryId": "591",
    "businessDomain": "RETAIL_BE",
    "IsPrivateLabel": false,
    "IsBiffe": false,
    "WeightconversionFactor": "0",
    "IsWeightArticle": false,
    "IsBio": false,
    "CountryOfOrigin": "ITALIË",
    "IsExclusivelySoldInLuxembourg": false,
    "OrderUnit": "P",
    "ShortName": "LPMA BIO DCH AMA/LEM250",
    "IsNew": false,
    "RecentQuanityOfStockUnits": "1,1,2",
    "LongName": "LE PETIT MARS. Bio dch amand/lemon 250ml",
    "FicCode": "N"
  },
  {
    "productId": "58418",
    "technicalArticleNumber": "2287550",
    "commercialArticleNumber": "832197",
    "name": "Oogrein.lotion Waterpr.",
    "description": "*Make-up reiniger\n*Hypoallergeen",
    "brand": "DIADERMINE",
    "seoBrand": "Diadermine",
    "thumbNail": "https://static.colruytgroup.com/images/200x200/std.lang.all/27/27/asset-892727.jpg",
    "fullImage": "https://static.colruytgroup.com/images/500x500/std.lang.all/27/27/asset-892727.jpg",
    "squareImage": "https://static.colruytgroup.com/images/500x500sq/std.lang.all/27/27/asset-892727.jpg",
    "content": "125ml",
    "walkRouteSequenceNumber": 15839,
    "price": {
      "basicPrice": 3.89,
      "recommendedQuantity": "1.0",
      "measurementUnitPrice": 31.12,
      "measurementUnit": "L",
      "isRedPrice": false,
      "pricePerUOM": 31.12,
      "activationDate": "14-03-2024",
      "recordSource": "Offline",
      "isPromoActive": "N",
      "priceChangeCode": "E"
    },
    "isAvailable": true,
    "isPriceAvailable": true,
    "inPromo": false,
    "gtin": [
      "05412530850584",
      "05410091728922",
      "05412530795878",
      "05412530747259",
      "05412530795885",
      "05412530850577",
      "05410091671839",
      "05410091697907",
      "05412530747242"
    ],
    "topCategoryName": "Lichaamsverzorging/Parfumerie",
    "topCategoryId": "591",
    "businessDomain": "NON_FOOD",
    "IsPrivateLabel": false,
    "IsBiffe": false,
    "IsWeightArticle": false,
    "RecentQuanityOfStockUnits": "1",
    "LongName": "DIADERMINE Oogrein.lotion Waterpr. 125ml",
    "IsBio": false,
    "AlcoholVolume": "0",
    "CountryOfOrigin": "DUITSLAND",
    "FicCode": "N",
    "OrderUnit": "P",
    "ShortName": "DIAD.OOG REIN LOTION WP",
    "IsNew": false
  },
  {
    "productId": "851681",
    "technicalArticleNumber": "4699822",
    "commercialArticleNumber": "30988",
    "name": "SH.T.REP/COLOR",
    "description": "*Shampoo\n*250 ml\n*Assorti:\n-Total repair\n-Color",
    "brand": "GLISS",
    "seoBrand": "Gliss",
    "thumbNail": "https://static.colruytgroup.com/images/200x200/std.lang.all/86/33/asset-3228633.jpg",
    "fullImage": "https://static.colruytgroup.com/images/500x500/std.lang.all/86/33/asset-3228633.jpg",
    "squareImage": "https://static.colruytgroup.com/images/500x500sq/std.lang.all/86/33/asset-3228633.jpg",
    "content": "250ml",
    "walkRouteSequenceNumber": 15090,
    "price": {
      "basicPrice": 3.99,
      "recommendedQuantity": "1.0",
      "measurementUnitPrice": 15.96,
      "measurementUnit": "L",
      "isRedPrice": false,
      "pricePerUOM": 15.96,
      "activationDate": "13-03-2024",
      "recordSource": "Offline",
      "isPromoActive": "N",
      "priceChangeCode": "E"
    },
    "isAvailable": true,
    "isPriceAvailable": true,
    "inPromo": false,
    "gtin": [
      "05410091767853",
      "05412530934406",
      "05412530934383",
      "05412530934222",
      "05412530934208",
      "05410091767976",
      "15400141452225"
    ],
    "topCategoryName": "Lichaamsverzorging/Parfumerie",
    "topCategoryId": "591",
    "businessDomain": "RETAIL_BE",
    "IsPrivateLabel": false,
    "IsBiffe": false,
    "WeightconversionFactor": "0",
    "IsWeightArticle": false,
    "IsBio": false,
    "CountryOfOrigin": "DUITSLAND",
    "IsExclusivelySoldInLuxembourg": false,
    "OrderUnit": "P",
    "ShortName": "GLIS SH.T.REP/COLOR.250",
    "IsNew": false,
    "RecentQuanityOfStockUnits": "1,1,2",
    "LongName": "GLISS SH.T.REP/COLOR 250ml",
    "AlcoholVolume": "0",
    "FicCode": "N"
  },
  {
    "productId": "864417",
    "technicalArticleNumber": "4716225",
    "commercialArticleNumber": "32005",
    "name": "badschuim 0% sensitive",
    "description": "*Badschuim\n*2 Assortiment\n-Sensitive\n-0%\n*PH-neutraal",
    "brand": "SUNLIGHT",
    "seoBrand": "Sunlight",
    "thumbNail": "https://static.colruytgroup.com/images/200x200/std.lang.all/62/99/asset-3216299.jpg",
    "fullImage": "https://static.colruytgroup.com/images/500x500/std.lang.all/62/99/asset-3216299.jpg",
    "squareImage": "https://static.colruytgroup.com/images/500x500sq/std.lang.all/62/99/asset-3216299.jpg",
    "content": "675ml",
    "walkRouteSequenceNumber": 14747,
    "price": {
      "basicPrice": 6.99,
      "recommendedQuantity": "1.0",
      "measurementUnitPrice": 10.36,
      "measurementUnit": "L",
      "isRedPrice": false,
      "pricePerUOM": 10.36,
      "activationDate": "23-03-2024",
      "recordSource": "Offline",
      "isPromoActive": "N",
      "priceChangeCode": "H"
    },
    "isAvailable": true,
    "isPriceAvailable": true,
    "inPromo": false,
    "gtin": [
      "08720181333552",
      "08720181333767",
      "08720181333637",
      "08720181333613",
      "08720181333569",
      "08720181333804"
    ],
    "topCategoryName": "Lichaamsverzorging/Parfumerie",
    "topCategoryId": "591",
    "businessDomain": "RETAIL_BE",
    "IsPrivateLabel": false,
    "IsBiffe": false,
    "WeightconversionFactor": "0",
    "IsWeightArticle": false,
    "IsBio": false,
    "CountryOfOrigin": "POLEN",
    "IsExclusivelySoldInLuxembourg": false,
    "OrderUnit": "P",
    "ShortName": "SUNL.BAD 0%/SENSIT 675",
    "IsNew": false,
    "RecentQuanityOfStockUnits": "1,1",
    "LongName": "SUNLIGHT badschuim 0% sensitive 675ml",
    "AlcoholVolume": "0",
    "FicCode": "N"
  },
  {
    "productId": "864911",
    "technicalArticleNumber": "4716949",
    "commercialArticleNumber": "1725",
    "name": "regular",
    "description": "*Tampons 40 ST\n*Regular\n*Met inbrenghuls",
    "brand": "TAMPAX",
    "seoBrand": "Tampax",
    "thumbNail": "https://static.colruytgroup.com/images/200x200/std.lang.all/27/28/asset-3222728.jpg",
    "fullImage": "https://static.colruytgroup.com/images/500x500/std.lang.all/27/28/asset-3222728.jpg",
    "squareImage": "https://static.colruytgroup.com/images/500x500sq/std.lang.all/27/28/asset-3222728.jpg",
    "content": "40st",
    "walkRouteSequenceNumber": 14401,
    "price": {
      "basicPrice": 4.59,
      "recommendedQuantity": "1.0",
      "measurementUnitPrice": 0.115,
      "measurementUnit": "S",
      "isRedPrice": false,
      "pricePerUOM": 0.115,
      "activationDate": "15-02-2024",
      "recordSource": "Offline",
      "isPromoActive": "N",
      "priceChangeCode": "E"
    },
    "isAvailable": true,
    "isPriceAvailable": true,
    "inPromo": true,
    "promotion": [
      {
        "techPromoId": "100869COLR",
        "promotionId": "100869",
        "promotionType": "4",
        "isPersonalized": "N",
        "publicationStartDate": "13-03-2024",
        "publicationEndDate": "26-03-2024"
      }
    ],
    "gtin": [
      "45400141433089",
      "08006540712559",
      "08006540712566"
    ],
    "topCategoryName": "Lichaamsverzorging/Parfumerie",
    "topCategoryId": "591",
    "businessDomain": "RETAIL_BE",
    "IsPrivateLabel": false,
    "IsBiffe": false,
    "WeightconversionFactor": "0",
    "IsWeightArticle": false,
    "IsBio": false,
    "CountryOfOrigin": "HONGARIJE",
    "IsExclusivelySoldInLuxembourg": false,
    "OrderUnit": "P",
    "ShortName": "TAMP REGULAR 40ST",
    "IsNew": false,
    "RecentQuanityOfStockUnits": "1,2",
    "LongName": "TAMPAX regular 40st",
    "FicCode": "N"
  },
  {
    "productId": "14401",
    "technicalArticleNumber": "1590201",
    "commercialArticleNumber": "6667",
    "name": "intieme doekjes",
    "description": "*Intieme doekjes\n*Zonder alcohol en\nzeep\n*10 stuks",
    "brand": "LACTACYD",
    "seoBrand": "Lactacyd",
    "thumbNail": "https://static.colruytgroup.com/images/200x200/nl_be/16/56/asset-2241656.jpg",
    "fullImage": "https://static.colruytgroup.com/images/500x500/nl_be/16/56/asset-2241656.jpg",
    "squareImage": "https://static.colruytgroup.com/images/500x500sq/nl_be/16/56/asset-2241656.jpg",
    "content": "10st",
    "walkRouteSequenceNumber": 14562,
    "price": {
      "basicPrice": 3.99,
      "recommendedQuantity": "2.0",
      "measurementUnitPrice": 0.399,
      "measurementUnit": "S",
      "isRedPrice": false,
      "pricePerUOM": 0.399,
      "activationDate": "22-03-2024",
      "recordSource": "Offline",
      "isPromoActive": "N",
      "priceChangeCode": "L"
    },
    "isAvailable": true,
    "isPriceAvailable": true,
    "inPromo": false,
    "gtin": [
      "05400141166675",
      "05391520951398",
      "05391520941610"
    ],
    "topCategoryName": "Lichaamsverzorging/Parfumerie",
    "topCategoryId": "591",
    "businessDomain": "RETAIL_BE",
    "IsPrivateLabel": false,
    "IsBiffe": false,
    "WeightconversionFactor": "0",
    "IsWeightArticle": false,
    "IsBio": false,
    "CountryOfOrigin": "BELGIË",
    "IsExclusivelySoldInLuxembourg": false,
    "OrderUnit": "P",
    "ShortName": "LACT.10 INTIEME DOEKJES",
    "IsNew": false,
    "RecentQuanityOfStockUnits": "1,2",
    "LongName": "LACTACYD intieme doekjes 10st",
    "AlcoholVolume": "0",
    "FicCode": "N"
  },
  {
    "productId": "874299",
    "technicalArticleNumber": "4729299",
    "commercialArticleNumber": "32104",
    "name": "Shampoo Extra Clay",
    "description": "*Shampoo\n*300 ml\n*Extra\nClay",
    "brand": "ELSEVE",
    "seoBrand": "L'Oréal Paris Elseve",
    "thumbNail": "https://static.colruytgroup.com/images/200x200/std.lang.all/37/28/asset-3243728.jpg",
    "fullImage": "https://static.colruytgroup.com/images/500x500/std.lang.all/37/28/asset-3243728.jpg",
    "squareImage": "https://static.colruytgroup.com/images/500x500sq/std.lang.all/37/28/asset-3243728.jpg",
    "content": "300ml",
    "walkRouteSequenceNumber": 15109,
    "price": {
      "basicPrice": 3.92,
      "recommendedQuantity": "1.0",
      "measurementUnitPrice": 13.07,
      "measurementUnit": "L",
      "isRedPrice": false,
      "pricePerUOM": 13.07,
      "activationDate": "23-03-2024",
      "recordSource": "Folder",
      "isPromoActive": "N",
      "priceChangeCode": "E"
    },
    "isAvailable": true,
    "isPriceAvailable": true,
    "inPromo": true,
    "promotion": [
      {
        "techPromoId": "100894COLR",
        "promotionId": "100894",
        "promotionType": "4",
        "isPersonalized": "N",
        "publicationStartDate": "13-03-2024",
        "publicationEndDate": "26-03-2024"
      }
    ],
    "gtin": [
      "05410103175072",
      "03600524091682"
    ],
    "topCategoryName": "Lichaamsverzorging/Parfumerie",
    "topCategoryId": "591",
    "businessDomain": "RETAIL_BE",
    "IsPrivateLabel": false,
    "IsBiffe": false,
    "WeightconversionFactor": "0",
    "IsWeightArticle": false,
    "IsBio": false,
    "CountryOfOrigin": "FRANKRIJK",
    "IsExclusivelySoldInLuxembourg": false,
    "OrderUnit": "P",
    "ShortName": "ELSE SH EX. CLAY 300ML",
    "IsNew": false,
    "RecentQuanityOfStockUnits": "2,1",
    "LongName": "ELSEVE Shampoo Extra Clay 300ml",
    "AlcoholVolume": "0",
    "FicCode": "N"
  },
  {
    "productId": "2453",
    "technicalArticleNumber": "473874",
    "commercialArticleNumber": "473874",
    "name": "All-in-1 lenzenvloeistof",
    "description": "*Voor zachte lenzen",
    "brand": "RACLEAN",
    "seoBrand": "Raclean",
    "thumbNail": "https://static.colruytgroup.com/images/200x200/std.lang.all/02/83/asset-390283.jpg",
    "fullImage": "https://static.colruytgroup.com/images/500x500/std.lang.all/02/83/asset-390283.jpg",
    "squareImage": "https://static.colruytgroup.com/images/500x500sq/std.lang.all/02/83/asset-390283.jpg",
    "content": "250ml",
    "walkRouteSequenceNumber": 14061,
    "price": {
      "basicPrice": 5.49,
      "recommendedQuantity": "1.0",
      "measurementUnitPrice": 21.96,
      "measurementUnit": "L",
      "isRedPrice": false,
      "pricePerUOM": 21.96,
      "activationDate": "10-11-2022",
      "isPromoActive": "N",
      "priceChangeCode": "E"
    },
    "isAvailable": true,
    "isPriceAvailable": true,
    "inPromo": false,
    "gtin": [
      "03503190037018",
      "05414166000012",
      "05414166000029",
      "05414166000043",
      "05414166000050"
    ],
    "topCategoryName": "Lichaamsverzorging/Parfumerie",
    "topCategoryId": "591",
    "businessDomain": "NON_FOOD",
    "IsPrivateLabel": false,
    "IsBiffe": false,
    "IsWeightArticle": false,
    "RecentQuanityOfStockUnits": "1,2",
    "LongName": "RACLEAN All-in-1 lenzenvloeistof 250ml",
    "IsBio": false,
    "CountryOfOrigin": "BELGIË",
    "FicCode": "N",
    "OrderUnit": "P",
    "ShortName": "RACLEAN LENZENVL. 250ML",
    "IsNew": false
  },
  {
    "productId": "825532",
    "technicalArticleNumber": "4662409",
    "commercialArticleNumber": "29883",
    "name": "Cotton Feel Normal Fresh",
    "brand": "CAREFREE",
    "seoBrand": "Carefree",
    "thumbNail": "https://static.colruytgroup.com/images/200x200/std.lang.all/27/49/asset-2932749.jpg",
    "fullImage": "https://static.colruytgroup.com/images/500x500/std.lang.all/27/49/asset-2932749.jpg",
    "squareImage": "https://static.colruytgroup.com/images/500x500sq/std.lang.all/27/49/asset-2932749.jpg",
    "content": "56st",
    "walkRouteSequenceNumber": 14421,
    "price": {
      "basicPrice": 4.79,
      "recommendedQuantity": "1.0",
      "quantityPrice": 3.99,
      "quantityPriceQuantity": "3.0",
      "measurementUnitPrice": 0.086,
      "measurementUnitQuantityPrice": 0.072,
      "measurementUnit": "S",
      "isRedPrice": false,
      "pricePerUOM": 0.086,
      "activationDate": "20-03-2024",
      "recordSource": "Offline",
      "isPromoActive": "N",
      "priceChangeCode": "E",
      "quantityPricePerUOM": 0.072,
      "quantityActivationDate": "20-03-2024",
      "quantityPriceChangeCode": "H"
    },
    "isAvailable": true,
    "isPriceAvailable": true,
    "inPromo": false,
    "gtin": [
      "85400141456819",
      "03574661502953",
      "03574661486321"
    ],
    "topCategoryName": "Lichaamsverzorging/Parfumerie",
    "topCategoryId": "591",
    "businessDomain": "RETAIL_BE",
    "IsPrivateLabel": false,
    "IsBiffe": false,
    "WeightconversionFactor": "0",
    "IsWeightArticle": false,
    "IsBio": false,
    "CountryOfOrigin": "ITALIË",
    "IsExclusivelySoldInLuxembourg": false,
    "OrderUnit": "P",
    "ShortName": "CARE COT.FEEL NORM.FR56",
    "IsNew": false,
    "RecentQuanityOfStockUnits": "1,2",
    "LongName": "CAREFREE Cotton Feel Normal Fresh 56st",
    "FicCode": "N"
  },
  {
    "productId": "892712",
    "technicalArticleNumber": "4754580",
    "commercialArticleNumber": "2719",
    "name": "deo inv./protection/protect.",
    "description": "*total protection/protector/\ninvisible dry",
    "brand": "SANEX",
    "seoBrand": "Sanex",
    "thumbNail": "https://static.colruytgroup.com/images/200x200/std.lang.all/15/23/asset-3351523.jpg",
    "fullImage": "https://static.colruytgroup.com/images/500x500/std.lang.all/15/23/asset-3351523.jpg",
    "squareImage": "https://static.colruytgroup.com/images/500x500sq/std.lang.all/15/23/asset-3351523.jpg",
    "content": "150ml",
    "walkRouteSequenceNumber": 14729,
    "price": {
      "basicPrice": 3.59,
      "recommendedQuantity": "1.0",
      "measurementUnitPrice": 23.94,
      "measurementUnit": "L",
      "isRedPrice": false,
      "pricePerUOM": 23.94,
      "activationDate": "13-03-2024",
      "recordSource": "Offline",
      "isPromoActive": "N",
      "priceChangeCode": "E"
    },
    "isAvailable": true,
    "isPriceAvailable": true,
    "inPromo": false,
    "gtin": [
      "08718951617032",
      "08718951616981",
      "08718951616974",
      "08718951616929",
      "08718951616912",
      "08718951617049",
      "25400141579349",
      "35400141579346"
    ],
    "topCategoryName": "Lichaamsverzorging/Parfumerie",
    "topCategoryId": "591",
    "businessDomain": "RETAIL_BE",
    "IsPrivateLabel": false,
    "IsBiffe": false,
    "WeightconversionFactor": "0",
    "IsWeightArticle": false,
    "IsBio": false,
    "CountryOfOrigin": "ITALIË",
    "IsExclusivelySoldInLuxembourg": false,
    "OrderUnit": "P",
    "ShortName": "SANE DEO INV/PRO/TOT150",
    "IsNew": false,
    "RecentQuanityOfStockUnits": "2,1,1,1",
    "LongName": "SANEX deo inv./protection/protect. 150ml",
    "FicCode": "N"
  },
  {
    "productId": "346227",
    "technicalArticleNumber": "3735353",
    "commercialArticleNumber": "346888",
    "name": "Body Milk zijdezacht + pomp",
    "description": "*Bodymelk\n*400 ml\n*Droge huid",
    "brand": "NIVEA",
    "seoBrand": "Nivea",
    "thumbNail": "https://static.colruytgroup.com/images/200x200/std.lang.all/66/54/asset-1346654.jpg",
    "fullImage": "https://static.colruytgroup.com/images/500x500/std.lang.all/66/54/asset-1346654.jpg",
    "squareImage": "https://static.colruytgroup.com/images/500x500sq/std.lang.all/66/54/asset-1346654.jpg",
    "content": "400ml",
    "walkRouteSequenceNumber": 15572,
    "price": {
      "basicPrice": 6.75,
      "recommendedQuantity": "1.0",
      "measurementUnitPrice": 16.88,
      "measurementUnit": "L",
      "isRedPrice": false,
      "pricePerUOM": 16.88,
      "activationDate": "22-03-2024",
      "recordSource": "Offline",
      "isPromoActive": "N",
      "priceChangeCode": "L"
    },
    "isAvailable": true,
    "isPriceAvailable": true,
    "inPromo": false,
    "gtin": [
      "04005900441195",
      "04005900441188",
      "04005900441171"
    ],
    "topCategoryName": "Lichaamsverzorging/Parfumerie",
    "topCategoryId": "591",
    "businessDomain": "NON_FOOD",
    "IsPrivateLabel": false,
    "IsBiffe": false,
    "IsWeightArticle": false,
    "RecentQuanityOfStockUnits": "1",
    "LongName": "NIVEA Body Milk zijdezacht + pomp 400ml",
    "IsBio": false,
    "AlcoholVolume": "0",
    "CountryOfOrigin": "SPANJE",
    "FicCode": "N",
    "OrderUnit": "P",
    "ShortName": "NIV.BODYM.ZIJD.PMP400ML",
    "IsNew": false
  },
  {
    "productId": "615925",
    "technicalArticleNumber": "4291571",
    "commercialArticleNumber": "23395",
    "name": "maandverband Ultra Normal",
    "description": "*Ultra (16s)\n*Normale menstruatie\n*Zonder vleugels\n*Anti-lekrandjes\n*Parfumvrij",
    "brand": "NANA",
    "seoBrand": "Nana",
    "thumbNail": "https://static.colruytgroup.com/images/200x200/std.lang.all/67/32/asset-3136732.jpg",
    "fullImage": "https://static.colruytgroup.com/images/500x500/std.lang.all/67/32/asset-3136732.jpg",
    "squareImage": "https://static.colruytgroup.com/images/500x500sq/std.lang.all/67/32/asset-3136732.jpg",
    "content": "16st",
    "walkRouteSequenceNumber": 14397,
    "price": {
      "basicPrice": 3.05,
      "recommendedQuantity": "2.0",
      "measurementUnitPrice": 0.191,
      "measurementUnit": "S",
      "isRedPrice": false,
      "pricePerUOM": 0.191,
      "activationDate": "15-03-2024",
      "recordSource": "Offline",
      "isPromoActive": "N",
      "priceChangeCode": "H"
    },
    "isAvailable": true,
    "isPriceAvailable": true,
    "inPromo": false,
    "gtin": [
      "07322541499727",
      "07322541499710",
      "45400141615973",
      "07322540637427",
      "07322540562118"
    ],
    "topCategoryName": "Lichaamsverzorging/Parfumerie",
    "topCategoryId": "591",
    "businessDomain": "RETAIL_BE",
    "IsPrivateLabel": false,
    "IsBiffe": false,
    "WeightconversionFactor": "0",
    "IsWeightArticle": false,
    "IsBio": false,
    "CountryOfOrigin": "SLOVENIË",
    "IsExclusivelySoldInLuxembourg": false,
    "OrderUnit": "P",
    "ShortName": "NANA ULTRA NORM.MVB16ST",
    "IsNew": false,
    "RecentQuanityOfStockUnits": "1,2",
    "LongName": "NANA maandverband Ultra Normal 16st",
    "FicCode": "N"
  },
  {
    "productId": "885599",
    "technicalArticleNumber": "4744606",
    "commercialArticleNumber": "32618",
    "name": "shampoo repair & protect",
    "brand": "PANTENE",
    "seoBrand": "Pantene",
    "thumbNail": "https://ecgproductmw.colruytgroup.com/ecgproductmw/noPicForArticle_2.jpg",
    "fullImage": "https://ecgproductmw.colruytgroup.com/ecgproductmw/noPicForArticle_5.jpg",
    "squareImage": "https://ecgproductmw.colruytgroup.com/ecgproductmw/noPicForArticle_5.jpg",
    "content": "225ml",
    "walkRouteSequenceNumber": 14797,
    "price": {
      "basicPrice": 2.99,
      "recommendedQuantity": "1.0",
      "quantityPrice": 2.66,
      "quantityPriceQuantity": "3.0",
      "measurementUnitPrice": 13.29,
      "measurementUnitQuantityPrice": 11.83,
      "measurementUnit": "L",
      "isRedPrice": false,
      "pricePerUOM": 13.29,
      "activationDate": "23-03-2024",
      "recordSource": "Offline",
      "isPromoActive": "N",
      "priceChangeCode": "E",
      "quantityPricePerUOM": 11.83,
      "quantityActivationDate": "23-03-2024",
      "quantityPriceChangeCode": "E"
    },
    "isAvailable": true,
    "isPriceAvailable": true,
    "inPromo": false,
    "gtin": [
      "08006540475898",
      "08006540475881",
      "55400141434724",
      "45400141874738"
    ],
    "topCategoryName": "Lichaamsverzorging/Parfumerie",
    "topCategoryId": "591",
    "businessDomain": "RETAIL_BE",
    "IsPrivateLabel": false,
    "IsBiffe": false,
    "WeightconversionFactor": "0",
    "IsWeightArticle": false,
    "IsBio": false,
    "CountryOfOrigin": "FRANKRIJK",
    "IsExclusivelySoldInLuxembourg": false,
    "OrderUnit": "P",
    "ShortName": "PANT SH REP.&PROT.225ML",
    "IsNew": false,
    "RecentQuanityOfStockUnits": "3,1",
    "LongName": "PANTENE shampoo repair & protect 225ml",
    "FicCode": "N"
  },
  {
    "productId": "778755",
    "technicalArticleNumber": "4572406",
    "commercialArticleNumber": "28568",
    "name": "douchegel olijf/care",
    "description": "*Douchegel\n*Zachte huid\n*Voedende verzorging\n*Gehydrateerde huid\n*Ultrafrisse geur",
    "brand": "DOVE",
    "seoBrand": "Dove",
    "thumbNail": "https://static.colruytgroup.com/images/200x200/std.lang.all/27/87/asset-3172787.jpg",
    "fullImage": "https://static.colruytgroup.com/images/500x500/std.lang.all/27/87/asset-3172787.jpg",
    "squareImage": "https://static.colruytgroup.com/images/500x500sq/std.lang.all/27/87/asset-3172787.jpg",
    "content": "450ml",
    "walkRouteSequenceNumber": 14709,
    "price": {
      "basicPrice": 5.7,
      "recommendedQuantity": "1.0",
      "measurementUnitPrice": 12.67,
      "measurementUnit": "L",
      "isRedPrice": false,
      "pricePerUOM": 12.67,
      "activationDate": "23-03-2024",
      "recordSource": "Folder",
      "isPromoActive": "N",
      "priceChangeCode": "E"
    },
    "isAvailable": true,
    "isPriceAvailable": true,
    "inPromo": true,
    "promotion": [
      {
        "techPromoId": "100897COLR",
        "promotionId": "100897",
        "promotionType": "4",
        "isPersonalized": "N",
        "publicationStartDate": "13-03-2024",
        "publicationEndDate": "26-03-2024"
      }
    ],
    "gtin": [
      "08720181358319",
      "08720181358395",
      "08720181358616",
      "55400141510244",
      "08720181364341",
      "08720181364334",
      "08720181365461",
      "08720181199554",
      "08720181199585",
      "08720181111457",
      "08720181111495"
    ],
    "topCategoryName": "Lichaamsverzorging/Parfumerie",
    "topCategoryId": "591",
    "businessDomain": "RETAIL_BE",
    "IsPrivateLabel": false,
    "IsBiffe": false,
    "WeightconversionFactor": "0",
    "IsWeightArticle": false,
    "IsBio": false,
    "CountryOfOrigin": "DUITSLAND",
    "IsExclusivelySoldInLuxembourg": false,
    "OrderUnit": "P",
    "ShortName": "DOVE DCH OLIJF/CARE 450",
    "IsNew": false,
    "RecentQuanityOfStockUnits": "1,2,1,6",
    "LongName": "DOVE douchegel olijf/care 450ml",
    "FicCode": "N"
  },
  {
    "productId": "12489",
    "technicalArticleNumber": "1332563",
    "commercialArticleNumber": "573825",
    "name": "uiercrème",
    "description": "*Geparfumeerde\nuiercrème",
    "brand": "EVERYDAY",
    "seoBrand": "Everyday",
    "thumbNail": "https://static.colruytgroup.com/images/200x200/std.lang.all/08/00/asset-710800.jpg",
    "fullImage": "https://static.colruytgroup.com/images/500x500/std.lang.all/08/00/asset-710800.jpg",
    "squareImage": "https://static.colruytgroup.com/images/500x500sq/std.lang.all/08/00/asset-710800.jpg",
    "content": "300ml",
    "walkRouteSequenceNumber": 15288,
    "price": {
      "basicPrice": 1.79,
      "recommendedQuantity": "1.0",
      "measurementUnitPrice": 5.97,
      "measurementUnit": "L",
      "isRedPrice": false,
      "pricePerUOM": 5.97,
      "activationDate": "11-03-2024",
      "recordSource": "Offline",
      "isPromoActive": "N",
      "priceChangeCode": "H"
    },
    "isAvailable": true,
    "isPriceAvailable": true,
    "inPromo": false,
    "gtin": [
      "15400141528371",
      "15400141578253",
      "15400141738251",
      "15400141848639",
      "25400141848636",
      "05412359707823",
      "05400141578256",
      "05400141738254",
      "05400141785234",
      "05400141825732",
      "05412359707816",
      "05400141338317"
    ],
    "topCategoryName": "Lichaamsverzorging/Parfumerie",
    "topCategoryId": "591",
    "businessDomain": "NON_FOOD",
    "IsPrivateLabel": true,
    "IsBiffe": false,
    "IsWeightArticle": false,
    "RecentQuanityOfStockUnits": "1",
    "LongName": "EVERYDAY uiercrème 300ml",
    "IsBio": false,
    "CountryOfOrigin": "BELGIË",
    "FicCode": "N",
    "OrderUnit": "P",
    "ShortName": "EVD UIERCREME GEPARFUM",
    "IsNew": false
  },
  {
    "productId": "840178",
    "technicalArticleNumber": "4684124",
    "commercialArticleNumber": "10107",
    "name": "Incontinentieverband mannen",
    "description": "*Verbanden mannen\n*10 stuks\n*Matig urineverlies\n*Odour Control/Dry\n*Discreet/Secure",
    "brand": "BONI",
    "seoBrand": "Boni Selection",
    "thumbNail": "https://static.colruytgroup.com/images/200x200/std.lang.all/17/40/asset-3271740.jpg",
    "fullImage": "https://static.colruytgroup.com/images/500x500/std.lang.all/17/40/asset-3271740.jpg",
    "squareImage": "https://static.colruytgroup.com/images/500x500sq/std.lang.all/17/40/asset-3271740.jpg",
    "content": "10st",
    "walkRouteSequenceNumber": 14271,
    "price": {
      "basicPrice": 2.99,
      "recommendedQuantity": "1.0",
      "measurementUnitPrice": 0.299,
      "measurementUnit": "S",
      "isRedPrice": false,
      "pricePerUOM": 0.299,
      "activationDate": "18-11-2023",
      "recordSource": "Offline",
      "isPromoActive": "N",
      "priceChangeCode": "E"
    },
    "isAvailable": true,
    "isPriceAvailable": true,
    "inPromo": false,
    "gtin": [
      "05400141445299",
      "15400141445296"
    ],
    "topCategoryName": "Lichaamsverzorging/Parfumerie",
    "topCategoryId": "591",
    "businessDomain": "RETAIL_BE",
    "IsPrivateLabel": true,
    "IsBiffe": false,
    "WeightconversionFactor": "0",
    "IsWeightArticle": false,
    "IsBio": false,
    "CountryOfOrigin": "BELGIË",
    "IsExclusivelySoldInLuxembourg": false,
    "OrderUnit": "P",
    "ShortName": "BONI INCO.VERB.MAN 10ST",
    "IsNew": false,
    "RecentQuanityOfStockUnits": "1,18",
    "LongName": "BONI Incontinentieverband mannen 10st",
    "FicCode": "N"
  },
  {
    "productId": "340202",
    "technicalArticleNumber": "3826141",
    "commercialArticleNumber": "282066",
    "name": "micellair water droge huid",
    "description": "*Micellaire water\n*Droge huid",
    "brand": "GARNIER",
    "seoBrand": "Garnier",
    "thumbNail": "https://static.colruytgroup.com/images/200x200/std.lang.all/32/19/asset-1443219.jpg",
    "fullImage": "https://static.colruytgroup.com/images/500x500/std.lang.all/32/19/asset-1443219.jpg",
    "squareImage": "https://static.colruytgroup.com/images/500x500sq/std.lang.all/32/19/asset-1443219.jpg",
    "content": "400ml",
    "walkRouteSequenceNumber": 15511,
    "price": {
      "basicPrice": 7.59,
      "recommendedQuantity": "1.0",
      "measurementUnitPrice": 18.98,
      "measurementUnit": "L",
      "isRedPrice": false,
      "pricePerUOM": 18.98,
      "activationDate": "19-03-2024",
      "recordSource": "Offline",
      "isPromoActive": "N",
      "priceChangeCode": "H"
    },
    "isAvailable": true,
    "isPriceAvailable": true,
    "inPromo": false,
    "gtin": [
      "03600541594999",
      "03600541977310"
    ],
    "topCategoryName": "Lichaamsverzorging/Parfumerie",
    "topCategoryId": "591",
    "businessDomain": "NON_FOOD",
    "IsPrivateLabel": false,
    "IsBiffe": false,
    "IsWeightArticle": false,
    "RecentQuanityOfStockUnits": "1",
    "LongName": "GARNIER micellair water droge huid 400ml",
    "IsBio": false,
    "CountryOfOrigin": "BELGIË",
    "FicCode": "N",
    "OrderUnit": "P",
    "ShortName": "GARN.MIC.WATER DH 400ML",
    "IsNew": false
  },
  {
    "productId": "1778",
    "technicalArticleNumber": "23074",
    "commercialArticleNumber": "23074",
    "name": "tandenborstel soft kinderen",
    "description": "*Tandenborstel\n*Mondhygiëne\n*Witte tanden\n*Zachte borstel\n*Voor kinderen",
    "brand": "SIGNAL",
    "seoBrand": "Signal",
    "thumbNail": "https://static.colruytgroup.com/images/200x200/std.lang.all/88/67/asset-618867.jpg",
    "fullImage": "https://static.colruytgroup.com/images/500x500/std.lang.all/88/67/asset-618867.jpg",
    "squareImage": "https://static.colruytgroup.com/images/500x500sq/std.lang.all/88/67/asset-618867.jpg",
    "walkRouteSequenceNumber": 14212,
    "price": {
      "basicPrice": 2.99,
      "recommendedQuantity": "1.0",
      "measurementUnitPrice": 2.99,
      "measurementUnit": "S",
      "isRedPrice": false,
      "pricePerUOM": 2.99,
      "activationDate": "12-03-2024",
      "recordSource": "Offline",
      "isPromoActive": "N",
      "priceChangeCode": "L"
    },
    "isAvailable": true,
    "isPriceAvailable": true,
    "inPromo": false,
    "gtin": [
      "08718114201658",
      "04000388615304",
      "08717163424919",
      "08718114201641"
    ],
    "topCategoryName": "Lichaamsverzorging/Parfumerie",
    "topCategoryId": "591",
    "businessDomain": "RETAIL_BE",
    "IsPrivateLabel": false,
    "IsBiffe": false,
    "WeightconversionFactor": "0",
    "IsWeightArticle": false,
    "IsBio": false,
    "CountryOfOrigin": "ZWITSERLAND",
    "IsExclusivelySoldInLuxembourg": false,
    "OrderUnit": "P",
    "ShortName": "SIGNAL KIDS GROEI TB",
    "IsNew": false,
    "RecentQuanityOfStockUnits": "1,12,1",
    "LongName": "SIGNAL tandenborstel soft kinderen",
    "AlcoholVolume": "0",
    "FicCode": "N"
  },
  {
    "productId": "702671",
    "technicalArticleNumber": "4436310",
    "commercialArticleNumber": "11390",
    "name": "maandverband Goodnight",
    "description": "*Ultra Night (10p)\n*Zeer hoog absorptie\n*Speciaal nacht\n*Met vleugels\n*Anti-lekrandjes",
    "brand": "NANA",
    "seoBrand": "Nana",
    "thumbNail": "https://static.colruytgroup.com/images/200x200/std.lang.all/38/70/asset-3253870.jpg",
    "fullImage": "https://static.colruytgroup.com/images/500x500/std.lang.all/38/70/asset-3253870.jpg",
    "squareImage": "https://static.colruytgroup.com/images/500x500sq/std.lang.all/38/70/asset-3253870.jpg",
    "content": "10st",
    "walkRouteSequenceNumber": 14400,
    "price": {
      "basicPrice": 3.57,
      "recommendedQuantity": "2.0",
      "measurementUnitPrice": 0.357,
      "measurementUnit": "S",
      "isRedPrice": false,
      "pricePerUOM": 0.357,
      "activationDate": "23-03-2024",
      "isPromoActive": "N",
      "priceChangeCode": "H"
    },
    "isAvailable": true,
    "isPriceAvailable": true,
    "inPromo": false,
    "gtin": [
      "07322541499840",
      "07322541499833",
      "07322540562354",
      "07322540637489",
      "75400141619361"
    ],
    "topCategoryName": "Lichaamsverzorging/Parfumerie",
    "topCategoryId": "591",
    "businessDomain": "RETAIL_BE",
    "IsPrivateLabel": false,
    "IsBiffe": false,
    "WeightconversionFactor": "0",
    "IsWeightArticle": false,
    "IsBio": false,
    "CountryOfOrigin": "SLOVENIË",
    "IsExclusivelySoldInLuxembourg": false,
    "OrderUnit": "P",
    "ShortName": "NANA MVB GOODNIGHT 10ST",
    "IsNew": false,
    "RecentQuanityOfStockUnits": "1,2",
    "LongName": "NANA maandverband Goodnight 10st",
    "FicCode": "N"
  },
  {
    "productId": "832016",
    "technicalArticleNumber": "4671972",
    "commercialArticleNumber": "30170",
    "name": "amandel",
    "description": "*Douchecrème 750ml\n*Amandelbloesem",
    "brand": "PALMOLIVE",
    "seoBrand": "Palmolive",
    "thumbNail": "https://static.colruytgroup.com/images/200x200/std.lang.all/58/91/asset-2985891.jpg",
    "fullImage": "https://static.colruytgroup.com/images/500x500/std.lang.all/58/91/asset-2985891.jpg",
    "squareImage": "https://static.colruytgroup.com/images/500x500sq/std.lang.all/58/91/asset-2985891.jpg",
    "content": "750ml",
    "walkRouteSequenceNumber": 14688,
    "price": {
      "basicPrice": 7.48,
      "recommendedQuantity": "1.0",
      "quantityPrice": 4.37,
      "quantityPriceQuantity": "3.0",
      "measurementUnitPrice": 9.98,
      "measurementUnitQuantityPrice": 5.83,
      "measurementUnit": "L",
      "isRedPrice": false,
      "pricePerUOM": 9.98,
      "activationDate": "21-03-2024",
      "recordSource": "Offline",
      "isPromoActive": "N",
      "priceChangeCode": "E",
      "quantityPricePerUOM": 5.83,
      "quantityActivationDate": "21-03-2024",
      "quantityPriceChangeCode": "E"
    },
    "isAvailable": true,
    "isPriceAvailable": true,
    "inPromo": false,
    "gtin": [
      "08718951540538",
      "08718951540545",
      "08718951540569"
    ],
    "topCategoryName": "Lichaamsverzorging/Parfumerie",
    "topCategoryId": "591",
    "businessDomain": "RETAIL_BE",
    "IsPrivateLabel": false,
    "IsBiffe": false,
    "WeightconversionFactor": "0",
    "IsWeightArticle": false,
    "IsBio": false,
    "CountryOfOrigin": "ITALIË",
    "IsExclusivelySoldInLuxembourg": false,
    "OrderUnit": "P",
    "ShortName": "PALM DCH AMANDEL 750ML",
    "IsNew": false,
    "RecentQuanityOfStockUnits": "1",
    "LongName": "PALMOLIVE amandel 750ml",
    "FicCode": "N"
  },
  {
    "productId": "48671",
    "technicalArticleNumber": "2563413",
    "commercialArticleNumber": "952049",
    "name": "eau de cologne",
    "description": "BIEN ETRE\nEAU DE COLOGNE 250ML\n70° ALCOHOL",
    "brand": "BIEN-ETRE",
    "seoBrand": "Bien-Etre",
    "thumbNail": "https://static.colruytgroup.com/images/200x200/std.lang.all/08/37/asset-1370837.jpg",
    "fullImage": "https://static.colruytgroup.com/images/500x500/std.lang.all/08/37/asset-1370837.jpg",
    "squareImage": "https://static.colruytgroup.com/images/500x500sq/std.lang.all/08/37/asset-1370837.jpg",
    "content": "250ml",
    "walkRouteSequenceNumber": 15162,
    "price": {
      "basicPrice": 10.05,
      "recommendedQuantity": "1.0",
      "measurementUnitPrice": 40.2,
      "measurementUnit": "L",
      "isRedPrice": false,
      "pricePerUOM": 40.2,
      "activationDate": "22-03-2024",
      "recordSource": "Offline",
      "isPromoActive": "N",
      "priceChangeCode": "H"
    },
    "isAvailable": true,
    "isPriceAvailable": true,
    "inPromo": false,
    "gtin": [
      "03017561550018",
      "45410103021469",
      "03058325236892",
      "05400141490251",
      "03017561553019"
    ],
    "topCategoryName": "Lichaamsverzorging/Parfumerie",
    "topCategoryId": "591",
    "businessDomain": "NON_FOOD",
    "IsPrivateLabel": false,
    "IsBiffe": false,
    "IsWeightArticle": false,
    "RecentQuanityOfStockUnits": "1",
    "LongName": "BIEN-ETRE eau de cologne 250ml",
    "IsBio": false,
    "AlcoholVolume": "0",
    "CountryOfOrigin": "BELGIË",
    "FicCode": "N",
    "OrderUnit": "P",
    "ShortName": "BIEN ETRE EDC 250ML",
    "IsNew": false
  },
  {
    "productId": "643233",
    "technicalArticleNumber": "4337916",
    "commercialArticleNumber": "23857",
    "name": "shampoo repair",
    "description": "*Shampoo\n*440ml\n*Repair:\ndroog en beschadigd\nhaar",
    "brand": "SYOSS",
    "seoBrand": "Syoss",
    "thumbNail": "https://static.colruytgroup.com/images/200x200/std.lang.all/47/49/asset-3424749.jpg",
    "fullImage": "https://static.colruytgroup.com/images/500x500/std.lang.all/47/49/asset-3424749.jpg",
    "squareImage": "https://static.colruytgroup.com/images/500x500sq/std.lang.all/47/49/asset-3424749.jpg",
    "content": "440ml",
    "walkRouteSequenceNumber": 15029,
    "price": {
      "basicPrice": 4.19,
      "recommendedQuantity": "1.0",
      "measurementUnitPrice": 9.53,
      "measurementUnit": "L",
      "isRedPrice": false,
      "pricePerUOM": 9.53,
      "activationDate": "26-02-2024",
      "recordSource": "Offline",
      "isPromoActive": "N",
      "priceChangeCode": "H"
    },
    "isAvailable": true,
    "isPriceAvailable": true,
    "inPromo": false,
    "gtin": [
      "35400141837750",
      "05412530901378",
      "05410091755157"
    ],
    "topCategoryName": "Lichaamsverzorging/Parfumerie",
    "topCategoryId": "591",
    "businessDomain": "RETAIL_BE",
    "IsPrivateLabel": false,
    "IsBiffe": false,
    "WeightconversionFactor": "0",
    "IsWeightArticle": false,
    "IsBio": false,
    "CountryOfOrigin": "DUITSLAND",
    "IsExclusivelySoldInLuxembourg": false,
    "OrderUnit": "P",
    "ShortName": "SYOS SHAMP.REPAIR 440ML",
    "IsNew": false,
    "RecentQuanityOfStockUnits": "2,1",
    "LongName": "SYOSS shampoo repair 440ml",
    "FicCode": "N"
  },
  {
    "productId": "825551",
    "technicalArticleNumber": "4662442",
    "commercialArticleNumber": "29886",
    "name": "Long Plus",
    "brand": "CAREFREE",
    "seoBrand": "Carefree",
    "thumbNail": "https://static.colruytgroup.com/images/200x200/std.lang.all/36/91/asset-2933691.jpg",
    "fullImage": "https://static.colruytgroup.com/images/500x500/std.lang.all/36/91/asset-2933691.jpg",
    "squareImage": "https://static.colruytgroup.com/images/500x500sq/std.lang.all/36/91/asset-2933691.jpg",
    "content": "40st",
    "walkRouteSequenceNumber": 14424,
    "price": {
      "basicPrice": 4.79,
      "recommendedQuantity": "1.0",
      "measurementUnitPrice": 0.12,
      "measurementUnit": "S",
      "isRedPrice": false,
      "pricePerUOM": 0.12,
      "activationDate": "07-02-2024",
      "recordSource": "Offline",
      "isPromoActive": "N",
      "priceChangeCode": "H"
    },
    "isAvailable": true,
    "isPriceAvailable": true,
    "inPromo": false,
    "gtin": [
      "65400141456815",
      "03574661661940",
      "03574661718552"
    ],
    "topCategoryName": "Lichaamsverzorging/Parfumerie",
    "topCategoryId": "591",
    "businessDomain": "RETAIL_BE",
    "IsPrivateLabel": false,
    "IsBiffe": false,
    "WeightconversionFactor": "0",
    "IsWeightArticle": false,
    "IsBio": false,
    "CountryOfOrigin": "ITALIË",
    "IsExclusivelySoldInLuxembourg": false,
    "OrderUnit": "P",
    "ShortName": "CARE LONG PLUS 40ST",
    "IsNew": false,
    "RecentQuanityOfStockUnits": "1,2",
    "LongName": "CAREFREE Long Plus 40st",
    "FicCode": "N"
  },
  {
    "productId": "848022",
    "technicalArticleNumber": "4694946",
    "commercialArticleNumber": "25799",
    "name": "lavendel tonka",
    "description": "*Natuurlijke handzeep\n*Lavendel met Tonka\n*PH neutraal\n*Vegan",
    "brand": "SEEPJE",
    "seoBrand": "Seepje",
    "thumbNail": "https://static.colruytgroup.com/images/200x200/std.lang.all/49/21/asset-3264921.jpg",
    "fullImage": "https://static.colruytgroup.com/images/500x500/std.lang.all/49/21/asset-3264921.jpg",
    "squareImage": "https://static.colruytgroup.com/images/500x500sq/std.lang.all/49/21/asset-3264921.jpg",
    "content": "300ml",
    "walkRouteSequenceNumber": 15077,
    "price": {
      "basicPrice": 3.99,
      "recommendedQuantity": "1.0",
      "measurementUnitPrice": 13.3,
      "measurementUnit": "L",
      "isRedPrice": false,
      "pricePerUOM": 13.3,
      "activationDate": "13-03-2024",
      "recordSource": "Offline",
      "isPromoActive": "N",
      "priceChangeCode": "H"
    },
    "isAvailable": true,
    "isPriceAvailable": true,
    "inPromo": false,
    "gtin": [
      "08720254038001",
      "08720254038032"
    ],
    "topCategoryName": "Lichaamsverzorging/Parfumerie",
    "topCategoryId": "591",
    "businessDomain": "RETAIL_BE",
    "IsPrivateLabel": false,
    "IsBiffe": false,
    "WeightconversionFactor": "0",
    "IsWeightArticle": false,
    "IsBio": false,
    "CountryOfOrigin": "NEDERLAND",
    "IsExclusivelySoldInLuxembourg": false,
    "OrderUnit": "P",
    "ShortName": "SEEP HZ LAVEND-TONKA300",
    "IsNew": false,
    "RecentQuanityOfStockUnits": "1",
    "LongName": "SEEPJE lavendel tonka 300ml",
    "FicCode": "N"
  },
  {
    "productId": "582759",
    "technicalArticleNumber": "4236700",
    "commercialArticleNumber": "18746",
    "name": "shampoo 2in1 care",
    "description": "*Shampoo\n*400ml\n*Care",
    "brand": "NIVEA",
    "seoBrand": "Nivea",
    "thumbNail": "https://ecgproductmw.colruytgroup.com/ecgproductmw/noPicForArticle_2.jpg",
    "fullImage": "https://ecgproductmw.colruytgroup.com/ecgproductmw/noPicForArticle_5.jpg",
    "squareImage": "https://ecgproductmw.colruytgroup.com/ecgproductmw/noPicForArticle_5.jpg",
    "content": "400ml",
    "walkRouteSequenceNumber": 15017,
    "price": {
      "basicPrice": 5.39,
      "recommendedQuantity": "1.0",
      "measurementUnitPrice": 13.48,
      "measurementUnit": "L",
      "isRedPrice": false,
      "pricePerUOM": 13.48,
      "activationDate": "14-03-2024",
      "recordSource": "Offline",
      "isPromoActive": "N",
      "priceChangeCode": "E"
    },
    "isAvailable": true,
    "isPriceAvailable": true,
    "inPromo": false,
    "gtin": [
      "04005900910080",
      "04005900910066",
      "09005800223261",
      "09005801116142",
      "35400141312653",
      "04005900910073"
    ],
    "topCategoryName": "Lichaamsverzorging/Parfumerie",
    "topCategoryId": "591",
    "businessDomain": "RETAIL_BE",
    "IsPrivateLabel": false,
    "IsBiffe": false,
    "WeightconversionFactor": "0",
    "IsWeightArticle": false,
    "IsBio": false,
    "CountryOfOrigin": "DUITSLAND",
    "IsExclusivelySoldInLuxembourg": false,
    "OrderUnit": "P",
    "ShortName": "NIVE.SH 2IN1 CARE 400",
    "IsNew": false,
    "RecentQuanityOfStockUnits": "1,2,6",
    "LongName": "NIVEA shampoo 2in1 care 400ml",
    "FicCode": "N"
  },
  {
    "productId": "870895",
    "technicalArticleNumber": "4724592",
    "commercialArticleNumber": "3535",
    "name": "Wasgel Relaxerend Lavendel",
    "brand": "DETTOL",
    "seoBrand": "Dettol",
    "thumbNail": "https://static.colruytgroup.com/images/200x200/std.lang.all/29/43/asset-3212943.jpg",
    "fullImage": "https://static.colruytgroup.com/images/500x500/std.lang.all/29/43/asset-3212943.jpg",
    "squareImage": "https://static.colruytgroup.com/images/500x500sq/std.lang.all/29/43/asset-3212943.jpg",
    "content": "500ml",
    "walkRouteSequenceNumber": 15072,
    "price": {
      "basicPrice": 4.99,
      "recommendedQuantity": "1.0",
      "measurementUnitPrice": 9.98,
      "measurementUnit": "L",
      "isRedPrice": false,
      "pricePerUOM": 9.98,
      "activationDate": "12-03-2024",
      "recordSource": "Offline",
      "isPromoActive": "N",
      "priceChangeCode": "E"
    },
    "isAvailable": true,
    "isPriceAvailable": true,
    "inPromo": false,
    "gtin": [
      "05410036311219",
      "15410036219307"
    ],
    "topCategoryName": "Lichaamsverzorging/Parfumerie",
    "topCategoryId": "591",
    "businessDomain": "RETAIL_BE",
    "IsPrivateLabel": false,
    "IsBiffe": false,
    "WeightconversionFactor": "0",
    "IsWeightArticle": false,
    "IsBio": false,
    "CountryOfOrigin": "BELGIË",
    "IsExclusivelySoldInLuxembourg": false,
    "OrderUnit": "P",
    "ShortName": "DETT.NAV.REL LAVEN 500",
    "IsNew": false,
    "RecentQuanityOfStockUnits": "1",
    "LongName": "DETTOL Wasgel Relaxerend Lavendel 500ml",
    "AlcoholVolume": "0",
    "FicCode": "N"
  },
  {
    "productId": "874300",
    "technicalArticleNumber": "4729303",
    "commercialArticleNumber": "32105",
    "name": "shampoo extraord.oil",
    "description": "*Shampoo\n*300ml\n*Parfums:\n-Extra ordinary oil",
    "brand": "ELSEVE",
    "seoBrand": "L'Oréal Paris Elseve",
    "thumbNail": "https://static.colruytgroup.com/images/200x200/std.lang.all/10/24/asset-3361024.jpg",
    "fullImage": "https://static.colruytgroup.com/images/500x500/std.lang.all/10/24/asset-3361024.jpg",
    "squareImage": "https://static.colruytgroup.com/images/500x500sq/std.lang.all/10/24/asset-3361024.jpg",
    "content": "300ml",
    "walkRouteSequenceNumber": 15116,
    "price": {
      "basicPrice": 3.92,
      "recommendedQuantity": "1.0",
      "measurementUnitPrice": 13.07,
      "measurementUnit": "L",
      "isRedPrice": false,
      "pricePerUOM": 13.07,
      "activationDate": "23-03-2024",
      "recordSource": "Folder",
      "isPromoActive": "N",
      "priceChangeCode": "E"
    },
    "isAvailable": true,
    "isPriceAvailable": true,
    "inPromo": true,
    "promotion": [
      {
        "techPromoId": "100894COLR",
        "promotionId": "100894",
        "promotionType": "4",
        "isPersonalized": "N",
        "publicationStartDate": "13-03-2024",
        "publicationEndDate": "26-03-2024"
      }
    ],
    "gtin": [
      "05410103175119",
      "03600524091569"
    ],
    "topCategoryName": "Lichaamsverzorging/Parfumerie",
    "topCategoryId": "591",
    "businessDomain": "RETAIL_BE",
    "IsPrivateLabel": false,
    "IsBiffe": false,
    "WeightconversionFactor": "0",
    "IsWeightArticle": false,
    "IsBio": false,
    "CountryOfOrigin": "FRANKRIJK",
    "IsExclusivelySoldInLuxembourg": false,
    "OrderUnit": "P",
    "ShortName": "ELSE SH.EXTRAORD.OIL300",
    "IsNew": false,
    "RecentQuanityOfStockUnits": "1,2",
    "LongName": "ELSEVE shampoo extraord.oil 300ml",
    "AlcoholVolume": "0",
    "FicCode": "N"
  },
  {
    "productId": "700250",
    "technicalArticleNumber": "4432443",
    "commercialArticleNumber": "14410",
    "name": "allergy comfort box",
    "brand": "KLEENEX",
    "seoBrand": "Kleenex",
    "thumbNail": "https://ecgproductmw.colruytgroup.com/ecgproductmw/noPicForArticle_2.jpg",
    "fullImage": "https://ecgproductmw.colruytgroup.com/ecgproductmw/noPicForArticle_5.jpg",
    "squareImage": "https://ecgproductmw.colruytgroup.com/ecgproductmw/noPicForArticle_5.jpg",
    "content": "56st",
    "walkRouteSequenceNumber": 3943,
    "price": {
      "basicPrice": 2.49,
      "recommendedQuantity": "2.0",
      "measurementUnitPrice": 0.045,
      "measurementUnit": "S",
      "isRedPrice": false,
      "pricePerUOM": 0.045,
      "activationDate": "22-03-2024",
      "recordSource": "Offline",
      "isPromoActive": "N",
      "priceChangeCode": "H"
    },
    "isAvailable": true,
    "isPriceAvailable": true,
    "inPromo": false,
    "gtin": [
      "05029053573717",
      "05029054229019",
      "05029053573939",
      "05029054228777",
      "05029053573724"
    ],
    "topCategoryName": "Lichaamsverzorging/Parfumerie",
    "topCategoryId": "591",
    "businessDomain": "RETAIL_BE",
    "IsPrivateLabel": false,
    "IsBiffe": false,
    "WeightconversionFactor": "0",
    "IsWeightArticle": false,
    "IsBio": false,
    "CountryOfOrigin": "VERENIGD KONINKRIJK",
    "IsExclusivelySoldInLuxembourg": false,
    "OrderUnit": "P",
    "ShortName": "KLEE ALLERGY COM.BOX56",
    "IsNew": false,
    "RecentQuanityOfStockUnits": "2,1,12",
    "LongName": "KLEENEX allergy comfort box 56st",
    "FicCode": "N"
  },
  {
    "productId": "864433",
    "technicalArticleNumber": "4716241",
    "commercialArticleNumber": "32006",
    "name": "douchecrème dermo surgras",
    "description": "*Douchecrème\n*Hydraterend\n*Droge huid",
    "brand": "SANEX",
    "seoBrand": "Sanex",
    "thumbNail": "https://static.colruytgroup.com/images/200x200/std.lang.all/57/70/asset-3195770.jpg",
    "fullImage": "https://static.colruytgroup.com/images/500x500/std.lang.all/57/70/asset-3195770.jpg",
    "squareImage": "https://static.colruytgroup.com/images/500x500sq/std.lang.all/57/70/asset-3195770.jpg",
    "content": "400ml",
    "walkRouteSequenceNumber": 14694,
    "price": {
      "basicPrice": 4.37,
      "recommendedQuantity": "1.0",
      "measurementUnitPrice": 10.93,
      "measurementUnit": "L",
      "isRedPrice": false,
      "pricePerUOM": 10.93,
      "activationDate": "23-01-2024",
      "isPromoActive": "N",
      "priceChangeCode": "L"
    },
    "isAvailable": true,
    "isPriceAvailable": true,
    "inPromo": false,
    "gtin": [
      "08718951589544",
      "08718951589513",
      "08718951589537"
    ],
    "topCategoryName": "Lichaamsverzorging/Parfumerie",
    "topCategoryId": "591",
    "businessDomain": "RETAIL_BE",
    "IsPrivateLabel": false,
    "IsBiffe": false,
    "WeightconversionFactor": "0",
    "IsWeightArticle": false,
    "IsBio": false,
    "CountryOfOrigin": "ITALIË",
    "IsExclusivelySoldInLuxembourg": false,
    "OrderUnit": "P",
    "ShortName": "SANE DCH DERMO SURGR400",
    "IsNew": false,
    "RecentQuanityOfStockUnits": "1,2",
    "LongName": "SANEX douchecrème dermo surgras 400ml",
    "FicCode": "N"
  },
  {
    "productId": "5533",
    "technicalArticleNumber": "346099",
    "commercialArticleNumber": "346099",
    "name": "gehoorbescherming",
    "brand": "QUIES",
    "seoBrand": "Quies",
    "thumbNail": "https://static.colruytgroup.com/images/200x200/std.lang.all/06/14/asset-2720614.jpg",
    "fullImage": "https://static.colruytgroup.com/images/500x500/std.lang.all/06/14/asset-2720614.jpg",
    "squareImage": "https://static.colruytgroup.com/images/500x500sq/std.lang.all/06/14/asset-2720614.jpg",
    "content": "12p",
    "walkRouteSequenceNumber": 14019,
    "price": {
      "basicPrice": 8.69,
      "recommendedQuantity": "1.0",
      "measurementUnitPrice": 0.311,
      "measurementUnit": "S",
      "isRedPrice": false,
      "pricePerUOM": 0.311,
      "activationDate": "08-03-2024",
      "recordSource": "Offline",
      "isPromoActive": "N",
      "priceChangeCode": "H"
    },
    "isAvailable": true,
    "isPriceAvailable": true,
    "inPromo": false,
    "gtin": [
      "03435171103125",
      "03435174100244",
      "03435174101265",
      "03435174112247",
      "03435171103002",
      "03435171106126",
      "03435171106263",
      "03435171100247",
      "03435171100261",
      "03221160021880"
    ],
    "topCategoryName": "Lichaamsverzorging/Parfumerie",
    "topCategoryId": "591",
    "businessDomain": "NON_FOOD",
    "IsPrivateLabel": false,
    "IsBiffe": false,
    "IsWeightArticle": false,
    "RecentQuanityOfStockUnits": "1",
    "LongName": "QUIES gehoorbescherming 12p",
    "IsBio": false,
    "CountryOfOrigin": "FRANKRIJK",
    "FicCode": "N",
    "OrderUnit": "P",
    "ShortName": "QUIES 24 OORDOPJES WAS",
    "IsNew": false
  },
  {
    "productId": "616358",
    "technicalArticleNumber": "4292418",
    "commercialArticleNumber": "346246",
    "name": "Repair & Care bodylotion",
    "description": "*Bodylotion\n*400ml\n*Extra droge huid",
    "brand": "NIVEA",
    "seoBrand": "Nivea",
    "thumbNail": "https://static.colruytgroup.com/images/200x200/std.lang.all/87/00/asset-2268700.jpg",
    "fullImage": "https://static.colruytgroup.com/images/500x500/std.lang.all/87/00/asset-2268700.jpg",
    "squareImage": "https://static.colruytgroup.com/images/500x500sq/std.lang.all/87/00/asset-2268700.jpg",
    "content": "400ml",
    "walkRouteSequenceNumber": 15581,
    "price": {
      "basicPrice": 7.04,
      "recommendedQuantity": "1.0",
      "measurementUnitPrice": 17.6,
      "measurementUnit": "L",
      "isRedPrice": false,
      "pricePerUOM": 17.6,
      "activationDate": "23-03-2024",
      "recordSource": "Folder",
      "isPromoActive": "N",
      "priceChangeCode": "E"
    },
    "isAvailable": true,
    "isPriceAvailable": true,
    "inPromo": false,
    "gtin": [
      "04005900759559",
      "04005900759566",
      "04005900759542"
    ],
    "topCategoryName": "Lichaamsverzorging/Parfumerie",
    "topCategoryId": "591",
    "businessDomain": "NON_FOOD",
    "IsPrivateLabel": false,
    "IsBiffe": false,
    "IsWeightArticle": false,
    "RecentQuanityOfStockUnits": "1,6",
    "LongName": "NIVEA Repair & Care bodylotion 400ml",
    "IsBio": false,
    "CountryOfOrigin": "SPANJE",
    "FicCode": "N",
    "OrderUnit": "P",
    "ShortName": "NIV.BODY LOT.REPAIR 400",
    "IsNew": false
  },
  {
    "productId": "788932",
    "technicalArticleNumber": "4593141",
    "commercialArticleNumber": "29252",
    "name": "TP Advanced tandvlees",
    "description": "*Complete\nbescherming\n*Beschermt tandvlees\n*Antibacterieel",
    "brand": "COLGATE TOTAL",
    "seoBrand": "Colgate",
    "thumbNail": "https://static.colruytgroup.com/images/200x200/nl_be/42/86/asset-2824286.jpg",
    "fullImage": "https://static.colruytgroup.com/images/500x500/nl_be/42/86/asset-2824286.jpg",
    "squareImage": "https://static.colruytgroup.com/images/500x500sq/nl_be/42/86/asset-2824286.jpg",
    "content": "75ml",
    "walkRouteSequenceNumber": 14371,
    "price": {
      "basicPrice": 3.99,
      "recommendedQuantity": "1.0",
      "measurementUnitPrice": 53.2,
      "measurementUnit": "L",
      "isRedPrice": false,
      "pricePerUOM": 53.2,
      "activationDate": "28-02-2024",
      "recordSource": "Offline",
      "isPromoActive": "N",
      "priceChangeCode": "E"
    },
    "isAvailable": true,
    "isPriceAvailable": true,
    "inPromo": false,
    "gtin": [
      "08718951491649",
      "08718951471634",
      "08718951491632"
    ],
    "topCategoryName": "Lichaamsverzorging/Parfumerie",
    "topCategoryId": "591",
    "businessDomain": "RETAIL_BE",
    "IsPrivateLabel": false,
    "IsBiffe": false,
    "WeightconversionFactor": "0",
    "IsWeightArticle": false,
    "IsBio": false,
    "CountryOfOrigin": "POLEN",
    "IsExclusivelySoldInLuxembourg": false,
    "OrderUnit": "P",
    "ShortName": "COLG TOTAL ADV.GUM 75",
    "IsNew": false,
    "RecentQuanityOfStockUnits": "1,2",
    "LongName": "COLGATE TOTAL TP Advanced tandvlees 75ml",
    "FicCode": "N"
  },
  {
    "productId": "17701",
    "technicalArticleNumber": "1561645",
    "commercialArticleNumber": "654486",
    "name": "hydraterende doekjes",
    "description": "*Reinigingsdoekjes\n*Gevoelig-droge huid",
    "brand": "DIADERMINE",
    "seoBrand": "Diadermine",
    "thumbNail": "https://static.colruytgroup.com/images/200x200/std.lang.all/24/48/asset-2072448.jpg",
    "fullImage": "https://static.colruytgroup.com/images/500x500/std.lang.all/24/48/asset-2072448.jpg",
    "squareImage": "https://static.colruytgroup.com/images/500x500sq/std.lang.all/24/48/asset-2072448.jpg",
    "content": "25st",
    "walkRouteSequenceNumber": 15715,
    "price": {
      "basicPrice": 3.35,
      "recommendedQuantity": "1.0",
      "measurementUnitPrice": 0.134,
      "measurementUnit": "S",
      "isRedPrice": false,
      "pricePerUOM": 0.134,
      "activationDate": "02-03-2024",
      "recordSource": "Offline",
      "isPromoActive": "N",
      "priceChangeCode": "H"
    },
    "isAvailable": true,
    "isPriceAvailable": true,
    "inPromo": false,
    "gtin": [
      "03178048345685",
      "04015000503136",
      "05410091654528",
      "05410091680459",
      "05410091728823",
      "05412530850386",
      "05412530887085",
      "08718900014493",
      "15412530623802",
      "05412530763549",
      "08410436208864"
    ],
    "topCategoryName": "Lichaamsverzorging/Parfumerie",
    "topCategoryId": "591",
    "businessDomain": "NON_FOOD",
    "IsPrivateLabel": false,
    "IsBiffe": false,
    "IsWeightArticle": false,
    "RecentQuanityOfStockUnits": "1",
    "LongName": "DIADERMINE hydraterende doekjes 25st",
    "IsBio": false,
    "CountryOfOrigin": "BELGIË",
    "FicCode": "N",
    "OrderUnit": "P",
    "ShortName": "DIAD.NUTRITION DOEKJES",
    "IsNew": false
  },
  {
    "productId": "825586",
    "technicalArticleNumber": "4662482",
    "commercialArticleNumber": "29892",
    "name": "conditioner argan/ging",
    "description": "*Conditioner\n*Assorti:\n-Rijke argan\n-Amandelmelk",
    "brand": "ULTRA DOUX",
    "seoBrand": "Ultra Doux",
    "thumbNail": "https://static.colruytgroup.com/images/200x200/std.lang.all/07/41/asset-2960741.jpg",
    "fullImage": "https://static.colruytgroup.com/images/500x500/std.lang.all/07/41/asset-2960741.jpg",
    "squareImage": "https://static.colruytgroup.com/images/500x500sq/std.lang.all/07/41/asset-2960741.jpg",
    "content": "200ml",
    "walkRouteSequenceNumber": 15340,
    "price": {
      "basicPrice": 3.59,
      "recommendedQuantity": "1.0",
      "quantityPrice": 2.33,
      "quantityPriceQuantity": "3.0",
      "measurementUnitPrice": 17.95,
      "measurementUnitQuantityPrice": 11.65,
      "measurementUnit": "L",
      "isRedPrice": false,
      "pricePerUOM": 17.95,
      "activationDate": "19-03-2024",
      "recordSource": "Offline",
      "isPromoActive": "N",
      "priceChangeCode": "E",
      "quantityPricePerUOM": 11.65,
      "quantityActivationDate": "19-03-2024",
      "quantityPriceChangeCode": "H"
    },
    "isAvailable": true,
    "isPriceAvailable": true,
    "inPromo": false,
    "gtin": [
      "05410103135649",
      "03600542462600",
      "03600542463287",
      "05410103135601"
    ],
    "topCategoryName": "Lichaamsverzorging/Parfumerie",
    "topCategoryId": "591",
    "businessDomain": "RETAIL_BE",
    "IsPrivateLabel": false,
    "IsBiffe": false,
    "WeightconversionFactor": "0",
    "IsWeightArticle": false,
    "IsBio": false,
    "CountryOfOrigin": "POLEN",
    "IsExclusivelySoldInLuxembourg": false,
    "OrderUnit": "P",
    "ShortName": "ULTD CD ARGAN/GING200",
    "IsNew": false,
    "RecentQuanityOfStockUnits": "2,2,1,1",
    "LongName": "ULTRA DOUX conditioner argan/ging 200ml",
    "FicCode": "N"
  },
  {
    "productId": "174154",
    "technicalArticleNumber": "3336466",
    "commercialArticleNumber": "346088",
    "name": "pleisters waterafst.",
    "description": "*Pleister\n*Waterafstotend",
    "brand": "BONI",
    "seoBrand": "Boni Selection",
    "thumbNail": "https://static.colruytgroup.com/images/200x200/std.lang.all/65/16/asset-1156516.jpg",
    "fullImage": "https://static.colruytgroup.com/images/500x500/std.lang.all/65/16/asset-1156516.jpg",
    "squareImage": "https://static.colruytgroup.com/images/500x500sq/std.lang.all/65/16/asset-1156516.jpg",
    "content": "40st",
    "walkRouteSequenceNumber": 13927,
    "price": {
      "basicPrice": 0.85,
      "recommendedQuantity": "1.0",
      "measurementUnitPrice": 0.022,
      "measurementUnit": "S",
      "isRedPrice": false,
      "pricePerUOM": 0.022,
      "activationDate": "03-01-2024",
      "recordSource": "Offline",
      "isPromoActive": "N",
      "priceChangeCode": "L"
    },
    "isAvailable": true,
    "isPriceAvailable": true,
    "inPromo": false,
    "gtin": [
      "15400141848837",
      "05400141339796"
    ],
    "topCategoryName": "Lichaamsverzorging/Parfumerie",
    "topCategoryId": "591",
    "businessDomain": "NON_FOOD",
    "IsPrivateLabel": true,
    "IsBiffe": false,
    "IsWeightArticle": false,
    "RecentQuanityOfStockUnits": "1",
    "LongName": "BONI pleisters waterafst. 40st",
    "IsBio": false,
    "CountryOfOrigin": "FILIPIJNEN",
    "FicCode": "N",
    "OrderUnit": "P",
    "ShortName": "BONI WATERAF.PL.40ST",
    "IsNew": false
  },
  {
    "productId": "51184",
    "technicalArticleNumber": "2170298",
    "commercialArticleNumber": "720965",
    "name": "alcohol 70° lavendel",
    "description": "*Met 70° alcohol,\nlavendelparfum",
    "brand": "MERCUROCHROME",
    "seoBrand": "Mercurochrome",
    "thumbNail": "https://static.colruytgroup.com/images/200x200/std.lang.all/66/99/asset-1236699.jpg",
    "fullImage": "https://static.colruytgroup.com/images/500x500/std.lang.all/66/99/asset-1236699.jpg",
    "squareImage": "https://static.colruytgroup.com/images/500x500sq/std.lang.all/66/99/asset-1236699.jpg",
    "content": "100ml",
    "walkRouteSequenceNumber": 14003,
    "price": {
      "basicPrice": 2.89,
      "recommendedQuantity": "1.0",
      "measurementUnitPrice": 28.9,
      "measurementUnit": "L",
      "isRedPrice": false,
      "pricePerUOM": 28.9,
      "activationDate": "21-03-2024",
      "recordSource": "Online",
      "isPromoActive": "N",
      "priceChangeCode": "L"
    },
    "isAvailable": true,
    "isPriceAvailable": true,
    "inPromo": false,
    "gtin": [
      "03160921503404",
      "23160921503408"
    ],
    "topCategoryName": "Lichaamsverzorging/Parfumerie",
    "topCategoryId": "591",
    "businessDomain": "NON_FOOD",
    "IsPrivateLabel": false,
    "IsBiffe": false,
    "IsWeightArticle": false,
    "RecentQuanityOfStockUnits": "1",
    "LongName": "MERCUROCHROME alcohol 70° lavendel 100ml",
    "IsBio": false,
    "CountryOfOrigin": "BELGIË",
    "FicCode": "N",
    "OrderUnit": "P",
    "ShortName": "MERCU.ALCOH.70°LAVENDEL",
    "IsNew": false
  },
  {
    "productId": "720406",
    "technicalArticleNumber": "4470358",
    "commercialArticleNumber": "26998",
    "name": "douchegel sport recharge",
    "description": "*Man douchegel\n*Aantrekkelijke geur\n*Nieuwe formula\n*12u lang fris\n*Muntgeur",
    "brand": "AXE",
    "seoBrand": "Axe",
    "thumbNail": "https://static.colruytgroup.com/images/200x200/std.lang.all/11/04/asset-2491104.jpg",
    "fullImage": "https://static.colruytgroup.com/images/500x500/std.lang.all/11/04/asset-2491104.jpg",
    "squareImage": "https://static.colruytgroup.com/images/500x500sq/std.lang.all/11/04/asset-2491104.jpg",
    "content": "400ml",
    "walkRouteSequenceNumber": 14453,
    "price": {
      "basicPrice": 4.6,
      "recommendedQuantity": "1.0",
      "measurementUnitPrice": 11.5,
      "measurementUnit": "L",
      "isRedPrice": false,
      "pricePerUOM": 11.5,
      "activationDate": "20-03-2024",
      "recordSource": "Folder",
      "isPromoActive": "N",
      "priceChangeCode": "H"
    },
    "isAvailable": true,
    "isPriceAvailable": true,
    "inPromo": true,
    "promotion": [
      {
        "techPromoId": "100896COLR",
        "promotionId": "100896",
        "promotionType": "4",
        "isPersonalized": "N",
        "publicationStartDate": "13-03-2024",
        "publicationEndDate": "26-03-2024"
      }
    ],
    "gtin": [
      "08720181124020",
      "08720181123955",
      "08720181124167",
      "65400141905788"
    ],
    "topCategoryName": "Lichaamsverzorging/Parfumerie",
    "topCategoryId": "591",
    "businessDomain": "RETAIL_BE",
    "IsPrivateLabel": false,
    "IsBiffe": false,
    "WeightconversionFactor": "0",
    "IsWeightArticle": false,
    "IsBio": false,
    "CountryOfOrigin": "DUITSLAND",
    "IsExclusivelySoldInLuxembourg": false,
    "OrderUnit": "P",
    "ShortName": "AXE DCH SPORT RECH.400",
    "IsNew": false,
    "RecentQuanityOfStockUnits": "2,1",
    "LongName": "AXE douchegel sport recharge 400ml",
    "FicCode": "N"
  },
  {
    "productId": "896499",
    "technicalArticleNumber": "4756212",
    "commercialArticleNumber": "12003",
    "name": "tandenborstel Pulsar",
    "brand": "ORAL-B",
    "seoBrand": "Oral-B Pro-Expert",
    "thumbNail": "https://static.colruytgroup.com/images/200x200/std.lang.all/42/94/asset-3334294.jpg",
    "fullImage": "https://static.colruytgroup.com/images/500x500/std.lang.all/42/94/asset-3334294.jpg",
    "squareImage": "https://static.colruytgroup.com/images/500x500sq/std.lang.all/42/94/asset-3334294.jpg",
    "walkRouteSequenceNumber": 14204,
    "price": {
      "basicPrice": 6.59,
      "recommendedQuantity": "1.0",
      "quantityPrice": 4.66,
      "quantityPriceQuantity": "3.0",
      "measurementUnitPrice": 6.59,
      "measurementUnitQuantityPrice": 4.66,
      "measurementUnit": "S",
      "isRedPrice": false,
      "pricePerUOM": 6.59,
      "activationDate": "23-03-2024",
      "recordSource": "Offline",
      "isPromoActive": "N",
      "priceChangeCode": "E",
      "quantityPricePerUOM": 4.66,
      "quantityActivationDate": "23-03-2024",
      "quantityPriceChangeCode": "E"
    },
    "isAvailable": true,
    "isPriceAvailable": true,
    "inPromo": false,
    "gtin": [
      "35400141617314",
      "08700216108966",
      "08700216108973"
    ],
    "topCategoryName": "Lichaamsverzorging/Parfumerie",
    "topCategoryId": "591",
    "businessDomain": "RETAIL_BE",
    "IsPrivateLabel": false,
    "IsBiffe": false,
    "WeightconversionFactor": "0",
    "IsWeightArticle": false,
    "IsBio": false,
    "CountryOfOrigin": "VERENIGD KONINKRIJK",
    "IsExclusivelySoldInLuxembourg": false,
    "OrderUnit": "P",
    "ShortName": "ORAL TB PRO-EXP PULS 1S",
    "IsNew": false,
    "RecentQuanityOfStockUnits": "2,1",
    "LongName": "ORAL-B tandenborstel Pulsar",
    "FicCode": "N"
  },
  {
    "productId": "1806",
    "technicalArticleNumber": "23417",
    "commercialArticleNumber": "23417",
    "name": "scheermes",
    "description": "*Navulling voor alle\nklassieke\nscheerapparaten\n*10 stuks",
    "brand": "BONI",
    "seoBrand": "Boni Selection",
    "thumbNail": "https://static.colruytgroup.com/images/200x200/std.lang.all/16/16/asset-1281616.jpg",
    "fullImage": "https://static.colruytgroup.com/images/500x500/std.lang.all/16/16/asset-1281616.jpg",
    "squareImage": "https://static.colruytgroup.com/images/500x500sq/std.lang.all/16/16/asset-1281616.jpg",
    "content": "10st",
    "walkRouteSequenceNumber": 18206,
    "price": {
      "basicPrice": 1.65,
      "recommendedQuantity": "1.0",
      "quantityPrice": 1.1,
      "quantityPriceQuantity": "3.0",
      "measurementUnitPrice": 0.165,
      "measurementUnitQuantityPrice": 0.11,
      "measurementUnit": "S",
      "isRedPrice": false,
      "pricePerUOM": 0.165,
      "activationDate": "20-03-2024",
      "recordSource": "Offline",
      "isPromoActive": "N",
      "priceChangeCode": "E",
      "quantityPricePerUOM": 0.11,
      "quantityActivationDate": "20-03-2024",
      "quantityPriceChangeCode": "L"
    },
    "isAvailable": true,
    "isPriceAvailable": true,
    "inPromo": false,
    "gtin": [
      "05400141234176",
      "05400141352122",
      "05400141412345",
      "15400141352129"
    ],
    "topCategoryName": "Lichaamsverzorging/Parfumerie",
    "topCategoryId": "591",
    "businessDomain": "RETAIL_BE",
    "IsPrivateLabel": true,
    "IsBiffe": false,
    "WeightconversionFactor": "0",
    "IsWeightArticle": false,
    "IsBio": false,
    "CountryOfOrigin": "VERENIGD KONINKRIJK",
    "IsExclusivelySoldInLuxembourg": false,
    "OrderUnit": "P",
    "ShortName": "BONI SCHEERMESJES 10MES",
    "IsNew": false,
    "RecentQuanityOfStockUnits": "1",
    "LongName": "BONI scheermes 10st",
    "AlcoholVolume": "0",
    "FicCode": "N"
  },
  {
    "productId": "107186",
    "technicalArticleNumber": "3097102",
    "commercialArticleNumber": "282415",
    "name": "Sensitive reinigingsmelk",
    "description": "*Reinigingsmelk\n*200 ml\n*Gevoelige huid",
    "brand": "NIVEA",
    "seoBrand": "Nivea",
    "thumbNail": "https://static.colruytgroup.com/images/200x200/std.lang.all/39/65/asset-3453965.jpg",
    "fullImage": "https://static.colruytgroup.com/images/500x500/std.lang.all/39/65/asset-3453965.jpg",
    "squareImage": "https://static.colruytgroup.com/images/500x500sq/std.lang.all/39/65/asset-3453965.jpg",
    "content": "200ml",
    "walkRouteSequenceNumber": 15635,
    "price": {
      "basicPrice": 5.99,
      "recommendedQuantity": "1.0",
      "measurementUnitPrice": 29.95,
      "measurementUnit": "L",
      "isRedPrice": false,
      "pricePerUOM": 29.95,
      "activationDate": "12-07-2023",
      "isPromoActive": "N",
      "priceChangeCode": "E"
    },
    "isAvailable": true,
    "isPriceAvailable": true,
    "inPromo": false,
    "gtin": [
      "04005805138893",
      "04005808921317",
      "04005900666284",
      "04005900666291",
      "04005900666277",
      "04005900050304",
      "04005808921324",
      "04005805138886",
      "04005808924431"
    ],
    "topCategoryName": "Lichaamsverzorging/Parfumerie",
    "topCategoryId": "591",
    "businessDomain": "NON_FOOD",
    "IsPrivateLabel": false,
    "IsBiffe": false,
    "IsWeightArticle": false,
    "RecentQuanityOfStockUnits": "1,1",
    "LongName": "NIVEA Sensitive reinigingsmelk 200ml",
    "IsBio": false,
    "CountryOfOrigin": "BELGIË",
    "FicCode": "N",
    "OrderUnit": "P",
    "ShortName": "NIV.VIS.ES.S.REIG.MELK",
    "IsNew": false
  },
  {
    "productId": "825930",
    "technicalArticleNumber": "4663155",
    "commercialArticleNumber": "29937",
    "name": "shampoo glad&zijdezacht",
    "description": "*Shampoo 360 ml\n*Glad & Zijdezacht\n*Voor pluizig en\ndof haar",
    "brand": "PANTENE",
    "seoBrand": "Pantene",
    "thumbNail": "https://static.colruytgroup.com/images/200x200/std.lang.all/93/74/asset-2999374.jpg",
    "fullImage": "https://static.colruytgroup.com/images/500x500/std.lang.all/93/74/asset-2999374.jpg",
    "squareImage": "https://static.colruytgroup.com/images/500x500sq/std.lang.all/93/74/asset-2999374.jpg",
    "content": "360ml",
    "walkRouteSequenceNumber": 14795,
    "price": {
      "basicPrice": 5.42,
      "recommendedQuantity": "1.0",
      "quantityPrice": 3.79,
      "quantityPriceQuantity": "2.0",
      "measurementUnitPrice": 15.06,
      "measurementUnitQuantityPrice": 10.53,
      "measurementUnit": "L",
      "isRedPrice": false,
      "pricePerUOM": 15.06,
      "activationDate": "23-03-2024",
      "recordSource": "Offline",
      "isPromoActive": "N",
      "priceChangeCode": "E",
      "quantityPricePerUOM": 10.53,
      "quantityActivationDate": "23-03-2024",
      "quantityPriceChangeCode": "E"
    },
    "isAvailable": true,
    "isPriceAvailable": true,
    "inPromo": false,
    "gtin": [
      "08006540597460",
      "08006540597453",
      "55400141432799"
    ],
    "topCategoryName": "Lichaamsverzorging/Parfumerie",
    "topCategoryId": "591",
    "businessDomain": "RETAIL_BE",
    "IsPrivateLabel": false,
    "IsBiffe": false,
    "WeightconversionFactor": "0",
    "IsWeightArticle": false,
    "IsBio": false,
    "CountryOfOrigin": "FRANKRIJK",
    "IsExclusivelySoldInLuxembourg": false,
    "OrderUnit": "P",
    "ShortName": "PANT.SH.ZACHT&GLAD360",
    "IsNew": false,
    "RecentQuanityOfStockUnits": "1,2",
    "LongName": "PANTENE shampoo glad&zijdezacht 360ml",
    "FicCode": "N"
  },
  {
    "productId": "689946",
    "technicalArticleNumber": "4415834",
    "commercialArticleNumber": "16158",
    "name": "doucheg.sport endur.",
    "description": "*Douchegel\n*Zachte huid\n*Voedende verzorging\n*Gehydrateerde huid\n*Ultrafrisse geur",
    "brand": "DOVE MEN+CARE",
    "seoBrand": "Dove",
    "thumbNail": "https://static.colruytgroup.com/images/200x200/std.lang.all/79/60/asset-2417960.jpg",
    "fullImage": "https://static.colruytgroup.com/images/500x500/std.lang.all/79/60/asset-2417960.jpg",
    "squareImage": "https://static.colruytgroup.com/images/500x500sq/std.lang.all/79/60/asset-2417960.jpg",
    "content": "400ml",
    "walkRouteSequenceNumber": 14428,
    "price": {
      "basicPrice": 3.82,
      "recommendedQuantity": "1.0",
      "measurementUnitPrice": 9.55,
      "measurementUnit": "L",
      "isRedPrice": false,
      "pricePerUOM": 9.55,
      "activationDate": "20-03-2024",
      "recordSource": "Folder",
      "isPromoActive": "N",
      "priceChangeCode": "L"
    },
    "isAvailable": true,
    "isPriceAvailable": true,
    "inPromo": true,
    "promotion": [
      {
        "techPromoId": "100897COLR",
        "promotionId": "100897",
        "promotionType": "4",
        "isPersonalized": "N",
        "publicationStartDate": "13-03-2024",
        "publicationEndDate": "26-03-2024"
      }
    ],
    "gtin": [
      "35400141431552",
      "08720181049705",
      "08720181049552",
      "08720181049712"
    ],
    "topCategoryName": "Lichaamsverzorging/Parfumerie",
    "topCategoryId": "591",
    "businessDomain": "RETAIL_BE",
    "IsPrivateLabel": false,
    "IsBiffe": false,
    "WeightconversionFactor": "0",
    "IsWeightArticle": false,
    "IsBio": false,
    "CountryOfOrigin": "DUITSLAND",
    "IsExclusivelySoldInLuxembourg": false,
    "OrderUnit": "P",
    "ShortName": "DOVE MEN DCH SP.END.400",
    "IsNew": false,
    "RecentQuanityOfStockUnits": "1,2",
    "LongName": "DOVE MEN+CARE doucheg.sport endur. 400ml",
    "FicCode": "N"
  },
  {
    "productId": "625689",
    "technicalArticleNumber": "4308288",
    "commercialArticleNumber": "15788",
    "name": "mvb comf.normal plus",
    "brand": "VANIA MAXI",
    "seoBrand": "Vania Maxi",
    "thumbNail": "https://static.colruytgroup.com/images/200x200/std.lang.all/69/90/asset-2246990.jpg",
    "fullImage": "https://static.colruytgroup.com/images/500x500/std.lang.all/69/90/asset-2246990.jpg",
    "squareImage": "https://static.colruytgroup.com/images/500x500sq/std.lang.all/69/90/asset-2246990.jpg",
    "content": "16st",
    "walkRouteSequenceNumber": 14586,
    "price": {
      "basicPrice": 3.39,
      "recommendedQuantity": "2.0",
      "quantityPrice": 2.32,
      "quantityPriceQuantity": "3.0",
      "measurementUnitPrice": 0.212,
      "measurementUnitQuantityPrice": 0.145,
      "measurementUnit": "S",
      "isRedPrice": false,
      "pricePerUOM": 0.212,
      "activationDate": "23-03-2024",
      "recordSource": "Offline",
      "isPromoActive": "N",
      "priceChangeCode": "E",
      "quantityPricePerUOM": 0.145,
      "quantityActivationDate": "23-03-2024",
      "quantityPriceChangeCode": "E"
    },
    "isAvailable": true,
    "isPriceAvailable": true,
    "inPromo": false,
    "gtin": [
      "65400141420588",
      "13278940918400",
      "03278940918403"
    ],
    "topCategoryName": "Lichaamsverzorging/Parfumerie",
    "topCategoryId": "591",
    "businessDomain": "RETAIL_BE",
    "IsPrivateLabel": false,
    "IsBiffe": false,
    "WeightconversionFactor": "0",
    "IsWeightArticle": false,
    "IsBio": false,
    "CountryOfOrigin": "BELGIË",
    "IsExclusivelySoldInLuxembourg": false,
    "OrderUnit": "P",
    "ShortName": "VANI MVB M.COM.NOR+ 16S",
    "IsNew": false,
    "RecentQuanityOfStockUnits": "1,2",
    "LongName": "VANIA MAXI mvb comf.normal plus 16st",
    "FicCode": "N"
  },
  {
    "productId": "846355",
    "technicalArticleNumber": "4692513",
    "commercialArticleNumber": "11976",
    "name": "tampons appl.super",
    "brand": "BONI",
    "seoBrand": "Boni Selection",
    "thumbNail": "https://static.colruytgroup.com/images/200x200/std.lang.all/21/95/asset-3342195.jpg",
    "fullImage": "https://static.colruytgroup.com/images/500x500/std.lang.all/21/95/asset-3342195.jpg",
    "squareImage": "https://static.colruytgroup.com/images/500x500sq/std.lang.all/21/95/asset-3342195.jpg",
    "content": "20st",
    "walkRouteSequenceNumber": 14404,
    "price": {
      "basicPrice": 1.85,
      "recommendedQuantity": "1.0",
      "measurementUnitPrice": 0.093,
      "measurementUnit": "S",
      "isRedPrice": false,
      "pricePerUOM": 0.093,
      "activationDate": "14-03-2024",
      "recordSource": "Offline",
      "isPromoActive": "N",
      "priceChangeCode": "L"
    },
    "isAvailable": true,
    "isPriceAvailable": true,
    "inPromo": false,
    "gtin": [
      "05400141504224",
      "15400141504221"
    ],
    "topCategoryName": "Lichaamsverzorging/Parfumerie",
    "topCategoryId": "591",
    "businessDomain": "RETAIL_BE",
    "IsPrivateLabel": true,
    "IsBiffe": false,
    "WeightconversionFactor": "0",
    "IsWeightArticle": false,
    "IsBio": false,
    "CountryOfOrigin": "DUITSLAND",
    "IsExclusivelySoldInLuxembourg": false,
    "OrderUnit": "P",
    "ShortName": "BONI TAMPONS APP.SUP20S",
    "IsNew": false,
    "RecentQuanityOfStockUnits": "1",
    "LongName": "BONI tampons appl.super 20st",
    "AlcoholVolume": "0",
    "FicCode": "N"
  },
  {
    "productId": "870669",
    "technicalArticleNumber": "4724352",
    "commercialArticleNumber": "2371",
    "name": "papier doos",
    "description": "*Wattenstaafjes\n*200 stuks\n*Handige doos\n*100% Katoen vezels",
    "brand": "LOTUS",
    "seoBrand": "Lotus",
    "thumbNail": "https://static.colruytgroup.com/images/200x200/std.lang.all/86/33/asset-3208633.jpg",
    "fullImage": "https://static.colruytgroup.com/images/500x500/std.lang.all/86/33/asset-3208633.jpg",
    "squareImage": "https://static.colruytgroup.com/images/500x500sq/std.lang.all/86/33/asset-3208633.jpg",
    "content": "200st",
    "walkRouteSequenceNumber": 15667,
    "price": {
      "basicPrice": 2.69,
      "recommendedQuantity": "1.0",
      "measurementUnitPrice": 0.014,
      "measurementUnit": "S",
      "isRedPrice": false,
      "pricePerUOM": 0.014,
      "activationDate": "13-02-2024",
      "isPromoActive": "N",
      "priceChangeCode": "H"
    },
    "isAvailable": true,
    "isPriceAvailable": true,
    "inPromo": false,
    "gtin": [
      "07322541482958",
      "07322541482941"
    ],
    "topCategoryName": "Lichaamsverzorging/Parfumerie",
    "topCategoryId": "591",
    "businessDomain": "RETAIL_BE",
    "IsPrivateLabel": false,
    "IsBiffe": false,
    "WeightconversionFactor": "0",
    "IsWeightArticle": false,
    "IsBio": false,
    "CountryOfOrigin": "GRIEKENLAND",
    "IsExclusivelySoldInLuxembourg": false,
    "OrderUnit": "P",
    "ShortName": "LOTU PAP.200 WATTENST.",
    "IsNew": false,
    "RecentQuanityOfStockUnits": "1",
    "LongName": "LOTUS papier doos 200st",
    "FicCode": "N"
  },
  {
    "productId": "919923",
    "technicalArticleNumber": "4762251",
    "commercialArticleNumber": "18078",
    "name": "Aman.olie&Cot.Flow.",
    "description": "*Assortiment: amandelolie en\ncotton flower",
    "brand": "LE PETIT MARS.",
    "seoBrand": "Le Petit Marseillais",
    "thumbNail": "https://static.colruytgroup.com/images/200x200/std.lang.all/40/72/asset-3344072.jpg",
    "fullImage": "https://static.colruytgroup.com/images/500x500/std.lang.all/40/72/asset-3344072.jpg",
    "squareImage": "https://static.colruytgroup.com/images/500x500sq/std.lang.all/40/72/asset-3344072.jpg",
    "content": "400ml",
    "walkRouteSequenceNumber": 14626,
    "price": {
      "basicPrice": 4.99,
      "recommendedQuantity": "1.0",
      "measurementUnitPrice": 12.48,
      "measurementUnit": "L",
      "isRedPrice": false,
      "pricePerUOM": 12.48,
      "activationDate": "14-03-2024",
      "recordSource": "Offline",
      "isPromoActive": "N",
      "priceChangeCode": "L"
    },
    "isAvailable": true,
    "isPriceAvailable": true,
    "inPromo": false,
    "gtin": [
      "03574661758466",
      "03574661758459",
      "03574661759302",
      "03574661758435"
    ],
    "topCategoryName": "Lichaamsverzorging/Parfumerie",
    "topCategoryId": "591",
    "businessDomain": "RETAIL_BE",
    "IsPrivateLabel": false,
    "IsBiffe": false,
    "WeightconversionFactor": "0",
    "IsWeightArticle": false,
    "IsBio": false,
    "CountryOfOrigin": "DUITSLAND",
    "IsExclusivelySoldInLuxembourg": false,
    "OrderUnit": "P",
    "ShortName": "LPMA AMAN.OL/COT.FL.400",
    "IsNew": false,
    "RecentQuanityOfStockUnits": "1,1",
    "LongName": "LE PETIT MARS. Aman.olie&Cot.Flow. 400ml",
    "FicCode": "N"
  },
  {
    "productId": "593619",
    "technicalArticleNumber": "4253356",
    "commercialArticleNumber": "21301",
    "name": "extra sterke fixatie",
    "description": "*Haarlak\n*400ml\n*Extra sterk fixatie",
    "brand": "ELNETT",
    "seoBrand": "Elnett",
    "thumbNail": "https://static.colruytgroup.com/images/200x200/std.lang.all/41/83/asset-2064183.jpg",
    "fullImage": "https://static.colruytgroup.com/images/500x500/std.lang.all/41/83/asset-2064183.jpg",
    "squareImage": "https://static.colruytgroup.com/images/500x500sq/std.lang.all/41/83/asset-2064183.jpg",
    "content": "400ml",
    "walkRouteSequenceNumber": 15336,
    "price": {
      "basicPrice": 5.65,
      "recommendedQuantity": "1.0",
      "measurementUnitPrice": 14.13,
      "measurementUnit": "L",
      "isRedPrice": false,
      "pricePerUOM": 14.13,
      "activationDate": "12-03-2024",
      "recordSource": "Offline",
      "isPromoActive": "N",
      "priceChangeCode": "E"
    },
    "isAvailable": true,
    "isPriceAvailable": true,
    "inPromo": false,
    "gtin": [
      "03600523793068",
      "03600523793631"
    ],
    "topCategoryName": "Lichaamsverzorging/Parfumerie",
    "topCategoryId": "591",
    "businessDomain": "RETAIL_BE",
    "IsPrivateLabel": false,
    "IsBiffe": false,
    "WeightconversionFactor": "0",
    "IsWeightArticle": false,
    "IsBio": false,
    "CountryOfOrigin": "BELGIË",
    "IsExclusivelySoldInLuxembourg": false,
    "OrderUnit": "P",
    "ShortName": "ELNE EXT.STEVIG FIX.400",
    "IsNew": false,
    "RecentQuanityOfStockUnits": "1",
    "LongName": "ELNETT extra sterke fixatie 400ml",
    "FicCode": "N"
  },
  {
    "productId": "845055",
    "technicalArticleNumber": "4690789",
    "commercialArticleNumber": "3797",
    "name": "tampons appl.normal",
    "brand": "BONI",
    "seoBrand": "Boni Selection",
    "thumbNail": "https://static.colruytgroup.com/images/200x200/std.lang.all/21/94/asset-3342194.jpg",
    "fullImage": "https://static.colruytgroup.com/images/500x500/std.lang.all/21/94/asset-3342194.jpg",
    "squareImage": "https://static.colruytgroup.com/images/500x500sq/std.lang.all/21/94/asset-3342194.jpg",
    "content": "20st",
    "walkRouteSequenceNumber": 14405,
    "price": {
      "basicPrice": 1.85,
      "recommendedQuantity": "1.0",
      "measurementUnitPrice": 0.093,
      "measurementUnit": "S",
      "isRedPrice": false,
      "pricePerUOM": 0.093,
      "activationDate": "14-03-2024",
      "recordSource": "Offline",
      "isPromoActive": "N",
      "priceChangeCode": "L"
    },
    "isAvailable": true,
    "isPriceAvailable": true,
    "inPromo": false,
    "gtin": [
      "05400141504200",
      "15400141504207"
    ],
    "topCategoryName": "Lichaamsverzorging/Parfumerie",
    "topCategoryId": "591",
    "businessDomain": "RETAIL_BE",
    "IsPrivateLabel": true,
    "IsBiffe": false,
    "WeightconversionFactor": "0",
    "IsWeightArticle": false,
    "IsBio": false,
    "CountryOfOrigin": "DUITSLAND",
    "IsExclusivelySoldInLuxembourg": false,
    "OrderUnit": "P",
    "ShortName": "BONI TAMP.APP.NORM.20ST",
    "IsNew": false,
    "RecentQuanityOfStockUnits": "1",
    "LongName": "BONI tampons appl.normal 20st",
    "AlcoholVolume": "0",
    "FicCode": "N"
  },
  {
    "productId": "16015",
    "technicalArticleNumber": "1441014",
    "commercialArticleNumber": "605947",
    "name": "Dermo oogrein.water.",
    "description": "*Oogreinigingslotion\n*125 ml",
    "brand": "L'OREAL",
    "seoBrand": "L'Oréal Paris",
    "thumbNail": "https://static.colruytgroup.com/images/200x200/std.lang.all/07/72/asset-360772.jpg",
    "fullImage": "https://static.colruytgroup.com/images/500x500/std.lang.all/07/72/asset-360772.jpg",
    "squareImage": "https://static.colruytgroup.com/images/500x500sq/std.lang.all/07/72/asset-360772.jpg",
    "content": "125ml",
    "walkRouteSequenceNumber": 15834,
    "price": {
      "basicPrice": 4.4,
      "recommendedQuantity": "1.0",
      "measurementUnitPrice": 35.2,
      "measurementUnit": "L",
      "isRedPrice": false,
      "pricePerUOM": 35.2,
      "activationDate": "20-03-2024",
      "recordSource": "Folder",
      "isPromoActive": "N",
      "priceChangeCode": "L"
    },
    "isAvailable": true,
    "isPriceAvailable": true,
    "inPromo": true,
    "promotion": [
      {
        "techPromoId": "100883COLR",
        "promotionId": "100883",
        "promotionType": "4",
        "isPersonalized": "N",
        "publicationStartDate": "13-03-2024",
        "publicationEndDate": "26-03-2024"
      }
    ],
    "gtin": [
      "08710678123278",
      "05410103014357"
    ],
    "topCategoryName": "Lichaamsverzorging/Parfumerie",
    "topCategoryId": "591",
    "businessDomain": "NON_FOOD",
    "IsPrivateLabel": false,
    "IsBiffe": false,
    "IsWeightArticle": false,
    "RecentQuanityOfStockUnits": "1",
    "LongName": "L'OREAL Dermo oogrein.water. 125ml",
    "IsBio": false,
    "AlcoholVolume": "0",
    "CountryOfOrigin": "BELGIË",
    "FicCode": "N",
    "OrderUnit": "P",
    "ShortName": "LOR.OOGREINIGINGSLOTION",
    "IsNew": false
  },
  {
    "productId": "858688",
    "technicalArticleNumber": "4708967",
    "commercialArticleNumber": "31692",
    "name": "inlegkruisje normal Expert",
    "description": "*Inlegkruisjes 64ST\n*Normal\n*Ook voor urine-\nverlies",
    "brand": "ALWAYS",
    "seoBrand": "Always",
    "thumbNail": "https://static.colruytgroup.com/images/200x200/std.lang.all/49/17/asset-2114917.jpg",
    "fullImage": "https://static.colruytgroup.com/images/500x500/std.lang.all/49/17/asset-2114917.jpg",
    "squareImage": "https://static.colruytgroup.com/images/500x500sq/std.lang.all/49/17/asset-2114917.jpg",
    "content": "64st",
    "walkRouteSequenceNumber": 14390,
    "price": {
      "basicPrice": 6.79,
      "recommendedQuantity": "1.0",
      "measurementUnitPrice": 0.107,
      "measurementUnit": "S",
      "isRedPrice": false,
      "pricePerUOM": 0.107,
      "activationDate": "13-03-2024",
      "recordSource": "Offline",
      "isPromoActive": "N",
      "priceChangeCode": "E"
    },
    "isAvailable": true,
    "isPriceAvailable": true,
    "inPromo": true,
    "promotion": [
      {
        "techPromoId": "100869COLR",
        "promotionId": "100869",
        "promotionType": "4",
        "isPersonalized": "N",
        "publicationStartDate": "13-03-2024",
        "publicationEndDate": "26-03-2024"
      }
    ],
    "gtin": [
      "08006540769812",
      "08006540769805",
      "85400141628384"
    ],
    "topCategoryName": "Lichaamsverzorging/Parfumerie",
    "topCategoryId": "591",
    "businessDomain": "RETAIL_BE",
    "IsPrivateLabel": false,
    "IsBiffe": false,
    "WeightconversionFactor": "0",
    "IsWeightArticle": false,
    "IsBio": false,
    "CountryOfOrigin": "DUITSLAND",
    "IsExclusivelySoldInLuxembourg": false,
    "OrderUnit": "P",
    "ShortName": "ALWA ILK NORMAL EXPER64",
    "IsNew": false,
    "RecentQuanityOfStockUnits": "1,2",
    "LongName": "ALWAYS inlegkruisje normal Expert 64st",
    "FicCode": "N"
  },
  {
    "productId": "900220",
    "technicalArticleNumber": "4757435",
    "commercialArticleNumber": "21980",
    "name": "Sensitive",
    "description": "*Wegwerpscheermessen\nmet 3-voudig mesje\n*8+4 stuks",
    "brand": "WILKINSON SWORD",
    "seoBrand": "Wilkinson Sword",
    "thumbNail": "https://static.colruytgroup.com/images/200x200/std.lang.all/06/06/asset-3330606.jpg",
    "fullImage": "https://static.colruytgroup.com/images/500x500/std.lang.all/06/06/asset-3330606.jpg",
    "squareImage": "https://static.colruytgroup.com/images/500x500sq/std.lang.all/06/06/asset-3330606.jpg",
    "content": "8+4st",
    "walkRouteSequenceNumber": 15044,
    "price": {
      "basicPrice": 11.99,
      "recommendedQuantity": "1.0",
      "measurementUnitPrice": 1,
      "measurementUnit": "S",
      "isRedPrice": false,
      "pricePerUOM": 1,
      "activationDate": "17-02-2024",
      "isPromoActive": "N",
      "priceChangeCode": "E"
    },
    "isAvailable": true,
    "isPriceAvailable": true,
    "inPromo": false,
    "gtin": [
      "04027800400119",
      "04027800400102"
    ],
    "topCategoryName": "Lichaamsverzorging/Parfumerie",
    "topCategoryId": "591",
    "businessDomain": "RETAIL_BE",
    "IsPrivateLabel": false,
    "IsBiffe": false,
    "WeightconversionFactor": "0",
    "IsWeightArticle": false,
    "IsBio": false,
    "CountryOfOrigin": "DUITSLAND",
    "IsExclusivelySoldInLuxembourg": false,
    "OrderUnit": "P",
    "ShortName": "WILK.XTREME3 WEGW 8+4",
    "IsNew": false,
    "RecentQuanityOfStockUnits": "1",
    "LongName": "WILKINSON SWORD Sensitive 8+4st",
    "AlcoholVolume": "0",
    "FicCode": "N"
  },
  {
    "productId": "174171",
    "technicalArticleNumber": "3336498",
    "commercialArticleNumber": "346096",
    "name": "vingerpleisters",
    "description": "*Vingerpleister",
    "brand": "BONI",
    "seoBrand": "Boni Selection",
    "thumbNail": "https://static.colruytgroup.com/images/200x200/std.lang.all/65/22/asset-1156522.jpg",
    "fullImage": "https://static.colruytgroup.com/images/500x500/std.lang.all/65/22/asset-1156522.jpg",
    "squareImage": "https://static.colruytgroup.com/images/500x500sq/std.lang.all/65/22/asset-1156522.jpg",
    "content": "16st",
    "walkRouteSequenceNumber": 13929,
    "price": {
      "basicPrice": 1.94,
      "recommendedQuantity": "1.0",
      "measurementUnitPrice": 0.122,
      "measurementUnit": "S",
      "isRedPrice": false,
      "pricePerUOM": 0.122,
      "activationDate": "29-01-2024",
      "recordSource": "Offline",
      "isPromoActive": "N",
      "priceChangeCode": "H"
    },
    "isAvailable": true,
    "isPriceAvailable": true,
    "inPromo": false,
    "gtin": [
      "05400141339888",
      "15400141848912"
    ],
    "topCategoryName": "Lichaamsverzorging/Parfumerie",
    "topCategoryId": "591",
    "businessDomain": "NON_FOOD",
    "IsPrivateLabel": true,
    "IsBiffe": false,
    "IsWeightArticle": false,
    "RecentQuanityOfStockUnits": "1",
    "LongName": "BONI vingerpleisters 16st",
    "IsBio": false,
    "CountryOfOrigin": "FILIPIJNEN",
    "FicCode": "N",
    "OrderUnit": "P",
    "ShortName": "BONI VINGERPL.16ST",
    "IsNew": false
  },
  {
    "productId": "887233",
    "technicalArticleNumber": "4746545",
    "commercialArticleNumber": "32755",
    "name": "zero purify",
    "description": "*Douchegel\n*400ml",
    "brand": "SANEX",
    "seoBrand": "Sanex",
    "thumbNail": "https://ecgproductmw.colruytgroup.com/ecgproductmw/noPicForArticle_2.jpg",
    "fullImage": "https://ecgproductmw.colruytgroup.com/ecgproductmw/noPicForArticle_5.jpg",
    "squareImage": "https://ecgproductmw.colruytgroup.com/ecgproductmw/noPicForArticle_5.jpg",
    "content": "400ml",
    "walkRouteSequenceNumber": 14706,
    "price": {
      "basicPrice": 5.69,
      "recommendedQuantity": "1.0",
      "measurementUnitPrice": 14.23,
      "measurementUnit": "L",
      "isRedPrice": false,
      "pricePerUOM": 14.23,
      "activationDate": "16-03-2024",
      "recordSource": "Offline",
      "isPromoActive": "N",
      "priceChangeCode": "E"
    },
    "isAvailable": true,
    "isPriceAvailable": true,
    "inPromo": false,
    "gtin": [
      "08718951573147",
      "08718951573512",
      "08718951573505"
    ],
    "topCategoryName": "Lichaamsverzorging/Parfumerie",
    "topCategoryId": "591",
    "businessDomain": "RETAIL_BE",
    "IsPrivateLabel": false,
    "IsBiffe": false,
    "WeightconversionFactor": "0",
    "IsWeightArticle": false,
    "IsBio": false,
    "CountryOfOrigin": "ITALIË",
    "IsExclusivelySoldInLuxembourg": false,
    "OrderUnit": "P",
    "ShortName": "SANE DCH ZERO PURIF.400",
    "IsNew": false,
    "RecentQuanityOfStockUnits": "1,2",
    "LongName": "SANEX zero purify 400ml",
    "FicCode": "N"
  },
  {
    "productId": "105904",
    "technicalArticleNumber": "3093563",
    "commercialArticleNumber": "282407",
    "name": "Sensitive 5mx2,5cm",
    "description": "*Pleister\n*Sensitive",
    "brand": "HANSAPLAST",
    "seoBrand": "Hansaplast",
    "thumbNail": "https://static.colruytgroup.com/images/200x200/std.lang.all/76/29/asset-3347629.jpg",
    "fullImage": "https://static.colruytgroup.com/images/500x500/std.lang.all/76/29/asset-3347629.jpg",
    "squareImage": "https://static.colruytgroup.com/images/500x500sq/std.lang.all/76/29/asset-3347629.jpg",
    "walkRouteSequenceNumber": 13917,
    "price": {
      "basicPrice": 3.06,
      "recommendedQuantity": "1.0",
      "measurementUnitPrice": 3.06,
      "measurementUnit": "S",
      "isRedPrice": false,
      "pricePerUOM": 3.06,
      "activationDate": "20-03-2024",
      "recordSource": "Folder",
      "isPromoActive": "N",
      "priceChangeCode": "L"
    },
    "isAvailable": true,
    "isPriceAvailable": true,
    "inPromo": false,
    "gtin": [
      "04005800402982",
      "04005800206566",
      "04005801001504"
    ],
    "topCategoryName": "Lichaamsverzorging/Parfumerie",
    "topCategoryId": "591",
    "businessDomain": "NON_FOOD",
    "IsPrivateLabel": false,
    "IsBiffe": false,
    "IsWeightArticle": false,
    "RecentQuanityOfStockUnits": "1",
    "LongName": "HANSAPLAST Sensitive 5mx2,5cm",
    "IsBio": false,
    "AlcoholVolume": "0",
    "CountryOfOrigin": "THAILAND",
    "FicCode": "N",
    "OrderUnit": "P",
    "ShortName": "HSPL.SENSITIVE 2.5CM",
    "IsNew": false
  },
  {
    "productId": "777796",
    "technicalArticleNumber": "4570715",
    "commercialArticleNumber": "21317",
    "name": "deo sea salt/pure clean",
    "description": "*Borotalco deo 150ml\n*Assortiment\n-Active Sea Salt\n-I0% Pure Clean\n48U - 0% alcohol",
    "brand": "BOROTALCO",
    "seoBrand": "Borotalco",
    "thumbNail": "https://static.colruytgroup.com/images/200x200/std.lang.all/78/86/asset-2747886.jpg",
    "fullImage": "https://static.colruytgroup.com/images/500x500/std.lang.all/78/86/asset-2747886.jpg",
    "squareImage": "https://static.colruytgroup.com/images/500x500sq/std.lang.all/78/86/asset-2747886.jpg",
    "content": "150ml",
    "walkRouteSequenceNumber": 14759,
    "price": {
      "basicPrice": 5.45,
      "recommendedQuantity": "1.0",
      "quantityPrice": 3.5,
      "quantityPriceQuantity": "2.0",
      "measurementUnitPrice": 36.34,
      "measurementUnitQuantityPrice": 23.34,
      "measurementUnit": "L",
      "isRedPrice": false,
      "pricePerUOM": 36.34,
      "activationDate": "23-03-2024",
      "recordSource": "Offline",
      "isPromoActive": "N",
      "priceChangeCode": "E",
      "quantityPricePerUOM": 23.34,
      "quantityActivationDate": "23-03-2024",
      "quantityPriceChangeCode": "E"
    },
    "isAvailable": true,
    "isPriceAvailable": true,
    "inPromo": false,
    "gtin": [
      "05415087015185",
      "08002410042818",
      "15415087015168",
      "08002410043594",
      "05415087015178"
    ],
    "topCategoryName": "Lichaamsverzorging/Parfumerie",
    "topCategoryId": "591",
    "businessDomain": "RETAIL_BE",
    "IsPrivateLabel": false,
    "IsBiffe": false,
    "WeightconversionFactor": "0",
    "IsWeightArticle": false,
    "IsBio": false,
    "CountryOfOrigin": "ITALIË",
    "IsExclusivelySoldInLuxembourg": false,
    "OrderUnit": "P",
    "ShortName": "BORO.DEO SEA/0 PURE 150",
    "IsNew": false,
    "RecentQuanityOfStockUnits": "1,1,2,2",
    "LongName": "BOROTALCO deo sea salt/pure clean 150ml",
    "FicCode": "N"
  },
  {
    "productId": "756988",
    "technicalArticleNumber": "4532757",
    "commercialArticleNumber": "12046",
    "name": "Sh. kids boys/girls",
    "description": "* Shampoo 250ml\n*assorti\n-Shampoo&Cond. (girl)\n-Shampoo&Douche (boy)",
    "brand": "SCHWARZKOPF",
    "seoBrand": "Schwarzkopf",
    "thumbNail": "https://static.colruytgroup.com/images/200x200/std.lang.all/17/27/asset-2741727.jpg",
    "fullImage": "https://static.colruytgroup.com/images/500x500/std.lang.all/17/27/asset-2741727.jpg",
    "squareImage": "https://static.colruytgroup.com/images/500x500sq/std.lang.all/17/27/asset-2741727.jpg",
    "content": "250ml",
    "walkRouteSequenceNumber": 15058,
    "price": {
      "basicPrice": 3.29,
      "recommendedQuantity": "1.0",
      "measurementUnitPrice": 13.16,
      "measurementUnit": "L",
      "isRedPrice": false,
      "pricePerUOM": 13.16,
      "activationDate": "23-03-2024",
      "recordSource": "Offline",
      "isPromoActive": "N",
      "priceChangeCode": "E"
    },
    "isAvailable": true,
    "isPriceAvailable": true,
    "inPromo": false,
    "gtin": [
      "05410091763756",
      "05410091763770",
      "05412530924384",
      "05412530923042",
      "05412530924377",
      "05412530923028",
      "25400141434723",
      "05412530942951",
      "35400141915885",
      "05412530942968"
    ],
    "topCategoryName": "Baby",
    "topCategoryId": "761",
    "businessDomain": "RETAIL_BE",
    "IsPrivateLabel": false,
    "IsBiffe": false,
    "WeightconversionFactor": "0",
    "IsWeightArticle": false,
    "IsBio": false,
    "CountryOfOrigin": "SLOVENIË",
    "IsExclusivelySoldInLuxembourg": false,
    "OrderUnit": "P",
    "ShortName": "SCHW SH.BOYS/GIRLS 250",
    "IsNew": false,
    "RecentQuanityOfStockUnits": "1,2,1",
    "LongName": "SCHWARZKOPF Sh. kids boys/girls 250ml",
    "FicCode": "N"
  },
  {
    "productId": "174162",
    "technicalArticleNumber": "3336480",
    "commercialArticleNumber": "346091",
    "name": "elastisch pleisters",
    "description": "*Pleister\n*Elastisch",
    "brand": "BONI",
    "seoBrand": "Boni Selection",
    "thumbNail": "https://static.colruytgroup.com/images/200x200/std.lang.all/65/18/asset-1156518.jpg",
    "fullImage": "https://static.colruytgroup.com/images/500x500/std.lang.all/65/18/asset-1156518.jpg",
    "squareImage": "https://static.colruytgroup.com/images/500x500sq/std.lang.all/65/18/asset-1156518.jpg",
    "content": "20st",
    "walkRouteSequenceNumber": 13930,
    "price": {
      "basicPrice": 0.85,
      "recommendedQuantity": "1.0",
      "measurementUnitPrice": 0.043,
      "measurementUnit": "S",
      "isRedPrice": false,
      "pricePerUOM": 0.043,
      "activationDate": "03-01-2024",
      "recordSource": "Offline",
      "isPromoActive": "N",
      "priceChangeCode": "L"
    },
    "isAvailable": true,
    "isPriceAvailable": true,
    "inPromo": false,
    "gtin": [
      "05400141339826",
      "15400141848868"
    ],
    "topCategoryName": "Lichaamsverzorging/Parfumerie",
    "topCategoryId": "591",
    "businessDomain": "NON_FOOD",
    "IsPrivateLabel": true,
    "IsBiffe": false,
    "IsWeightArticle": false,
    "RecentQuanityOfStockUnits": "1",
    "LongName": "BONI elastisch pleisters 20st",
    "IsBio": false,
    "CountryOfOrigin": "FILIPIJNEN",
    "FicCode": "N",
    "OrderUnit": "P",
    "ShortName": "BONI ELAS.TEXT.PL",
    "IsNew": false
  },
  {
    "productId": "283226",
    "technicalArticleNumber": "3644887",
    "commercialArticleNumber": "17774",
    "name": "In.wax/In.Paste",
    "description": "*75 ml\n*Parfum:\n-Indestructible\n-Invisifix Paste",
    "brand": "STUDIO LINE",
    "seoBrand": "L'Oréal",
    "thumbNail": "https://static.colruytgroup.com/images/200x200/std.lang.all/27/06/asset-1152706.jpg",
    "fullImage": "https://static.colruytgroup.com/images/500x500/std.lang.all/27/06/asset-1152706.jpg",
    "squareImage": "https://static.colruytgroup.com/images/500x500sq/std.lang.all/27/06/asset-1152706.jpg",
    "content": "75ml",
    "walkRouteSequenceNumber": 15295,
    "price": {
      "basicPrice": 7.99,
      "recommendedQuantity": "1.0",
      "measurementUnitPrice": 106.54,
      "measurementUnit": "L",
      "isRedPrice": false,
      "pricePerUOM": 106.54,
      "activationDate": "11-03-2024",
      "recordSource": "Offline",
      "isPromoActive": "N",
      "priceChangeCode": "E"
    },
    "isAvailable": true,
    "isPriceAvailable": true,
    "inPromo": false,
    "gtin": [
      "03600521617380",
      "03600521311479",
      "03600521311493",
      "05410103798493",
      "05410103798486",
      "03600521617427",
      "75410103829417"
    ],
    "topCategoryName": "Lichaamsverzorging/Parfumerie",
    "topCategoryId": "591",
    "businessDomain": "RETAIL_BE",
    "IsPrivateLabel": false,
    "IsBiffe": false,
    "WeightconversionFactor": "0",
    "IsWeightArticle": false,
    "IsBio": false,
    "CountryOfOrigin": "BELGIË",
    "IsExclusivelySoldInLuxembourg": false,
    "OrderUnit": "P",
    "ShortName": "STUD.IND.WAX/INV.PAST75",
    "IsNew": false,
    "RecentQuanityOfStockUnits": "2,2,1,1",
    "LongName": "STUDIO LINE In.wax/In.Paste 75ml",
    "AlcoholVolume": "0",
    "FicCode": "N"
  },
  {
    "productId": "847561",
    "technicalArticleNumber": "4693976",
    "commercialArticleNumber": "21112",
    "name": "mesjes",
    "description": "*Navulling met\n5-voudig mesje\n*18 stuks\n*Voor alle Fusion\napparaten",
    "brand": "GILLETTE FUSION5",
    "seoBrand": "Gillette Fusion",
    "thumbNail": "https://static.colruytgroup.com/images/200x200/std.lang.all/17/91/asset-3161791.jpg",
    "fullImage": "https://static.colruytgroup.com/images/500x500/std.lang.all/17/91/asset-3161791.jpg",
    "squareImage": "https://static.colruytgroup.com/images/500x500sq/std.lang.all/17/91/asset-3161791.jpg",
    "content": "18st",
    "walkRouteSequenceNumber": 18170,
    "price": {
      "basicPrice": 45,
      "recommendedQuantity": "1.0",
      "measurementUnitPrice": 2.5,
      "measurementUnit": "S",
      "isRedPrice": false,
      "pricePerUOM": 2.5,
      "activationDate": "19-03-2024",
      "recordSource": "Folder",
      "isPromoActive": "N",
      "priceChangeCode": "E"
    },
    "isAvailable": true,
    "isPriceAvailable": true,
    "inPromo": false,
    "gtin": [
      "08001090822352",
      "08001090822215"
    ],
    "topCategoryName": "Lichaamsverzorging/Parfumerie",
    "topCategoryId": "591",
    "businessDomain": "RETAIL_BE",
    "IsPrivateLabel": false,
    "IsBiffe": false,
    "WeightconversionFactor": "0",
    "IsWeightArticle": false,
    "IsBio": false,
    "CountryOfOrigin": "DUITSLAND",
    "IsExclusivelySoldInLuxembourg": false,
    "OrderUnit": "P",
    "ShortName": "GILL FUSION 18 MES",
    "IsNew": false,
    "RecentQuanityOfStockUnits": "1",
    "LongName": "GILLETTE FUSION5 mesjes 18st",
    "FicCode": "N"
  },
  {
    "productId": "831457",
    "technicalArticleNumber": "4671553",
    "commercialArticleNumber": "20800",
    "name": "antiklitspray Miracle/Silk",
    "description": "*Express\nherstellende\nconditioner\n*Miracle\n*Silk",
    "brand": "GLISS",
    "seoBrand": "Gliss",
    "thumbNail": "https://static.colruytgroup.com/images/200x200/std.lang.all/86/29/asset-3228629.jpg",
    "fullImage": "https://static.colruytgroup.com/images/500x500/std.lang.all/86/29/asset-3228629.jpg",
    "squareImage": "https://static.colruytgroup.com/images/500x500sq/std.lang.all/86/29/asset-3228629.jpg",
    "content": "200ml",
    "walkRouteSequenceNumber": 15302,
    "price": {
      "basicPrice": 6.69,
      "recommendedQuantity": "1.0",
      "measurementUnitPrice": 33.45,
      "measurementUnit": "L",
      "isRedPrice": false,
      "pricePerUOM": 33.45,
      "activationDate": "23-03-2024",
      "recordSource": "Offline",
      "isPromoActive": "N",
      "priceChangeCode": "E"
    },
    "isAvailable": true,
    "isPriceAvailable": true,
    "inPromo": false,
    "gtin": [
      "05410091768140",
      "05412530934369",
      "05412530934611",
      "05410091767952",
      "65400141437524"
    ],
    "topCategoryName": "Lichaamsverzorging/Parfumerie",
    "topCategoryId": "591",
    "businessDomain": "RETAIL_BE",
    "IsPrivateLabel": false,
    "IsBiffe": false,
    "WeightconversionFactor": "0",
    "IsWeightArticle": false,
    "IsBio": false,
    "CountryOfOrigin": "SLOVENIË",
    "IsExclusivelySoldInLuxembourg": false,
    "OrderUnit": "P",
    "ShortName": "GLIS ANTIKL.MIR/SILK200",
    "IsNew": false,
    "RecentQuanityOfStockUnits": "1,1",
    "LongName": "GLISS antiklitspray Miracle/Silk 200ml",
    "AlcoholVolume": "0",
    "FicCode": "N"
  },
  {
    "productId": "598864",
    "technicalArticleNumber": "4263187",
    "commercialArticleNumber": "282944",
    "name": "Care pot Nourishing crème",
    "brand": "NIVEA",
    "seoBrand": "Nivea",
    "thumbNail": "https://static.colruytgroup.com/images/200x200/std.lang.all/61/50/asset-2296150.jpg",
    "fullImage": "https://static.colruytgroup.com/images/500x500/std.lang.all/61/50/asset-2296150.jpg",
    "squareImage": "https://static.colruytgroup.com/images/500x500sq/std.lang.all/61/50/asset-2296150.jpg",
    "content": "400ml",
    "walkRouteSequenceNumber": 15649,
    "price": {
      "basicPrice": 6.39,
      "recommendedQuantity": "1.0",
      "measurementUnitPrice": 15.98,
      "measurementUnit": "L",
      "isRedPrice": false,
      "pricePerUOM": 15.98,
      "activationDate": "27-02-2024",
      "recordSource": "Offline",
      "isPromoActive": "N",
      "priceChangeCode": "E"
    },
    "isAvailable": true,
    "isPriceAvailable": true,
    "inPromo": false,
    "gtin": [
      "04005900255884",
      "04005900255921",
      "04005900361387",
      "04005900361394",
      "04005900255891",
      "04005900361400"
    ],
    "topCategoryName": "Lichaamsverzorging/Parfumerie",
    "topCategoryId": "591",
    "businessDomain": "NON_FOOD",
    "IsPrivateLabel": false,
    "IsBiffe": false,
    "IsWeightArticle": false,
    "RecentQuanityOfStockUnits": "1",
    "LongName": "NIVEA Care pot Nourishing crème 400ml",
    "IsBio": false,
    "CountryOfOrigin": "BELGIË",
    "FicCode": "N",
    "OrderUnit": "P",
    "ShortName": "NIV.CARE NOUR.POT 400ML",
    "IsNew": false
  },
  {
    "productId": "737500",
    "technicalArticleNumber": "4499661",
    "commercialArticleNumber": "27889",
    "name": "douchegel katoen/aloe",
    "description": "*Douchegel 300ml\n*assortiment van:\n-Katoen : Zacht\n-Aloe Vera: Verfrissend",
    "brand": "LE CHAT",
    "seoBrand": "Le Chat",
    "thumbNail": "https://static.colruytgroup.com/images/200x200/std.lang.all/52/22/asset-2635222.jpg",
    "fullImage": "https://static.colruytgroup.com/images/500x500/std.lang.all/52/22/asset-2635222.jpg",
    "squareImage": "https://static.colruytgroup.com/images/500x500sq/std.lang.all/52/22/asset-2635222.jpg",
    "content": "300ml",
    "walkRouteSequenceNumber": 14718,
    "price": {
      "basicPrice": 3.49,
      "recommendedQuantity": "1.0",
      "measurementUnitPrice": 11.64,
      "measurementUnit": "L",
      "isRedPrice": false,
      "pricePerUOM": 11.64,
      "activationDate": "01-03-2024",
      "recordSource": "Offline",
      "isPromoActive": "N",
      "priceChangeCode": "H"
    },
    "isAvailable": true,
    "isPriceAvailable": true,
    "inPromo": false,
    "gtin": [
      "03178041467865",
      "03178041467926",
      "03178041354530",
      "03178041354516",
      "15400141915874"
    ],
    "topCategoryName": "Lichaamsverzorging/Parfumerie",
    "topCategoryId": "591",
    "businessDomain": "RETAIL_BE",
    "IsPrivateLabel": false,
    "IsBiffe": false,
    "WeightconversionFactor": "0",
    "IsWeightArticle": false,
    "IsBio": false,
    "CountryOfOrigin": "FRANKRIJK",
    "IsExclusivelySoldInLuxembourg": false,
    "OrderUnit": "P",
    "ShortName": "LECH DCH KAT/ALOE 300ML",
    "IsNew": false,
    "RecentQuanityOfStockUnits": "2,1,1",
    "LongName": "LE CHAT douchegel katoen/aloe 300ml",
    "FicCode": "N"
  },
  {
    "productId": "615914",
    "technicalArticleNumber": "4291560",
    "commercialArticleNumber": "23393",
    "name": "maandverband Ultra Long Plus",
    "description": "*Ultra (12s)\n*Hevig bloedverlies\n*Langere product\n*Anti-lekrandjes\n*Parfumvrij",
    "brand": "NANA",
    "seoBrand": "Nana",
    "thumbNail": "https://static.colruytgroup.com/images/200x200/std.lang.all/67/31/asset-3136731.jpg",
    "fullImage": "https://static.colruytgroup.com/images/500x500/std.lang.all/67/31/asset-3136731.jpg",
    "squareImage": "https://static.colruytgroup.com/images/500x500sq/std.lang.all/67/31/asset-3136731.jpg",
    "content": "12st",
    "walkRouteSequenceNumber": 14399,
    "price": {
      "basicPrice": 3.49,
      "recommendedQuantity": "2.0",
      "measurementUnitPrice": 0.291,
      "measurementUnit": "S",
      "isRedPrice": false,
      "pricePerUOM": 0.291,
      "activationDate": "13-03-2024",
      "recordSource": "Offline",
      "isPromoActive": "N",
      "priceChangeCode": "H"
    },
    "isAvailable": true,
    "isPriceAvailable": true,
    "inPromo": false,
    "gtin": [
      "07322541498102",
      "07322541498881",
      "35400141615976",
      "07322540562347",
      "07322540562330"
    ],
    "topCategoryName": "Lichaamsverzorging/Parfumerie",
    "topCategoryId": "591",
    "businessDomain": "RETAIL_BE",
    "IsPrivateLabel": false,
    "IsBiffe": false,
    "WeightconversionFactor": "0",
    "IsWeightArticle": false,
    "IsBio": false,
    "CountryOfOrigin": "SLOVENIË",
    "IsExclusivelySoldInLuxembourg": false,
    "OrderUnit": "P",
    "ShortName": "NANA ULTR.LONG MVB PL12",
    "IsNew": false,
    "RecentQuanityOfStockUnits": "1,2",
    "LongName": "NANA maandverband Ultra Long Plus 12st",
    "FicCode": "N"
  },
  {
    "productId": "40151",
    "technicalArticleNumber": "2481127",
    "commercialArticleNumber": "832791",
    "name": "Sensitive",
    "description": "*Extra dun\n*latex",
    "brand": "LOVE CONDOM",
    "seoBrand": "Love Condom",
    "thumbNail": "https://static.colruytgroup.com/images/200x200/std.lang.all/17/35/asset-2521735.jpg",
    "fullImage": "https://static.colruytgroup.com/images/500x500/std.lang.all/17/35/asset-2521735.jpg",
    "squareImage": "https://static.colruytgroup.com/images/500x500sq/std.lang.all/17/35/asset-2521735.jpg",
    "content": "12st",
    "walkRouteSequenceNumber": 14602,
    "price": {
      "basicPrice": 4.49,
      "recommendedQuantity": "1.0",
      "measurementUnitPrice": 0.375,
      "measurementUnit": "S",
      "isRedPrice": false,
      "pricePerUOM": 0.375,
      "activationDate": "02-01-2024",
      "isPromoActive": "N",
      "priceChangeCode": "H"
    },
    "isAvailable": true,
    "isPriceAvailable": true,
    "inPromo": false,
    "gtin": [
      "29556564094801",
      "39556564094808",
      "09556564094807",
      "05411834086620",
      "05411834246628",
      "05411834446622"
    ],
    "topCategoryName": "Lichaamsverzorging/Parfumerie",
    "topCategoryId": "591",
    "businessDomain": "NON_FOOD",
    "IsPrivateLabel": false,
    "IsBiffe": false,
    "IsWeightArticle": false,
    "RecentQuanityOfStockUnits": "1,1,12",
    "LongName": "LOVE CONDOM Sensitive 12st",
    "IsBio": false,
    "CountryOfOrigin": "BELGIË",
    "FicCode": "N",
    "OrderUnit": "P",
    "ShortName": "LOVE CONDOOMS SENS.12ST",
    "IsNew": false
  },
  {
    "productId": "39038",
    "technicalArticleNumber": "1701078",
    "commercialArticleNumber": "32790",
    "name": "gel Fixing spray 8",
    "description": "*Haarspray\n*250 ml\n*Fix & Shine: 24u\nspray",
    "brand": "STUDIO LINE",
    "seoBrand": "L'Oréal",
    "thumbNail": "https://static.colruytgroup.com/images/200x200/std.lang.all/43/92/asset-364392.jpg",
    "fullImage": "https://static.colruytgroup.com/images/500x500/std.lang.all/43/92/asset-364392.jpg",
    "squareImage": "https://static.colruytgroup.com/images/500x500sq/std.lang.all/43/92/asset-364392.jpg",
    "content": "250ml",
    "walkRouteSequenceNumber": 15312,
    "price": {
      "basicPrice": 6.75,
      "recommendedQuantity": "1.0",
      "measurementUnitPrice": 27,
      "measurementUnit": "L",
      "isRedPrice": false,
      "pricePerUOM": 27,
      "activationDate": "11-03-2024",
      "recordSource": "Offline",
      "isPromoActive": "N",
      "priceChangeCode": "E"
    },
    "isAvailable": true,
    "isPriceAvailable": true,
    "inPromo": false,
    "gtin": [
      "03600522470915",
      "03600522470960",
      "03600520746777"
    ],
    "topCategoryName": "Lichaamsverzorging/Parfumerie",
    "topCategoryId": "591",
    "businessDomain": "RETAIL_BE",
    "IsPrivateLabel": false,
    "IsBiffe": false,
    "WeightconversionFactor": "0",
    "IsWeightArticle": false,
    "IsBio": false,
    "CountryOfOrigin": "BELGIË",
    "IsExclusivelySoldInLuxembourg": false,
    "OrderUnit": "P",
    "ShortName": "STUD.SPRAY FINISH 250",
    "IsNew": false,
    "RecentQuanityOfStockUnits": "1",
    "LongName": "STUDIO LINE gel Fixing spray 8 250ml",
    "AlcoholVolume": "0",
    "FicCode": "N"
  },
  {
    "productId": "892107",
    "technicalArticleNumber": "4753449",
    "commercialArticleNumber": "22649",
    "name": "Jeneverbesh.& Varen",
    "description": "*Douchegel\n*Jeneverbeshout & Varen",
    "brand": "LE PETIT MARS.",
    "seoBrand": "Le Petit Marseillais",
    "thumbNail": "https://static.colruytgroup.com/images/200x200/std.lang.all/44/42/asset-3324442.jpg",
    "fullImage": "https://static.colruytgroup.com/images/500x500/std.lang.all/44/42/asset-3324442.jpg",
    "squareImage": "https://static.colruytgroup.com/images/500x500sq/std.lang.all/44/42/asset-3324442.jpg",
    "content": "250ml",
    "walkRouteSequenceNumber": 14433,
    "price": {
      "basicPrice": 3.79,
      "recommendedQuantity": "1.0",
      "measurementUnitPrice": 15.16,
      "measurementUnit": "L",
      "isRedPrice": false,
      "pricePerUOM": 15.16,
      "activationDate": "12-02-2024",
      "recordSource": "Offline",
      "isPromoActive": "N",
      "priceChangeCode": "E"
    },
    "isAvailable": true,
    "isPriceAvailable": true,
    "inPromo": false,
    "gtin": [
      "03251241035208",
      "03574661714585"
    ],
    "topCategoryName": "Lichaamsverzorging/Parfumerie",
    "topCategoryId": "591",
    "businessDomain": "RETAIL_BE",
    "IsPrivateLabel": false,
    "IsBiffe": false,
    "WeightconversionFactor": "0",
    "IsWeightArticle": false,
    "IsBio": false,
    "CountryOfOrigin": "ITALIË",
    "IsExclusivelySoldInLuxembourg": false,
    "OrderUnit": "P",
    "ShortName": "LPM DCH MEN JEN&VAR.250",
    "IsNew": false,
    "RecentQuanityOfStockUnits": "1",
    "LongName": "LE PETIT MARS. Jeneverbesh.& Varen 250ml",
    "AlcoholVolume": "0",
    "FicCode": "N"
  },
  {
    "productId": "100719",
    "technicalArticleNumber": "2842957",
    "commercialArticleNumber": "8550",
    "name": "shampoo Volume Care",
    "description": "*Shampoo\n*250 ml\n*Volume Care:\nversterkt en geeft\nvolume",
    "brand": "NIVEA",
    "seoBrand": "Nivea",
    "thumbNail": "https://static.colruytgroup.com/images/200x200/std.lang.all/21/98/asset-2402198.jpg",
    "fullImage": "https://static.colruytgroup.com/images/500x500/std.lang.all/21/98/asset-2402198.jpg",
    "squareImage": "https://static.colruytgroup.com/images/500x500sq/std.lang.all/21/98/asset-2402198.jpg",
    "content": "250ml",
    "walkRouteSequenceNumber": 15010,
    "price": {
      "basicPrice": 3.99,
      "recommendedQuantity": "1.0",
      "quantityPrice": 2.29,
      "quantityPriceQuantity": "4.0",
      "measurementUnitPrice": 15.96,
      "measurementUnitQuantityPrice": 9.16,
      "measurementUnit": "L",
      "isRedPrice": false,
      "pricePerUOM": 15.96,
      "activationDate": "22-03-2024",
      "recordSource": "Offline",
      "isPromoActive": "N",
      "priceChangeCode": "E",
      "quantityPricePerUOM": 9.16,
      "quantityActivationDate": "22-03-2024",
      "quantityPriceChangeCode": "E"
    },
    "isAvailable": true,
    "isPriceAvailable": true,
    "inPromo": false,
    "gtin": [
      "04005900175816",
      "04005900175830",
      "05400141028430",
      "04005900175823"
    ],
    "topCategoryName": "Lichaamsverzorging/Parfumerie",
    "topCategoryId": "591",
    "businessDomain": "RETAIL_BE",
    "IsPrivateLabel": false,
    "IsBiffe": false,
    "WeightconversionFactor": "0",
    "IsWeightArticle": false,
    "IsBio": false,
    "CountryOfOrigin": "DUITSLAND",
    "IsExclusivelySoldInLuxembourg": false,
    "OrderUnit": "P",
    "ShortName": "NIVEA SH.VOLUME 250 ML",
    "InSeason": true,
    "IsNew": false,
    "RecentQuanityOfStockUnits": "2,1",
    "LongName": "NIVEA shampoo Volume Care 250ml",
    "AlcoholVolume": "0",
    "StartSeasonDate": "29/12/2020",
    "FicCode": "N"
  },
  {
    "productId": "643250",
    "technicalArticleNumber": "4337933",
    "commercialArticleNumber": "23864",
    "name": "shamp.blond&silver",
    "description": "*Shampoo\n*440ml\n*Blond en grijs haar",
    "brand": "SYOSS",
    "seoBrand": "Syoss",
    "thumbNail": "https://static.colruytgroup.com/images/200x200/std.lang.all/47/50/asset-3424750.jpg",
    "fullImage": "https://static.colruytgroup.com/images/500x500/std.lang.all/47/50/asset-3424750.jpg",
    "squareImage": "https://static.colruytgroup.com/images/500x500sq/std.lang.all/47/50/asset-3424750.jpg",
    "content": "440ml",
    "walkRouteSequenceNumber": 15038,
    "price": {
      "basicPrice": 6.65,
      "recommendedQuantity": "1.0",
      "measurementUnitPrice": 15.12,
      "measurementUnit": "L",
      "isRedPrice": false,
      "pricePerUOM": 15.12,
      "activationDate": "22-02-2024",
      "recordSource": "Offline",
      "isPromoActive": "N",
      "priceChangeCode": "H"
    },
    "isAvailable": true,
    "isPriceAvailable": true,
    "inPromo": false,
    "gtin": [
      "05412530903624",
      "05410091756345"
    ],
    "topCategoryName": "Lichaamsverzorging/Parfumerie",
    "topCategoryId": "591",
    "businessDomain": "RETAIL_BE",
    "IsPrivateLabel": false,
    "IsBiffe": false,
    "WeightconversionFactor": "0",
    "IsWeightArticle": false,
    "IsBio": false,
    "CountryOfOrigin": "DUITSLAND",
    "IsExclusivelySoldInLuxembourg": false,
    "OrderUnit": "P",
    "ShortName": "SYOS SH.BLOND&SILVER440",
    "IsNew": false,
    "RecentQuanityOfStockUnits": "1",
    "LongName": "SYOSS shamp.blond&silver 440ml",
    "FicCode": "N"
  },
  {
    "productId": "733308",
    "technicalArticleNumber": "4493219",
    "commercialArticleNumber": "15397",
    "name": "Men level 1",
    "brand": "TENA",
    "seoBrand": "Tena Men",
    "thumbNail": "https://static.colruytgroup.com/images/200x200/std.lang.all/61/25/asset-3016125.jpg",
    "fullImage": "https://static.colruytgroup.com/images/500x500/std.lang.all/61/25/asset-3016125.jpg",
    "squareImage": "https://static.colruytgroup.com/images/500x500sq/std.lang.all/61/25/asset-3016125.jpg",
    "content": "24st",
    "walkRouteSequenceNumber": 14269,
    "price": {
      "basicPrice": 9.44,
      "recommendedQuantity": "1.0",
      "measurementUnitPrice": 0.394,
      "measurementUnit": "S",
      "isRedPrice": false,
      "pricePerUOM": 0.394,
      "activationDate": "21-03-2024",
      "recordSource": "Folder",
      "isPromoActive": "N",
      "priceChangeCode": "L"
    },
    "isAvailable": true,
    "isPriceAvailable": true,
    "inPromo": true,
    "promotion": [
      {
        "techPromoId": "100838COLR",
        "promotionId": "100838",
        "promotionType": "3",
        "isPersonalized": "N",
        "publicationStartDate": "13-03-2024",
        "publicationEndDate": "26-03-2024"
      }
    ],
    "gtin": [
      "07322540426359",
      "07322540426366"
    ],
    "topCategoryName": "Lichaamsverzorging/Parfumerie",
    "topCategoryId": "591",
    "businessDomain": "RETAIL_BE",
    "IsPrivateLabel": false,
    "IsBiffe": false,
    "WeightconversionFactor": "0",
    "IsWeightArticle": false,
    "IsBio": false,
    "CountryOfOrigin": "SLOWAKIJE",
    "IsExclusivelySoldInLuxembourg": false,
    "OrderUnit": "P",
    "ShortName": "TENA MEN LEVEL 1 24ST",
    "IsNew": false,
    "RecentQuanityOfStockUnits": "6,1",
    "LongName": "TENA Men level 1 24st",
    "FicCode": "N"
  },
  {
    "productId": "890642",
    "technicalArticleNumber": "4751434",
    "commercialArticleNumber": "12741",
    "name": "Gemb.&Cipressenhout",
    "description": "*Douchegel\n*Gember & Cipressenhout",
    "brand": "LE PETIT MARS.",
    "seoBrand": "Le Petit Marseillais",
    "thumbNail": "https://static.colruytgroup.com/images/200x200/std.lang.all/45/37/asset-3324537.jpg",
    "fullImage": "https://static.colruytgroup.com/images/500x500/std.lang.all/45/37/asset-3324537.jpg",
    "squareImage": "https://static.colruytgroup.com/images/500x500sq/std.lang.all/45/37/asset-3324537.jpg",
    "content": "250ml",
    "walkRouteSequenceNumber": 14432,
    "price": {
      "basicPrice": 3.79,
      "recommendedQuantity": "1.0",
      "measurementUnitPrice": 15.16,
      "measurementUnit": "L",
      "isRedPrice": false,
      "pricePerUOM": 15.16,
      "activationDate": "13-02-2024",
      "recordSource": "Offline",
      "isPromoActive": "N",
      "priceChangeCode": "E"
    },
    "isAvailable": true,
    "isPriceAvailable": true,
    "inPromo": false,
    "gtin": [
      "03574661714523",
      "03574661714684"
    ],
    "topCategoryName": "Lichaamsverzorging/Parfumerie",
    "topCategoryId": "591",
    "businessDomain": "RETAIL_BE",
    "IsPrivateLabel": false,
    "IsBiffe": false,
    "WeightconversionFactor": "0",
    "IsWeightArticle": false,
    "IsBio": false,
    "CountryOfOrigin": "ITALIË",
    "IsExclusivelySoldInLuxembourg": false,
    "OrderUnit": "P",
    "ShortName": "LPM DCH MEN CYP-GEM.250",
    "IsNew": false,
    "RecentQuanityOfStockUnits": "1",
    "LongName": "LE PETIT MARS. Gemb.&Cipressenhout 250ml",
    "AlcoholVolume": "0",
    "FicCode": "N"
  },
  {
    "productId": "858682",
    "technicalArticleNumber": "4708961",
    "commercialArticleNumber": "31684",
    "name": "inlegkruisjes profresh large",
    "description": "*Inlegkruisjes 60ST\n*Lang\n*0% parfum",
    "brand": "ALWAYS",
    "seoBrand": "Always",
    "thumbNail": "https://static.colruytgroup.com/images/200x200/std.lang.all/26/22/asset-3222622.jpg",
    "fullImage": "https://static.colruytgroup.com/images/500x500/std.lang.all/26/22/asset-3222622.jpg",
    "squareImage": "https://static.colruytgroup.com/images/500x500sq/std.lang.all/26/22/asset-3222622.jpg",
    "content": "52st",
    "walkRouteSequenceNumber": 14394,
    "price": {
      "basicPrice": 7.09,
      "recommendedQuantity": "1.0",
      "measurementUnitPrice": 0.137,
      "measurementUnit": "S",
      "isRedPrice": false,
      "pricePerUOM": 0.137,
      "activationDate": "17-02-2024",
      "isPromoActive": "N",
      "priceChangeCode": "E"
    },
    "isAvailable": true,
    "isPriceAvailable": true,
    "inPromo": true,
    "promotion": [
      {
        "techPromoId": "100869COLR",
        "promotionId": "100869",
        "promotionType": "4",
        "isPersonalized": "N",
        "publicationStartDate": "13-03-2024",
        "publicationEndDate": "26-03-2024"
      }
    ],
    "gtin": [
      "08006540791394",
      "08006540791387",
      "35400141628389"
    ],
    "topCategoryName": "Lichaamsverzorging/Parfumerie",
    "topCategoryId": "591",
    "businessDomain": "RETAIL_BE",
    "IsPrivateLabel": false,
    "IsBiffe": false,
    "WeightconversionFactor": "0",
    "IsWeightArticle": false,
    "IsBio": false,
    "CountryOfOrigin": "DUITSLAND",
    "IsExclusivelySoldInLuxembourg": false,
    "OrderUnit": "P",
    "ShortName": "ALWA ILK PROFR.LARGE 52",
    "IsNew": false,
    "RecentQuanityOfStockUnits": "2,1",
    "LongName": "ALWAYS inlegkruisjes profresh large 52st",
    "FicCode": "N"
  },
  {
    "productId": "446320",
    "technicalArticleNumber": "4030290",
    "commercialArticleNumber": "5547",
    "name": "cd.Rap.Rest.TR5/Dream Long",
    "description": "*Conditioner\n*180ml\n*Parfums:\n-Rapid Restore TR5\n-Rapid Restore Dream Long",
    "brand": "ELSEVE",
    "seoBrand": "L'Oréal Paris Elseve",
    "thumbNail": "https://static.colruytgroup.com/images/200x200/std.lang.all/34/12/asset-1713412.jpg",
    "fullImage": "https://static.colruytgroup.com/images/500x500/std.lang.all/34/12/asset-1713412.jpg",
    "squareImage": "https://static.colruytgroup.com/images/500x500sq/std.lang.all/34/12/asset-1713412.jpg",
    "content": "180ml",
    "walkRouteSequenceNumber": 15303,
    "price": {
      "basicPrice": 5.19,
      "recommendedQuantity": "1.0",
      "measurementUnitPrice": 28.84,
      "measurementUnit": "L",
      "isRedPrice": false,
      "pricePerUOM": 28.84,
      "activationDate": "15-02-2024",
      "recordSource": "Offline",
      "isPromoActive": "N",
      "priceChangeCode": "E"
    },
    "isAvailable": true,
    "isPriceAvailable": true,
    "inPromo": true,
    "promotion": [
      {
        "techPromoId": "100894COLR",
        "promotionId": "100894",
        "promotionType": "4",
        "isPersonalized": "N",
        "publicationStartDate": "13-03-2024",
        "publicationEndDate": "26-03-2024"
      }
    ],
    "gtin": [
      "03600523709663",
      "03600523709687",
      "03600523710102",
      "03600523710164",
      "75410103824245"
    ],
    "topCategoryName": "Lichaamsverzorging/Parfumerie",
    "topCategoryId": "591",
    "businessDomain": "RETAIL_BE",
    "IsPrivateLabel": false,
    "IsBiffe": false,
    "WeightconversionFactor": "0",
    "IsWeightArticle": false,
    "IsBio": false,
    "CountryOfOrigin": "BELGIË",
    "IsExclusivelySoldInLuxembourg": false,
    "OrderUnit": "P",
    "ShortName": "ELSE CD R.RES TR5/DR180",
    "IsNew": false,
    "RecentQuanityOfStockUnits": "1,1",
    "LongName": "ELSEVE cd.Rap.Rest.TR5/Dream Long 180ml",
    "FicCode": "N"
  },
  {
    "productId": "786522",
    "technicalArticleNumber": "4588107",
    "commercialArticleNumber": "20796",
    "name": "dch aloe/amand",
    "description": "*Familie Douchegel\n*baby,kind&volwassen\n*Amandelbloesem\n*Aloe Vera voor alle\nhuidtypes.",
    "brand": "LE PETIT MARS.",
    "seoBrand": "Le Petit Marseillais",
    "thumbNail": "https://static.colruytgroup.com/images/200x200/std.lang.all/08/59/asset-2790859.jpg",
    "fullImage": "https://static.colruytgroup.com/images/500x500/std.lang.all/08/59/asset-2790859.jpg",
    "squareImage": "https://static.colruytgroup.com/images/500x500sq/std.lang.all/08/59/asset-2790859.jpg",
    "content": "400ml",
    "walkRouteSequenceNumber": 14625,
    "price": {
      "basicPrice": 5.45,
      "recommendedQuantity": "1.0",
      "measurementUnitPrice": 13.63,
      "measurementUnit": "L",
      "isRedPrice": false,
      "pricePerUOM": 13.63,
      "activationDate": "02-03-2024",
      "recordSource": "Offline",
      "isPromoActive": "N",
      "priceChangeCode": "H"
    },
    "isAvailable": true,
    "isPriceAvailable": true,
    "inPromo": false,
    "gtin": [
      "03574661718095",
      "03574661718057",
      "03574661655536",
      "03574661655093",
      "03574661655024",
      "03574661655048",
      "75400141971452"
    ],
    "topCategoryName": "Lichaamsverzorging/Parfumerie",
    "topCategoryId": "591",
    "businessDomain": "RETAIL_BE",
    "IsPrivateLabel": false,
    "IsBiffe": false,
    "WeightconversionFactor": "0",
    "IsWeightArticle": false,
    "IsBio": false,
    "CountryOfOrigin": "ITALIË",
    "IsExclusivelySoldInLuxembourg": false,
    "OrderUnit": "P",
    "ShortName": "LPM DCH ALOE/AMAND.400",
    "IsNew": false,
    "RecentQuanityOfStockUnits": "1,2,1",
    "LongName": "LE PETIT MARS. dch aloe/amand 400ml",
    "FicCode": "N"
  },
  {
    "productId": "864382",
    "technicalArticleNumber": "4716189",
    "commercialArticleNumber": "31997",
    "name": "douchegel 0% zeep",
    "description": "*Douchegel\n*0% zeep",
    "brand": "SUNLIGHT",
    "seoBrand": "Sunlight",
    "thumbNail": "https://static.colruytgroup.com/images/200x200/std.lang.all/70/85/asset-3217085.jpg",
    "fullImage": "https://static.colruytgroup.com/images/500x500/std.lang.all/70/85/asset-3217085.jpg",
    "squareImage": "https://static.colruytgroup.com/images/500x500sq/std.lang.all/70/85/asset-3217085.jpg",
    "content": "450ml",
    "walkRouteSequenceNumber": 14714,
    "price": {
      "basicPrice": 4.49,
      "recommendedQuantity": "1.0",
      "measurementUnitPrice": 9.98,
      "measurementUnit": "L",
      "isRedPrice": false,
      "pricePerUOM": 9.98,
      "activationDate": "29-02-2024",
      "recordSource": "Offline",
      "isPromoActive": "N",
      "priceChangeCode": "E"
    },
    "isAvailable": true,
    "isPriceAvailable": true,
    "inPromo": false,
    "gtin": [
      "08720181355127",
      "08720181354823",
      "08720181354922",
      "15400141852056"
    ],
    "topCategoryName": "Lichaamsverzorging/Parfumerie",
    "topCategoryId": "591",
    "businessDomain": "RETAIL_BE",
    "IsPrivateLabel": false,
    "IsBiffe": false,
    "WeightconversionFactor": "0",
    "IsWeightArticle": false,
    "IsBio": false,
    "CountryOfOrigin": "DUITSLAND",
    "IsExclusivelySoldInLuxembourg": false,
    "OrderUnit": "P",
    "ShortName": "SUNL.DCH 0% ZEEP 450ML",
    "IsNew": false,
    "RecentQuanityOfStockUnits": "1,2",
    "LongName": "SUNLIGHT douchegel 0% zeep 450ml",
    "AlcoholVolume": "0",
    "FicCode": "N"
  },
  {
    "productId": "858665",
    "technicalArticleNumber": "4708931",
    "commercialArticleNumber": "31670",
    "name": "super",
    "description": "*Tampons 40 ST\n*Super\n*Met inbrenghuls",
    "brand": "TAMPAX",
    "seoBrand": "Tampax",
    "thumbNail": "https://static.colruytgroup.com/images/200x200/std.lang.all/36/80/asset-2723680.jpg",
    "fullImage": "https://static.colruytgroup.com/images/500x500/std.lang.all/36/80/asset-2723680.jpg",
    "squareImage": "https://static.colruytgroup.com/images/500x500sq/std.lang.all/36/80/asset-2723680.jpg",
    "content": "40st",
    "walkRouteSequenceNumber": 14406,
    "price": {
      "basicPrice": 4.79,
      "recommendedQuantity": "1.0",
      "measurementUnitPrice": 0.12,
      "measurementUnit": "S",
      "isRedPrice": false,
      "pricePerUOM": 0.12,
      "activationDate": "15-02-2024",
      "recordSource": "Offline",
      "isPromoActive": "N",
      "priceChangeCode": "E"
    },
    "isAvailable": true,
    "isPriceAvailable": true,
    "inPromo": true,
    "promotion": [
      {
        "techPromoId": "100869COLR",
        "promotionId": "100869",
        "promotionType": "4",
        "isPersonalized": "N",
        "publicationStartDate": "13-03-2024",
        "publicationEndDate": "26-03-2024"
      }
    ],
    "gtin": [
      "55400141433086",
      "08006540712580",
      "08006540712597"
    ],
    "topCategoryName": "Lichaamsverzorging/Parfumerie",
    "topCategoryId": "591",
    "businessDomain": "RETAIL_BE",
    "IsPrivateLabel": false,
    "IsBiffe": false,
    "WeightconversionFactor": "0",
    "IsWeightArticle": false,
    "IsBio": false,
    "CountryOfOrigin": "HONGARIJE",
    "IsExclusivelySoldInLuxembourg": false,
    "OrderUnit": "P",
    "ShortName": "TAMP SUPER 40ST",
    "IsNew": false,
    "RecentQuanityOfStockUnits": "2,1",
    "LongName": "TAMPAX super 40st",
    "FicCode": "N"
  },
  {
    "productId": "892422",
    "technicalArticleNumber": "4754108",
    "commercialArticleNumber": "1117",
    "name": "Normal",
    "description": "*Maandverband 64 ST\n*Ultra beschermend\n*Met vleugels",
    "brand": "ALWAYS ULTRA",
    "seoBrand": "Always Ultra",
    "thumbNail": "https://static.colruytgroup.com/images/200x200/std.lang.all/05/62/asset-3290562.jpg",
    "fullImage": "https://static.colruytgroup.com/images/500x500/std.lang.all/05/62/asset-3290562.jpg",
    "squareImage": "https://static.colruytgroup.com/images/500x500sq/std.lang.all/05/62/asset-3290562.jpg",
    "content": "64st",
    "walkRouteSequenceNumber": 14572,
    "price": {
      "basicPrice": 8.49,
      "recommendedQuantity": "1.0",
      "measurementUnitPrice": 0.133,
      "measurementUnit": "S",
      "isRedPrice": false,
      "pricePerUOM": 0.133,
      "activationDate": "05-03-2024",
      "recordSource": "Offline",
      "isPromoActive": "N",
      "priceChangeCode": "L"
    },
    "isAvailable": true,
    "isPriceAvailable": true,
    "inPromo": false,
    "gtin": [
      "15400141540977",
      "08006540822166",
      "08006540822159"
    ],
    "topCategoryName": "Lichaamsverzorging/Parfumerie",
    "topCategoryId": "591",
    "businessDomain": "RETAIL_BE",
    "IsPrivateLabel": false,
    "IsBiffe": false,
    "WeightconversionFactor": "0",
    "IsWeightArticle": false,
    "IsBio": false,
    "CountryOfOrigin": "DUITSLAND",
    "IsExclusivelySoldInLuxembourg": false,
    "OrderUnit": "P",
    "ShortName": "ALWA.MVB ULTRA NORM.64",
    "IsNew": false,
    "RecentQuanityOfStockUnits": "2,1",
    "LongName": "ALWAYS ULTRA Normal 64st",
    "FicCode": "N"
  },
  {
    "productId": "540858",
    "technicalArticleNumber": "4164137",
    "commercialArticleNumber": "9735",
    "name": "masker extra oil/dream",
    "description": "*Masker 300 ml\n*Assorti:\n-Dream Long: lang,\nbeschadigd haar\n-Extraord.Oil",
    "brand": "ELSEVE",
    "seoBrand": "L'Oréal Paris Elseve",
    "thumbNail": "https://static.colruytgroup.com/images/200x200/std.lang.all/06/97/asset-3310697.jpg",
    "fullImage": "https://static.colruytgroup.com/images/500x500/std.lang.all/06/97/asset-3310697.jpg",
    "squareImage": "https://static.colruytgroup.com/images/500x500sq/std.lang.all/06/97/asset-3310697.jpg",
    "content": "300ml",
    "walkRouteSequenceNumber": 15306,
    "price": {
      "basicPrice": 6.81,
      "recommendedQuantity": "1.0",
      "measurementUnitPrice": 22.7,
      "measurementUnit": "L",
      "isRedPrice": false,
      "pricePerUOM": 22.7,
      "activationDate": "23-03-2024",
      "recordSource": "Folder",
      "isPromoActive": "N",
      "priceChangeCode": "E"
    },
    "isAvailable": true,
    "isPriceAvailable": true,
    "inPromo": true,
    "promotion": [
      {
        "techPromoId": "100894COLR",
        "promotionId": "100894",
        "promotionType": "4",
        "isPersonalized": "N",
        "publicationStartDate": "13-03-2024",
        "publicationEndDate": "26-03-2024"
      }
    ],
    "gtin": [
      "03600523747023",
      "75410103829837",
      "03600523587377",
      "03600524071271"
    ],
    "topCategoryName": "Lichaamsverzorging/Parfumerie",
    "topCategoryId": "591",
    "businessDomain": "RETAIL_BE",
    "IsPrivateLabel": false,
    "IsBiffe": false,
    "WeightconversionFactor": "0",
    "IsWeightArticle": false,
    "IsBio": false,
    "CountryOfOrigin": "BELGIË",
    "IsExclusivelySoldInLuxembourg": false,
    "OrderUnit": "P",
    "ShortName": "ELSE.EX.OIL/DREAM300",
    "IsNew": false,
    "RecentQuanityOfStockUnits": "1,1,1",
    "LongName": "ELSEVE masker extra oil/dream 300ml",
    "FicCode": "N"
  },
  {
    "productId": "60011",
    "technicalArticleNumber": "2376924",
    "commercialArticleNumber": "6021",
    "name": "dch Men den",
    "description": "*Douchegel\n*Zeeden-Eucalyptus",
    "brand": "LE PETIT MARSEILLAIS",
    "seoBrand": "Le Petit Marseillais",
    "thumbNail": "https://static.colruytgroup.com/images/200x200/std.lang.all/66/48/asset-936648.jpg",
    "fullImage": "https://static.colruytgroup.com/images/500x500/std.lang.all/66/48/asset-936648.jpg",
    "squareImage": "https://static.colruytgroup.com/images/500x500sq/std.lang.all/66/48/asset-936648.jpg",
    "content": "250ml",
    "walkRouteSequenceNumber": 14434,
    "price": {
      "basicPrice": 3.79,
      "recommendedQuantity": "1.0",
      "measurementUnitPrice": 15.16,
      "measurementUnit": "L",
      "isRedPrice": false,
      "pricePerUOM": 15.16,
      "activationDate": "12-02-2024",
      "recordSource": "Offline",
      "isPromoActive": "N",
      "priceChangeCode": "E"
    },
    "isAvailable": true,
    "isPriceAvailable": true,
    "inPromo": false,
    "gtin": [
      "03574661714622",
      "03574661210605",
      "05400141286762",
      "03574661210377",
      "03251241042107"
    ],
    "topCategoryName": "Lichaamsverzorging/Parfumerie",
    "topCategoryId": "591",
    "businessDomain": "RETAIL_BE",
    "IsPrivateLabel": false,
    "IsBiffe": false,
    "WeightconversionFactor": "0",
    "IsWeightArticle": false,
    "IsBio": false,
    "CountryOfOrigin": "FRANKRIJK",
    "IsExclusivelySoldInLuxembourg": false,
    "OrderUnit": "P",
    "ShortName": "LPM DCH MEN DEN-EUCA250",
    "IsNew": false,
    "RecentQuanityOfStockUnits": "1,2",
    "LongName": "LE PETIT MARSEILLAIS dch Men den 250ml",
    "AlcoholVolume": "0",
    "FicCode": "N"
  },
  {
    "productId": "16833",
    "technicalArticleNumber": "1435708",
    "commercialArticleNumber": "24555",
    "name": "scheercrème Originals",
    "description": "*Scheercrème\n*Originals:\nvochtinbrengend",
    "brand": "NIVEA MEN",
    "seoBrand": "Nivea",
    "thumbNail": "https://static.colruytgroup.com/images/200x200/std.lang.all/92/14/asset-369214.jpg",
    "fullImage": "https://static.colruytgroup.com/images/500x500/std.lang.all/92/14/asset-369214.jpg",
    "squareImage": "https://static.colruytgroup.com/images/500x500sq/std.lang.all/92/14/asset-369214.jpg",
    "content": "100ml",
    "walkRouteSequenceNumber": 15208,
    "price": {
      "basicPrice": 3.95,
      "recommendedQuantity": "1.0",
      "quantityPrice": 2.63,
      "quantityPriceQuantity": "3.0",
      "measurementUnitPrice": 39.5,
      "measurementUnitQuantityPrice": 26.3,
      "measurementUnit": "L",
      "isRedPrice": false,
      "pricePerUOM": 39.5,
      "activationDate": "13-03-2024",
      "recordSource": "Offline",
      "isPromoActive": "N",
      "priceChangeCode": "E",
      "quantityPricePerUOM": 26.3,
      "quantityActivationDate": "13-03-2024",
      "quantityPriceChangeCode": "L"
    },
    "isAvailable": true,
    "isPriceAvailable": true,
    "inPromo": false,
    "gtin": [
      "04005900278364",
      "05400141245554",
      "17319470007380",
      "04005808223244"
    ],
    "topCategoryName": "Lichaamsverzorging/Parfumerie",
    "topCategoryId": "591",
    "businessDomain": "RETAIL_BE",
    "IsPrivateLabel": false,
    "IsBiffe": false,
    "WeightconversionFactor": "0",
    "IsWeightArticle": false,
    "IsBio": false,
    "CountryOfOrigin": "POLEN",
    "IsExclusivelySoldInLuxembourg": false,
    "OrderUnit": "P",
    "ShortName": "NIVEA SCHEERCREME 100ML",
    "IsNew": false,
    "RecentQuanityOfStockUnits": "1,2",
    "LongName": "NIVEA MEN scheercrème Originals 100ml",
    "AlcoholVolume": "0",
    "FicCode": "N"
  },
  {
    "productId": "743905",
    "technicalArticleNumber": "4511109",
    "commercialArticleNumber": "2491",
    "name": "vl.handz. anti bacterieel",
    "description": "-Le Chat Handzeep pomp 500ml\n-Antibacterieël\n-Met rozemarijn\n-94% natuurlijke ingrediënten\n-Vegan",
    "brand": "LE CHAT",
    "seoBrand": "Le Chat",
    "thumbNail": "https://static.colruytgroup.com/images/200x200/std.lang.all/36/82/asset-2723682.jpg",
    "fullImage": "https://static.colruytgroup.com/images/500x500/std.lang.all/36/82/asset-2723682.jpg",
    "squareImage": "https://static.colruytgroup.com/images/500x500sq/std.lang.all/36/82/asset-2723682.jpg",
    "content": "500ml",
    "walkRouteSequenceNumber": 18676,
    "price": {
      "basicPrice": 5.05,
      "recommendedQuantity": "1.0",
      "measurementUnitPrice": 10.1,
      "measurementUnit": "L",
      "isRedPrice": false,
      "pricePerUOM": 10.1,
      "activationDate": "14-02-2024",
      "recordSource": "Offline",
      "isPromoActive": "N",
      "priceChangeCode": "H"
    },
    "isAvailable": true,
    "isPriceAvailable": true,
    "inPromo": false,
    "gtin": [
      "03178040715868",
      "03178041498548",
      "03178040711556",
      "03178041282321",
      "03178041340496"
    ],
    "topCategoryName": "Lichaamsverzorging/Parfumerie",
    "topCategoryId": "591",
    "businessDomain": "RETAIL_BE",
    "IsPrivateLabel": false,
    "IsBiffe": false,
    "WeightconversionFactor": "0",
    "IsWeightArticle": false,
    "IsBio": false,
    "CountryOfOrigin": "SLOVENIË",
    "IsExclusivelySoldInLuxembourg": false,
    "OrderUnit": "P",
    "ShortName": "LECH VL.ZP ANTIBACT.500",
    "IsNew": false,
    "RecentQuanityOfStockUnits": "1,6",
    "LongName": "LE CHAT vl.handz. anti bacterieel 500ml",
    "FicCode": "N"
  },
  {
    "productId": "788925",
    "technicalArticleNumber": "4593134",
    "commercialArticleNumber": "29248",
    "name": "TP Advanced glazuur",
    "description": "*Complete\nbescherming\n*Glazuurbescherming\n*Antibacterieel",
    "brand": "COLGATE TOTAL",
    "seoBrand": "Colgate",
    "thumbNail": "https://static.colruytgroup.com/images/200x200/nl_be/36/61/asset-2843661.jpg",
    "fullImage": "https://static.colruytgroup.com/images/500x500/nl_be/36/61/asset-2843661.jpg",
    "squareImage": "https://static.colruytgroup.com/images/500x500sq/nl_be/36/61/asset-2843661.jpg",
    "content": "75ml",
    "walkRouteSequenceNumber": 14372,
    "price": {
      "basicPrice": 4.19,
      "recommendedQuantity": "1.0",
      "measurementUnitPrice": 55.87,
      "measurementUnit": "L",
      "isRedPrice": false,
      "pricePerUOM": 55.87,
      "activationDate": "14-03-2024",
      "recordSource": "Offline",
      "isPromoActive": "N",
      "priceChangeCode": "E"
    },
    "isAvailable": true,
    "isPriceAvailable": true,
    "inPromo": false,
    "gtin": [
      "08718951493865",
      "08718951493858",
      "08718951471573"
    ],
    "topCategoryName": "Lichaamsverzorging/Parfumerie",
    "topCategoryId": "591",
    "businessDomain": "RETAIL_BE",
    "IsPrivateLabel": false,
    "IsBiffe": false,
    "WeightconversionFactor": "0",
    "IsWeightArticle": false,
    "IsBio": false,
    "CountryOfOrigin": "POLEN",
    "IsExclusivelySoldInLuxembourg": false,
    "OrderUnit": "P",
    "ShortName": "COLG TOTAL ADV.ENAME 75",
    "IsNew": false,
    "RecentQuanityOfStockUnits": "1,2",
    "LongName": "COLGATE TOTAL TP Advanced glazuur 75ml",
    "FicCode": "N"
  },
  {
    "productId": "825752",
    "technicalArticleNumber": "4662812",
    "commercialArticleNumber": "29910",
    "name": "shampoo citrus",
    "description": "*Anti-roos shampoo\n-Frisse citroen\n*72U anti-roos\nbescherming",
    "brand": "HEAD & SHOULDERS",
    "seoBrand": "head&shoulders",
    "thumbNail": "https://static.colruytgroup.com/images/200x200/std.lang.all/43/99/asset-2964399.jpg",
    "fullImage": "https://static.colruytgroup.com/images/500x500/std.lang.all/43/99/asset-2964399.jpg",
    "squareImage": "https://static.colruytgroup.com/images/500x500sq/std.lang.all/43/99/asset-2964399.jpg",
    "content": "400ml",
    "walkRouteSequenceNumber": 15036,
    "price": {
      "basicPrice": 8.29,
      "recommendedQuantity": "1.0",
      "measurementUnitPrice": 20.73,
      "measurementUnit": "L",
      "isRedPrice": false,
      "pricePerUOM": 20.73,
      "activationDate": "30-08-2023",
      "isPromoActive": "N",
      "priceChangeCode": "E"
    },
    "isAvailable": true,
    "isPriceAvailable": true,
    "inPromo": false,
    "gtin": [
      "55400141677855",
      "85400141517732",
      "08001090903228",
      "08001090903235"
    ],
    "topCategoryName": "Lichaamsverzorging/Parfumerie",
    "topCategoryId": "591",
    "businessDomain": "RETAIL_BE",
    "IsPrivateLabel": false,
    "IsBiffe": false,
    "WeightconversionFactor": "0",
    "IsWeightArticle": false,
    "IsBio": false,
    "CountryOfOrigin": "FRANKRIJK",
    "IsExclusivelySoldInLuxembourg": false,
    "OrderUnit": "P",
    "ShortName": "HS SH.CITRUS 400ML",
    "IsNew": false,
    "RecentQuanityOfStockUnits": "3,1,2",
    "LongName": "HEAD & SHOULDERS shampoo citrus 400ml",
    "FicCode": "N"
  },
  {
    "productId": "879441",
    "technicalArticleNumber": "4735887",
    "commercialArticleNumber": "24161",
    "name": "Cotton inlegkruisjes large",
    "description": "*Inlegkruisje\n*Organic cotton",
    "brand": "ALWAYS",
    "seoBrand": "Always",
    "thumbNail": "https://static.colruytgroup.com/images/200x200/std.lang.all/05/63/asset-3290563.jpg",
    "fullImage": "https://static.colruytgroup.com/images/500x500/std.lang.all/05/63/asset-3290563.jpg",
    "squareImage": "https://static.colruytgroup.com/images/500x500sq/std.lang.all/05/63/asset-3290563.jpg",
    "content": "32st",
    "walkRouteSequenceNumber": 14392,
    "price": {
      "basicPrice": 4.19,
      "recommendedQuantity": "1.0",
      "measurementUnitPrice": 0.131,
      "measurementUnit": "S",
      "isRedPrice": false,
      "pricePerUOM": 0.131,
      "activationDate": "29-02-2024",
      "recordSource": "Offline",
      "isPromoActive": "N",
      "priceChangeCode": "E"
    },
    "isAvailable": true,
    "isPriceAvailable": true,
    "inPromo": true,
    "promotion": [
      {
        "techPromoId": "100869COLR",
        "promotionId": "100869",
        "promotionType": "4",
        "isPersonalized": "N",
        "publicationStartDate": "13-03-2024",
        "publicationEndDate": "26-03-2024"
      }
    ],
    "gtin": [
      "08001841422695",
      "08001841422688",
      "15400141618461"
    ],
    "topCategoryName": "Lichaamsverzorging/Parfumerie",
    "topCategoryId": "591",
    "businessDomain": "RETAIL_BE",
    "IsPrivateLabel": false,
    "IsBiffe": false,
    "WeightconversionFactor": "0",
    "IsWeightArticle": false,
    "IsBio": false,
    "CountryOfOrigin": "DUITSLAND",
    "IsExclusivelySoldInLuxembourg": false,
    "OrderUnit": "P",
    "ShortName": "ALWA COT.ILK.LARGE 32ST",
    "IsNew": false,
    "RecentQuanityOfStockUnits": "2,1",
    "LongName": "ALWAYS Cotton inlegkruisjes large 32st",
    "FicCode": "N"
  },
  {
    "productId": "114975",
    "technicalArticleNumber": "3058567",
    "commercialArticleNumber": "282363",
    "name": "Simply Venus 3",
    "description": "*Wegwerpscheermes\nmet 3-voudig mesje\n*6 stuks",
    "brand": "GILLETTE VENUS",
    "seoBrand": "Gillette Venus",
    "thumbNail": "https://static.colruytgroup.com/images/200x200/std.lang.all/19/36/asset-2781936.jpg",
    "fullImage": "https://static.colruytgroup.com/images/500x500/std.lang.all/19/36/asset-2781936.jpg",
    "squareImage": "https://static.colruytgroup.com/images/500x500sq/std.lang.all/19/36/asset-2781936.jpg",
    "content": "6st",
    "walkRouteSequenceNumber": 15135,
    "price": {
      "basicPrice": 8.55,
      "recommendedQuantity": "1.0",
      "measurementUnitPrice": 1.43,
      "measurementUnit": "S",
      "isRedPrice": false,
      "pricePerUOM": 1.43,
      "activationDate": "27-12-2023",
      "isPromoActive": "N",
      "priceChangeCode": "H"
    },
    "isAvailable": true,
    "isPriceAvailable": true,
    "inPromo": false,
    "gtin": [
      "07702018450886",
      "07702018263103",
      "07702018450893",
      "07702018070633",
      "07702018070640",
      "07702018450909"
    ],
    "topCategoryName": "Lichaamsverzorging/Parfumerie",
    "topCategoryId": "591",
    "businessDomain": "NON_FOOD",
    "IsPrivateLabel": false,
    "IsBiffe": false,
    "IsWeightArticle": false,
    "RecentQuanityOfStockUnits": "1",
    "LongName": "GILLETTE VENUS Simply Venus 3 6st",
    "IsBio": false,
    "CountryOfOrigin": "BELGIË",
    "FicCode": "N",
    "OrderUnit": "P",
    "ShortName": "GILETTE VENUS3 4+2",
    "IsNew": false
  },
  {
    "productId": "1814",
    "technicalArticleNumber": "23468",
    "commercialArticleNumber": "23468",
    "name": "mesjes sensor excel",
    "description": "*Navulling, voor\nalle Sensor\nscheerapparaten\n*10 stuks",
    "brand": "GILLETTE",
    "seoBrand": "Gillette",
    "thumbNail": "https://static.colruytgroup.com/images/200x200/std.lang.all/32/01/asset-1003201.jpg",
    "fullImage": "https://static.colruytgroup.com/images/500x500/std.lang.all/32/01/asset-1003201.jpg",
    "squareImage": "https://static.colruytgroup.com/images/500x500sq/std.lang.all/32/01/asset-1003201.jpg",
    "content": "10st",
    "walkRouteSequenceNumber": 18187,
    "price": {
      "basicPrice": 15.15,
      "recommendedQuantity": "1.0",
      "measurementUnitPrice": 1.52,
      "measurementUnit": "S",
      "isRedPrice": false,
      "pricePerUOM": 1.52,
      "activationDate": "21-03-2024",
      "recordSource": "Offline",
      "isPromoActive": "N",
      "priceChangeCode": "H"
    },
    "isAvailable": true,
    "isPriceAvailable": true,
    "inPromo": false,
    "gtin": [
      "07702018417742",
      "07702018417759",
      "03014260216665",
      "03014260412036",
      "07702018417735"
    ],
    "topCategoryName": "Lichaamsverzorging/Parfumerie",
    "topCategoryId": "591",
    "businessDomain": "RETAIL_BE",
    "IsPrivateLabel": false,
    "IsBiffe": false,
    "WeightconversionFactor": "0",
    "IsWeightArticle": false,
    "IsBio": false,
    "CountryOfOrigin": "POLEN",
    "IsExclusivelySoldInLuxembourg": false,
    "OrderUnit": "P",
    "ShortName": "GILLET SENS.EXCEL 10MES",
    "IsNew": false,
    "RecentQuanityOfStockUnits": "1,10",
    "LongName": "GILLETTE mesjes sensor excel 10st",
    "AlcoholVolume": "0",
    "FicCode": "N"
  },
  {
    "productId": "831447",
    "technicalArticleNumber": "4671543",
    "commercialArticleNumber": "19882",
    "name": "conditioner color/miracle",
    "description": "*Conditioner\n*200 ml\n*Assortiment:\n-Miracle\n-Color protect\n-Miracle\n-Color protect",
    "brand": "GLISS",
    "seoBrand": "Gliss",
    "thumbNail": "https://static.colruytgroup.com/images/200x200/std.lang.all/35/28/asset-3153528.jpg",
    "fullImage": "https://static.colruytgroup.com/images/500x500/std.lang.all/35/28/asset-3153528.jpg",
    "squareImage": "https://static.colruytgroup.com/images/500x500sq/std.lang.all/35/28/asset-3153528.jpg",
    "content": "200ml",
    "walkRouteSequenceNumber": 15088,
    "price": {
      "basicPrice": 4.39,
      "recommendedQuantity": "1.0",
      "measurementUnitPrice": 21.95,
      "measurementUnit": "L",
      "isRedPrice": false,
      "pricePerUOM": 21.95,
      "activationDate": "13-03-2024",
      "recordSource": "Offline",
      "isPromoActive": "N",
      "priceChangeCode": "E"
    },
    "isAvailable": true,
    "isPriceAvailable": true,
    "inPromo": false,
    "gtin": [
      "85400141452224",
      "05410091768102",
      "05412530934420",
      "05410091767990",
      "75400141452227",
      "05412530934550"
    ],
    "topCategoryName": "Lichaamsverzorging/Parfumerie",
    "topCategoryId": "591",
    "businessDomain": "RETAIL_BE",
    "IsPrivateLabel": false,
    "IsBiffe": false,
    "WeightconversionFactor": "0",
    "IsWeightArticle": false,
    "IsBio": false,
    "CountryOfOrigin": "DUITSLAND",
    "IsExclusivelySoldInLuxembourg": false,
    "OrderUnit": "P",
    "ShortName": "GLIS.CD.COL/MIRAC.200",
    "IsNew": false,
    "RecentQuanityOfStockUnits": "2,1,1",
    "LongName": "GLISS conditioner color/miracle 200ml",
    "AlcoholVolume": "0",
    "FicCode": "N"
  },
  {
    "productId": "829847",
    "technicalArticleNumber": "4669373",
    "commercialArticleNumber": "27788",
    "name": "Shampoo Glad & Zijdezacht",
    "description": "*Shampoo 225 ml\n*Glad & Zijdezacht\n*Voor pluizig en\ndof haar",
    "brand": "PANTENE",
    "seoBrand": "Pantene",
    "thumbNail": "https://static.colruytgroup.com/images/200x200/std.lang.all/84/10/asset-3028410.jpg",
    "fullImage": "https://static.colruytgroup.com/images/500x500/std.lang.all/84/10/asset-3028410.jpg",
    "squareImage": "https://static.colruytgroup.com/images/500x500sq/std.lang.all/84/10/asset-3028410.jpg",
    "content": "225ml",
    "walkRouteSequenceNumber": 14802,
    "price": {
      "basicPrice": 2.99,
      "recommendedQuantity": "1.0",
      "quantityPrice": 2.66,
      "quantityPriceQuantity": "3.0",
      "measurementUnitPrice": 13.29,
      "measurementUnitQuantityPrice": 11.83,
      "measurementUnit": "L",
      "isRedPrice": false,
      "pricePerUOM": 13.29,
      "activationDate": "23-03-2024",
      "recordSource": "Offline",
      "isPromoActive": "N",
      "priceChangeCode": "E",
      "quantityPricePerUOM": 11.83,
      "quantityActivationDate": "23-03-2024",
      "quantityPriceChangeCode": "E"
    },
    "isAvailable": true,
    "isPriceAvailable": true,
    "inPromo": false,
    "gtin": [
      "08006540475980",
      "08006540475973",
      "85400141874743",
      "15400141874737"
    ],
    "topCategoryName": "Lichaamsverzorging/Parfumerie",
    "topCategoryId": "591",
    "businessDomain": "RETAIL_BE",
    "IsPrivateLabel": false,
    "IsBiffe": false,
    "WeightconversionFactor": "0",
    "IsWeightArticle": false,
    "IsBio": false,
    "CountryOfOrigin": "FRANKRIJK",
    "IsExclusivelySoldInLuxembourg": false,
    "OrderUnit": "P",
    "ShortName": "PANT.SH.ZACHT&GL.225",
    "IsNew": false,
    "RecentQuanityOfStockUnits": "1,3",
    "LongName": "PANTENE Shampoo Glad & Zijdezacht 225ml",
    "FicCode": "N"
  },
  {
    "productId": "642604",
    "technicalArticleNumber": "4336914",
    "commercialArticleNumber": "346130",
    "name": "hydraterende dagcrème spf15",
    "description": "*Dagcrème SPF15\n*50ml\n*Normale huid",
    "brand": "NIVEA",
    "seoBrand": "Nivea",
    "thumbNail": "https://static.colruytgroup.com/images/200x200/std.lang.all/58/94/asset-2245894.jpg",
    "fullImage": "https://static.colruytgroup.com/images/500x500/std.lang.all/58/94/asset-2245894.jpg",
    "squareImage": "https://static.colruytgroup.com/images/500x500sq/std.lang.all/58/94/asset-2245894.jpg",
    "content": "50ml",
    "walkRouteSequenceNumber": 15621,
    "price": {
      "basicPrice": 6.65,
      "recommendedQuantity": "1.0",
      "measurementUnitPrice": 133,
      "measurementUnit": "L",
      "isRedPrice": false,
      "pricePerUOM": 133,
      "activationDate": "23-03-2024",
      "recordSource": "Offline",
      "isPromoActive": "N",
      "priceChangeCode": "E"
    },
    "isAvailable": true,
    "isPriceAvailable": true,
    "inPromo": false,
    "gtin": [
      "04005900914606",
      "04005900914613",
      "04005900741264",
      "04005900741257",
      "04005900741240"
    ],
    "topCategoryName": "Lichaamsverzorging/Parfumerie",
    "topCategoryId": "591",
    "businessDomain": "NON_FOOD",
    "IsPrivateLabel": false,
    "IsBiffe": false,
    "IsWeightArticle": false,
    "RecentQuanityOfStockUnits": "1",
    "LongName": "NIVEA hydraterende dagcrème spf15 50ml",
    "IsBio": false,
    "AlcoholVolume": "0",
    "CountryOfOrigin": "POLEN",
    "FicCode": "N",
    "OrderUnit": "P",
    "ShortName": "NIV.HYDRA.DAG NH 50ML",
    "IsNew": false
  },
  {
    "productId": "58751",
    "technicalArticleNumber": "2358451",
    "commercialArticleNumber": "832344",
    "name": "Wegwerpscheerapparaat Roze",
    "description": "*Wegwerpscheermes\nmet 3-voudig mesje\n*4 stuks",
    "brand": "BONI",
    "seoBrand": "Boni Selection",
    "thumbNail": "https://static.colruytgroup.com/images/200x200/std.lang.all/26/43/asset-1582643.jpg",
    "fullImage": "https://static.colruytgroup.com/images/500x500/std.lang.all/26/43/asset-1582643.jpg",
    "squareImage": "https://static.colruytgroup.com/images/500x500sq/std.lang.all/26/43/asset-1582643.jpg",
    "content": "4st",
    "walkRouteSequenceNumber": 15131,
    "price": {
      "basicPrice": 1.9,
      "recommendedQuantity": "1.0",
      "measurementUnitPrice": 0.475,
      "measurementUnit": "S",
      "isRedPrice": false,
      "pricePerUOM": 0.475,
      "activationDate": "20-03-2024",
      "recordSource": "Folder",
      "isPromoActive": "N",
      "priceChangeCode": "L"
    },
    "isAvailable": true,
    "isPriceAvailable": true,
    "inPromo": false,
    "gtin": [
      "15400141589648",
      "05400141589641"
    ],
    "topCategoryName": "Lichaamsverzorging/Parfumerie",
    "topCategoryId": "591",
    "businessDomain": "NON_FOOD",
    "IsPrivateLabel": true,
    "IsBiffe": false,
    "IsWeightArticle": false,
    "RecentQuanityOfStockUnits": "1",
    "LongName": "BONI Wegwerpscheerapparaat Roze 4st",
    "IsBio": false,
    "CountryOfOrigin": "BELGIË",
    "FicCode": "N",
    "OrderUnit": "P",
    "ShortName": "BONI 4 WEGWERPMES",
    "IsNew": false
  },
  {
    "productId": "879101",
    "technicalArticleNumber": "4735329",
    "commercialArticleNumber": "20844",
    "name": "Charcoal Conditioner",
    "description": "*Conditioner\n*200 ml\n*Charcoal",
    "brand": "ULTRA DOUX",
    "seoBrand": "Ultra Doux",
    "thumbNail": "https://static.colruytgroup.com/images/200x200/std.lang.all/77/30/asset-3417730.jpg",
    "fullImage": "https://static.colruytgroup.com/images/500x500/std.lang.all/77/30/asset-3417730.jpg",
    "squareImage": "https://static.colruytgroup.com/images/500x500sq/std.lang.all/77/30/asset-3417730.jpg",
    "content": "200ml",
    "walkRouteSequenceNumber": 15338,
    "price": {
      "basicPrice": 3.59,
      "recommendedQuantity": "1.0",
      "quantityPrice": 2.33,
      "quantityPriceQuantity": "3.0",
      "measurementUnitPrice": 17.95,
      "measurementUnitQuantityPrice": 11.65,
      "measurementUnit": "L",
      "isRedPrice": false,
      "pricePerUOM": 17.95,
      "activationDate": "19-03-2024",
      "recordSource": "Offline",
      "isPromoActive": "N",
      "priceChangeCode": "E",
      "quantityPricePerUOM": 11.65,
      "quantityActivationDate": "19-03-2024",
      "quantityPriceChangeCode": "H"
    },
    "isAvailable": true,
    "isPriceAvailable": true,
    "inPromo": false,
    "gtin": [
      "03600542512329",
      "05410103172835"
    ],
    "topCategoryName": "Lichaamsverzorging/Parfumerie",
    "topCategoryId": "591",
    "businessDomain": "RETAIL_BE",
    "IsPrivateLabel": false,
    "IsBiffe": false,
    "WeightconversionFactor": "0",
    "IsWeightArticle": false,
    "IsBio": false,
    "CountryOfOrigin": "POLEN",
    "IsExclusivelySoldInLuxembourg": false,
    "OrderUnit": "P",
    "ShortName": "ULT.D.CHARCOAL CONDI200",
    "IsNew": false,
    "RecentQuanityOfStockUnits": "1,2",
    "LongName": "ULTRA DOUX Charcoal Conditioner 200ml",
    "FicCode": "N"
  },
  {
    "productId": "274445",
    "technicalArticleNumber": "3629216",
    "commercialArticleNumber": "346717",
    "name": "glijmiddel naturel",
    "description": "*100% natuurlijk\ndun",
    "brand": "DUREX",
    "seoBrand": "Durex",
    "thumbNail": "https://static.colruytgroup.com/images/200x200/std.lang.all/18/39/asset-1131839.jpg",
    "fullImage": "https://static.colruytgroup.com/images/500x500/std.lang.all/18/39/asset-1131839.jpg",
    "squareImage": "https://static.colruytgroup.com/images/500x500sq/std.lang.all/18/39/asset-1131839.jpg",
    "content": "100ml",
    "walkRouteSequenceNumber": 14569,
    "price": {
      "basicPrice": 11.99,
      "recommendedQuantity": "1.0",
      "measurementUnitPrice": 119.9,
      "measurementUnit": "L",
      "isRedPrice": false,
      "pricePerUOM": 119.9,
      "activationDate": "01-03-2024",
      "recordSource": "Offline",
      "isPromoActive": "N",
      "priceChangeCode": "H"
    },
    "isAvailable": true,
    "isPriceAvailable": true,
    "inPromo": false,
    "gtin": [
      "03059948001430",
      "23059948001434",
      "63059948001432"
    ],
    "topCategoryName": "Lichaamsverzorging/Parfumerie",
    "topCategoryId": "591",
    "businessDomain": "NON_FOOD",
    "IsPrivateLabel": false,
    "IsBiffe": false,
    "IsWeightArticle": false,
    "RecentQuanityOfStockUnits": "1",
    "LongName": "DUREX glijmiddel naturel 100ml",
    "IsBio": false,
    "CountryOfOrigin": "THAILAND",
    "FicCode": "N",
    "OrderUnit": "P",
    "ShortName": "DUREX NATURAL GEL 100ML",
    "IsNew": false
  },
  {
    "productId": "17698",
    "technicalArticleNumber": "1561595",
    "commercialArticleNumber": "654478",
    "name": "Bodylotion",
    "description": "*Lichaamscrème\n*Lotion droge huid\n*Voedende verzorging",
    "brand": "DOVE",
    "seoBrand": "Dove",
    "thumbNail": "https://static.colruytgroup.com/images/200x200/std.lang.all/81/52/asset-1818152.jpg",
    "fullImage": "https://static.colruytgroup.com/images/500x500/std.lang.all/81/52/asset-1818152.jpg",
    "squareImage": "https://static.colruytgroup.com/images/500x500sq/std.lang.all/81/52/asset-1818152.jpg",
    "content": "400ml",
    "walkRouteSequenceNumber": 15267,
    "price": {
      "basicPrice": 4.49,
      "recommendedQuantity": "1.0",
      "measurementUnitPrice": 11.23,
      "measurementUnit": "L",
      "isRedPrice": false,
      "pricePerUOM": 11.23,
      "activationDate": "23-03-2024",
      "recordSource": "Folder",
      "isPromoActive": "N",
      "priceChangeCode": "E"
    },
    "isAvailable": true,
    "isPriceAvailable": true,
    "inPromo": false,
    "gtin": [
      "04000388563865",
      "08711600563339",
      "08711600565685",
      "08711600565692",
      "08711600644731",
      "08711600975125",
      "08717163094457",
      "08717163094464",
      "08717163559802",
      "08717163559819",
      "08718114229652",
      "08718114229669",
      "04000388171008",
      "04000388563803",
      "04000388563810",
      "08711600368804",
      "08711600452824",
      "08711600452817",
      "04000388171060",
      "08717163447314"
    ],
    "topCategoryName": "Lichaamsverzorging/Parfumerie",
    "topCategoryId": "591",
    "businessDomain": "NON_FOOD",
    "IsPrivateLabel": false,
    "IsBiffe": false,
    "IsWeightArticle": false,
    "RecentQuanityOfStockUnits": "1,1",
    "LongName": "DOVE Bodylotion 400ml",
    "IsBio": false,
    "AlcoholVolume": "0",
    "CountryOfOrigin": "BELGIË",
    "FicCode": "N",
    "OrderUnit": "P",
    "ShortName": "DOVE BEAUTY LOTION 400",
    "IsNew": false
  },
  {
    "productId": "900552",
    "technicalArticleNumber": "4757757",
    "commercialArticleNumber": "23250",
    "name": "extra 2 sens.10+5gr",
    "description": "*Wegwerpscheermessen\nmet 2-voudig mesje\n*10+5 stuks",
    "brand": "WILKINSON SWORD",
    "seoBrand": "Wilkinson Sword",
    "thumbNail": "https://static.colruytgroup.com/images/200x200/std.lang.all/06/22/asset-3330622.jpg",
    "fullImage": "https://static.colruytgroup.com/images/500x500/std.lang.all/06/22/asset-3330622.jpg",
    "squareImage": "https://static.colruytgroup.com/images/500x500sq/std.lang.all/06/22/asset-3330622.jpg",
    "content": "15st",
    "walkRouteSequenceNumber": 15043,
    "price": {
      "basicPrice": 7.98,
      "recommendedQuantity": "1.0",
      "measurementUnitPrice": 0.54,
      "measurementUnit": "S",
      "isRedPrice": false,
      "pricePerUOM": 0.54,
      "activationDate": "21-03-2024",
      "recordSource": "Offline",
      "isPromoActive": "N",
      "priceChangeCode": "E"
    },
    "isAvailable": true,
    "isPriceAvailable": true,
    "inPromo": false,
    "gtin": [
      "04027800348503",
      "04027800348510"
    ],
    "topCategoryName": "Lichaamsverzorging/Parfumerie",
    "topCategoryId": "591",
    "businessDomain": "RETAIL_BE",
    "IsPrivateLabel": false,
    "IsBiffe": false,
    "WeightconversionFactor": "0",
    "IsWeightArticle": false,
    "IsBio": false,
    "CountryOfOrigin": "TSJECHIË (REPUBLIEK)",
    "IsExclusivelySoldInLuxembourg": false,
    "OrderUnit": "P",
    "ShortName": "WILK.EXTRA 2 SENS 10+5",
    "IsNew": false,
    "RecentQuanityOfStockUnits": "1",
    "LongName": "WILKINSON SWORD extra 2 sens.10+5gr 15st",
    "AlcoholVolume": "0",
    "FicCode": "N"
  },
  {
    "productId": "698347",
    "technicalArticleNumber": "4429239",
    "commercialArticleNumber": "3881",
    "name": "douche avoc/lotus",
    "description": "*douchegel 225ml\n*assortiment\n-Lotus\n-Avocaat",
    "brand": "DOVE",
    "seoBrand": "Dove",
    "thumbNail": "https://static.colruytgroup.com/images/200x200/std.lang.all/42/63/asset-2824263.jpg",
    "fullImage": "https://static.colruytgroup.com/images/500x500/std.lang.all/42/63/asset-2824263.jpg",
    "squareImage": "https://static.colruytgroup.com/images/500x500sq/std.lang.all/42/63/asset-2824263.jpg",
    "content": "225ml",
    "walkRouteSequenceNumber": 14711,
    "price": {
      "basicPrice": 3.42,
      "recommendedQuantity": "1.0",
      "measurementUnitPrice": 15.2,
      "measurementUnit": "L",
      "isRedPrice": false,
      "pricePerUOM": 15.2,
      "activationDate": "21-03-2024",
      "recordSource": "Folder",
      "isPromoActive": "N",
      "priceChangeCode": "H"
    },
    "isAvailable": true,
    "isPriceAvailable": true,
    "inPromo": true,
    "promotion": [
      {
        "techPromoId": "100897COLR",
        "promotionId": "100897",
        "promotionType": "4",
        "isPersonalized": "N",
        "publicationStartDate": "13-03-2024",
        "publicationEndDate": "26-03-2024"
      }
    ],
    "gtin": [
      "08720181185151",
      "08720181184550",
      "08720181180286",
      "08720181180729",
      "08720181222894",
      "08720181222979",
      "08720181223853",
      "65400141540712",
      "08720181222467",
      "08720181222412",
      "08720181223730",
      "08710847933271",
      "08710847933325",
      "08710847933301",
      "08710847933288"
    ],
    "topCategoryName": "Lichaamsverzorging/Parfumerie",
    "topCategoryId": "591",
    "businessDomain": "RETAIL_BE",
    "IsPrivateLabel": false,
    "IsBiffe": false,
    "WeightconversionFactor": "0",
    "IsWeightArticle": false,
    "IsBio": false,
    "CountryOfOrigin": "DUITSLAND",
    "IsExclusivelySoldInLuxembourg": false,
    "OrderUnit": "P",
    "ShortName": "DOVE DCH AVOC/LOTUS 225",
    "IsNew": false,
    "RecentQuanityOfStockUnits": "2,1,1,1",
    "LongName": "DOVE douche avoc/lotus 225ml",
    "FicCode": "N"
  },
  {
    "productId": "847212",
    "technicalArticleNumber": "4693563",
    "commercialArticleNumber": "17315",
    "name": "mesjes",
    "brand": "GILLETTE",
    "seoBrand": "Gillette Mach3",
    "thumbNail": "https://static.colruytgroup.com/images/200x200/std.lang.all/30/92/asset-3193092.jpg",
    "fullImage": "https://static.colruytgroup.com/images/500x500/std.lang.all/30/92/asset-3193092.jpg",
    "squareImage": "https://static.colruytgroup.com/images/500x500sq/std.lang.all/30/92/asset-3193092.jpg",
    "content": "8st",
    "walkRouteSequenceNumber": 18186,
    "price": {
      "basicPrice": 28.89,
      "recommendedQuantity": "1.0",
      "quantityPrice": 19.26,
      "quantityPriceQuantity": "3.0",
      "measurementUnitPrice": 3.62,
      "measurementUnitQuantityPrice": 2.41,
      "measurementUnit": "S",
      "isRedPrice": false,
      "pricePerUOM": 3.62,
      "activationDate": "21-03-2024",
      "recordSource": "Offline",
      "isPromoActive": "N",
      "priceChangeCode": "E",
      "quantityPricePerUOM": 2.41,
      "quantityActivationDate": "21-03-2024",
      "quantityPriceChangeCode": "H"
    },
    "isAvailable": true,
    "isPriceAvailable": true,
    "inPromo": false,
    "gtin": [
      "08001090428400",
      "08001090428448"
    ],
    "topCategoryName": "Lichaamsverzorging/Parfumerie",
    "topCategoryId": "591",
    "businessDomain": "RETAIL_BE",
    "IsPrivateLabel": false,
    "IsBiffe": false,
    "WeightconversionFactor": "0",
    "IsWeightArticle": false,
    "IsBio": false,
    "CountryOfOrigin": "POLEN",
    "IsExclusivelySoldInLuxembourg": false,
    "OrderUnit": "P",
    "ShortName": "GILL MACH3 8MESJES",
    "IsNew": false,
    "RecentQuanityOfStockUnits": "1",
    "LongName": "GILLETTE mesjes 8st",
    "FicCode": "N"
  },
  {
    "productId": "17166",
    "technicalArticleNumber": "1559968",
    "commercialArticleNumber": "654421",
    "name": "hydra nutrition dag",
    "description": "*Dagcrème\n*50 ml\n*Gevoelig-droge huid",
    "brand": "DIADERMINE",
    "seoBrand": "Diadermine",
    "thumbNail": "https://static.colruytgroup.com/images/200x200/std.lang.all/60/87/asset-3226087.jpg",
    "fullImage": "https://static.colruytgroup.com/images/500x500/std.lang.all/60/87/asset-3226087.jpg",
    "squareImage": "https://static.colruytgroup.com/images/500x500sq/std.lang.all/60/87/asset-3226087.jpg",
    "content": "50ml",
    "walkRouteSequenceNumber": 15543,
    "price": {
      "basicPrice": 6.15,
      "recommendedQuantity": "1.0",
      "measurementUnitPrice": 123,
      "measurementUnit": "L",
      "isRedPrice": false,
      "pricePerUOM": 123,
      "activationDate": "02-03-2024",
      "recordSource": "Offline",
      "isPromoActive": "N",
      "priceChangeCode": "H"
    },
    "isAvailable": true,
    "isPriceAvailable": true,
    "inPromo": false,
    "gtin": [
      "05412530935960",
      "05410091768942",
      "05410091637729",
      "05412530704740",
      "05412530848895",
      "05410091728090"
    ],
    "topCategoryName": "Lichaamsverzorging/Parfumerie",
    "topCategoryId": "591",
    "businessDomain": "NON_FOOD",
    "IsPrivateLabel": false,
    "IsBiffe": false,
    "IsWeightArticle": false,
    "RecentQuanityOfStockUnits": "1,1",
    "LongName": "DIADERMINE hydra nutrition dag 50ml",
    "IsBio": false,
    "AlcoholVolume": "0",
    "CountryOfOrigin": "BELGIË",
    "FicCode": "N",
    "OrderUnit": "P",
    "ShortName": "DIAD.NUTRITION DAGCREME",
    "IsNew": false
  },
  {
    "productId": "122706",
    "technicalArticleNumber": "3192753",
    "commercialArticleNumber": "21418",
    "name": "Luiers Plus M",
    "description": "*Luiers Plus M (9s)\n*Zwaar urineverlies\n*Triple Protection\n*Odour Control\n*Parfumvrij",
    "brand": "TENA",
    "seoBrand": "Tena",
    "thumbNail": "https://static.colruytgroup.com/images/200x200/std.lang.all/61/17/asset-3016117.jpg",
    "fullImage": "https://static.colruytgroup.com/images/500x500/std.lang.all/61/17/asset-3016117.jpg",
    "squareImage": "https://static.colruytgroup.com/images/500x500sq/std.lang.all/61/17/asset-3016117.jpg",
    "content": "9st",
    "walkRouteSequenceNumber": 13961,
    "price": {
      "basicPrice": 12.33,
      "recommendedQuantity": "1.0",
      "measurementUnitPrice": 1.37,
      "measurementUnit": "S",
      "isRedPrice": false,
      "pricePerUOM": 1.37,
      "activationDate": "21-03-2024",
      "recordSource": "Folder",
      "isPromoActive": "N",
      "priceChangeCode": "L"
    },
    "isAvailable": true,
    "isPriceAvailable": true,
    "inPromo": true,
    "promotion": [
      {
        "techPromoId": "100838COLR",
        "promotionId": "100838",
        "promotionType": "3",
        "isPersonalized": "N",
        "publicationStartDate": "13-03-2024",
        "publicationEndDate": "26-03-2024"
      }
    ],
    "gtin": [
      "07322540592412",
      "07322540686142",
      "05400141242836"
    ],
    "topCategoryName": "Lichaamsverzorging/Parfumerie",
    "topCategoryId": "591",
    "businessDomain": "RETAIL_BE",
    "IsPrivateLabel": false,
    "IsBiffe": false,
    "WeightconversionFactor": "0",
    "IsWeightArticle": false,
    "IsBio": false,
    "CountryOfOrigin": "NEDERLAND",
    "IsExclusivelySoldInLuxembourg": false,
    "OrderUnit": "P",
    "ShortName": "TENA LUIERS PLUS MED.9S",
    "IsNew": false,
    "RecentQuanityOfStockUnits": "1",
    "LongName": "TENA Luiers Plus M 9st",
    "AlcoholVolume": "0",
    "FicCode": "N"
  },
  {
    "productId": "618931",
    "technicalArticleNumber": "4296526",
    "commercialArticleNumber": "17806",
    "name": "tandenborstel charcoal M",
    "description": "*Medium\n*Charbon\nborstelharen\n*Zachte tongborstel",
    "brand": "COLGATE",
    "seoBrand": "Colgate",
    "thumbNail": "https://static.colruytgroup.com/images/200x200/std.lang.all/37/53/asset-2133753.jpg",
    "fullImage": "https://static.colruytgroup.com/images/500x500/std.lang.all/37/53/asset-2133753.jpg",
    "squareImage": "https://static.colruytgroup.com/images/500x500sq/std.lang.all/37/53/asset-2133753.jpg",
    "content": "3st",
    "walkRouteSequenceNumber": 14202,
    "price": {
      "basicPrice": 13.59,
      "recommendedQuantity": "1.0",
      "measurementUnitPrice": 4.53,
      "measurementUnit": "S",
      "isRedPrice": false,
      "pricePerUOM": 4.53,
      "activationDate": "22-03-2024",
      "recordSource": "Offline",
      "isPromoActive": "N",
      "priceChangeCode": "H"
    },
    "isAvailable": true,
    "isPriceAvailable": true,
    "inPromo": false,
    "gtin": [
      "08718951179936",
      "08718951179912"
    ],
    "topCategoryName": "Lichaamsverzorging/Parfumerie",
    "topCategoryId": "591",
    "businessDomain": "RETAIL_BE",
    "IsPrivateLabel": false,
    "IsBiffe": false,
    "WeightconversionFactor": "0",
    "IsWeightArticle": false,
    "IsBio": false,
    "CountryOfOrigin": "CHINA (VOLKSREBUPLIEK)",
    "IsExclusivelySoldInLuxembourg": false,
    "OrderUnit": "P",
    "ShortName": "COLG.TB.CHARCOAL M 3ST",
    "IsNew": false,
    "RecentQuanityOfStockUnits": "1",
    "LongName": "COLGATE tandenborstel charcoal M 3st",
    "FicCode": "N"
  },
  {
    "productId": "5957",
    "technicalArticleNumber": "346821",
    "commercialArticleNumber": "346821",
    "name": "zuiverende tonic",
    "description": "*Zuiverende tonic\n*200 ml\n*Elk huidtype",
    "brand": "DIADERMINE",
    "seoBrand": "Diadermine",
    "thumbNail": "https://static.colruytgroup.com/images/200x200/std.lang.all/34/54/asset-2823454.jpg",
    "fullImage": "https://static.colruytgroup.com/images/500x500/std.lang.all/34/54/asset-2823454.jpg",
    "squareImage": "https://static.colruytgroup.com/images/500x500sq/std.lang.all/34/54/asset-2823454.jpg",
    "content": "200ml",
    "walkRouteSequenceNumber": 15564,
    "price": {
      "basicPrice": 3.85,
      "recommendedQuantity": "1.0",
      "measurementUnitPrice": 19.25,
      "measurementUnit": "L",
      "isRedPrice": false,
      "pricePerUOM": 19.25,
      "activationDate": "13-03-2024",
      "recordSource": "Offline",
      "isPromoActive": "N",
      "priceChangeCode": "E"
    },
    "isAvailable": true,
    "isPriceAvailable": true,
    "inPromo": false,
    "gtin": [
      "05412530624017",
      "05412530850621",
      "15412530643879",
      "05410091223830",
      "05410091607180",
      "05410091680442",
      "05410091728946",
      "05412530643872",
      "05412530763525",
      "05412530850614"
    ],
    "topCategoryName": "Lichaamsverzorging/Parfumerie",
    "topCategoryId": "591",
    "businessDomain": "NON_FOOD",
    "IsPrivateLabel": false,
    "IsBiffe": false,
    "IsWeightArticle": false,
    "RecentQuanityOfStockUnits": "1",
    "LongName": "DIADERMINE zuiverende tonic 200ml",
    "IsBio": false,
    "AlcoholVolume": "0",
    "CountryOfOrigin": "SLOVENIË",
    "FicCode": "N",
    "OrderUnit": "P",
    "ShortName": "DIAD.TONIC PURIFIA.200M",
    "IsNew": false
  },
  {
    "productId": "28916",
    "technicalArticleNumber": "1920490",
    "commercialArticleNumber": "720747",
    "name": "massage glijmid. aloë vera",
    "description": "*Met vitamine E",
    "brand": "DUREX",
    "seoBrand": "Durex",
    "thumbNail": "https://static.colruytgroup.com/images/200x200/std.lang.all/51/99/asset-2785199.jpg",
    "fullImage": "https://static.colruytgroup.com/images/500x500/std.lang.all/51/99/asset-2785199.jpg",
    "squareImage": "https://static.colruytgroup.com/images/500x500sq/std.lang.all/51/99/asset-2785199.jpg",
    "content": "200ml",
    "walkRouteSequenceNumber": 14565,
    "price": {
      "basicPrice": 9.59,
      "recommendedQuantity": "1.0",
      "measurementUnitPrice": 47.95,
      "measurementUnit": "L",
      "isRedPrice": false,
      "pricePerUOM": 47.95,
      "activationDate": "01-03-2024",
      "recordSource": "Offline",
      "isPromoActive": "N",
      "priceChangeCode": "H"
    },
    "isAvailable": true,
    "isPriceAvailable": true,
    "inPromo": false,
    "gtin": [
      "05038483499962",
      "08710451135962",
      "08710451135955",
      "05038483238189",
      "05038483499955",
      "05038483499948",
      "05038483274316"
    ],
    "topCategoryName": "Lichaamsverzorging/Parfumerie",
    "topCategoryId": "591",
    "businessDomain": "NON_FOOD",
    "IsPrivateLabel": false,
    "IsBiffe": false,
    "IsWeightArticle": false,
    "RecentQuanityOfStockUnits": "1",
    "LongName": "DUREX massage glijmid. aloë vera 200ml",
    "IsBio": false,
    "CountryOfOrigin": "VERENIGD KONINKRIJK",
    "FicCode": "N",
    "OrderUnit": "P",
    "ShortName": "DUREX GLIJ-MASSAGE ALOE",
    "IsNew": false
  },
  {
    "productId": "847524",
    "technicalArticleNumber": "4693933",
    "commercialArticleNumber": "20330",
    "name": "wegwerpmes 8+4gr",
    "description": "*Wegwerpscheermessen\nmet 3-voudig mesje\n*8 + 4 stuks",
    "brand": "GILLETTE SENSOR 3",
    "seoBrand": "Gillette Sensor 3",
    "thumbNail": "https://static.colruytgroup.com/images/200x200/std.lang.all/69/94/asset-3166994.jpg",
    "fullImage": "https://static.colruytgroup.com/images/500x500/std.lang.all/69/94/asset-3166994.jpg",
    "squareImage": "https://static.colruytgroup.com/images/500x500sq/std.lang.all/69/94/asset-3166994.jpg",
    "content": "12st",
    "walkRouteSequenceNumber": 15048,
    "price": {
      "basicPrice": 18.39,
      "recommendedQuantity": "1.0",
      "measurementUnitPrice": 1.54,
      "measurementUnit": "S",
      "isRedPrice": false,
      "pricePerUOM": 1.54,
      "activationDate": "13-03-2024",
      "recordSource": "Offline",
      "isPromoActive": "N",
      "priceChangeCode": "H"
    },
    "isAvailable": true,
    "isPriceAvailable": true,
    "inPromo": false,
    "gtin": [
      "08006540742273",
      "08006540742266"
    ],
    "topCategoryName": "Lichaamsverzorging/Parfumerie",
    "topCategoryId": "591",
    "businessDomain": "RETAIL_BE",
    "IsPrivateLabel": false,
    "IsBiffe": false,
    "WeightconversionFactor": "0",
    "IsWeightArticle": false,
    "IsBio": false,
    "CountryOfOrigin": "POLEN",
    "IsExclusivelySoldInLuxembourg": false,
    "OrderUnit": "P",
    "ShortName": "GILL SEN3 WEGWERP 8ST+4",
    "IsNew": false,
    "RecentQuanityOfStockUnits": "1",
    "LongName": "GILLETTE SENSOR 3 wegwerpmes 8+4gr 12st",
    "FicCode": "N"
  },
  {
    "productId": "522494",
    "technicalArticleNumber": "4107782",
    "commercialArticleNumber": "8646",
    "name": "douche 0% ananas",
    "brand": "TAHITI",
    "seoBrand": "Tahiti",
    "thumbNail": "https://static.colruytgroup.com/images/200x200/std.lang.all/70/84/asset-1817084.jpg",
    "fullImage": "https://static.colruytgroup.com/images/500x500/std.lang.all/70/84/asset-1817084.jpg",
    "squareImage": "https://static.colruytgroup.com/images/500x500sq/std.lang.all/70/84/asset-1817084.jpg",
    "content": "250ml",
    "walkRouteSequenceNumber": 14630,
    "price": {
      "basicPrice": 3.49,
      "recommendedQuantity": "1.0",
      "quantityPrice": 1.89,
      "quantityPriceQuantity": "4.0",
      "measurementUnitPrice": 13.96,
      "measurementUnitQuantityPrice": 7.56,
      "measurementUnit": "L",
      "isRedPrice": false,
      "pricePerUOM": 13.96,
      "activationDate": "23-03-2024",
      "recordSource": "Offline",
      "isPromoActive": "N",
      "priceChangeCode": "E",
      "quantityPricePerUOM": 7.56,
      "quantityActivationDate": "23-03-2024",
      "quantityPriceChangeCode": "E"
    },
    "isAvailable": true,
    "isPriceAvailable": true,
    "inPromo": false,
    "gtin": [
      "75400141276045",
      "08718951263895",
      "08718951263888"
    ],
    "topCategoryName": "Lichaamsverzorging/Parfumerie",
    "topCategoryId": "591",
    "businessDomain": "RETAIL_BE",
    "IsPrivateLabel": false,
    "IsBiffe": false,
    "WeightconversionFactor": "0",
    "IsWeightArticle": false,
    "IsBio": false,
    "CountryOfOrigin": "FRANKRIJK",
    "IsExclusivelySoldInLuxembourg": false,
    "OrderUnit": "P",
    "ShortName": "TAHI DCH 0% ANANAS250ML",
    "IsNew": false,
    "RecentQuanityOfStockUnits": "2,1",
    "LongName": "TAHITI douche 0% ananas 250ml",
    "FicCode": "N"
  },
  {
    "productId": "446948",
    "technicalArticleNumber": "4033476",
    "commercialArticleNumber": "5742",
    "name": "vloeibare zeep ass.",
    "description": "*Vloeibare zeep\n*500ml\n*Parfums:\n-Douceur Pure\n-Douceur Fruité",
    "brand": "LE CHAT",
    "seoBrand": "Le Chat",
    "thumbNail": "https://static.colruytgroup.com/images/200x200/std.lang.all/79/40/asset-1767940.jpg",
    "fullImage": "https://static.colruytgroup.com/images/500x500/std.lang.all/79/40/asset-1767940.jpg",
    "squareImage": "https://static.colruytgroup.com/images/500x500sq/std.lang.all/79/40/asset-1767940.jpg",
    "content": "500ml",
    "walkRouteSequenceNumber": 18675,
    "price": {
      "basicPrice": 6.45,
      "recommendedQuantity": "1.0",
      "measurementUnitPrice": 12.9,
      "measurementUnit": "L",
      "isRedPrice": false,
      "pricePerUOM": 12.9,
      "activationDate": "13-03-2024",
      "recordSource": "Offline",
      "isPromoActive": "N",
      "priceChangeCode": "L"
    },
    "isAvailable": true,
    "isPriceAvailable": true,
    "inPromo": false,
    "gtin": [
      "03178040715820",
      "03178041498425",
      "03701603704865",
      "03178041362344",
      "03178040715905",
      "03178040711570",
      "03178041282383",
      "03178041282543",
      "03178041340557",
      "03178040711563",
      "03178041340519"
    ],
    "topCategoryName": "Lichaamsverzorging/Parfumerie",
    "topCategoryId": "591",
    "businessDomain": "RETAIL_BE",
    "IsPrivateLabel": false,
    "IsBiffe": false,
    "WeightconversionFactor": "0",
    "IsWeightArticle": false,
    "IsBio": false,
    "CountryOfOrigin": "SLOVENIË",
    "IsExclusivelySoldInLuxembourg": false,
    "OrderUnit": "P",
    "ShortName": "LE CHAT VL.ZEEP ASS.500",
    "IsNew": false,
    "RecentQuanityOfStockUnits": "1,1,3",
    "LongName": "LE CHAT vloeibare zeep ass. 500ml",
    "FicCode": "N"
  },
  {
    "productId": "864472",
    "technicalArticleNumber": "4716282",
    "commercialArticleNumber": "32014",
    "name": "douchegel prebioticia kids",
    "description": "*Douchegel&Badschuim\n*Hypo-allergeen\n*Kinderen\n*Lichaam & Haar\n*0% Sulfaten",
    "brand": "SANEX",
    "seoBrand": "Sanex",
    "thumbNail": "https://static.colruytgroup.com/images/200x200/std.lang.all/57/71/asset-3195771.jpg",
    "fullImage": "https://static.colruytgroup.com/images/500x500/std.lang.all/57/71/asset-3195771.jpg",
    "squareImage": "https://static.colruytgroup.com/images/500x500sq/std.lang.all/57/71/asset-3195771.jpg",
    "content": "425ml",
    "walkRouteSequenceNumber": 14459,
    "price": {
      "basicPrice": 6.29,
      "recommendedQuantity": "1.0",
      "measurementUnitPrice": 14.8,
      "measurementUnit": "L",
      "isRedPrice": false,
      "pricePerUOM": 14.8,
      "activationDate": "14-03-2024",
      "recordSource": "Offline",
      "isPromoActive": "N",
      "priceChangeCode": "E"
    },
    "isAvailable": true,
    "isPriceAvailable": true,
    "inPromo": false,
    "gtin": [
      "08718951565395",
      "08718951565388"
    ],
    "topCategoryName": "Baby",
    "topCategoryId": "761",
    "businessDomain": "RETAIL_BE",
    "IsPrivateLabel": false,
    "IsBiffe": false,
    "WeightconversionFactor": "0",
    "IsWeightArticle": false,
    "IsBio": false,
    "CountryOfOrigin": "ITALIË",
    "IsExclusivelySoldInLuxembourg": false,
    "OrderUnit": "P",
    "ShortName": "SANE DCH PREB.KIDS 425",
    "IsNew": false,
    "RecentQuanityOfStockUnits": "1,6",
    "LongName": "SANEX douchegel prebioticia kids 425ml",
    "AlcoholVolume": "0",
    "FicCode": "N"
  },
  {
    "productId": "732258",
    "technicalArticleNumber": "4491008",
    "commercialArticleNumber": "13817",
    "name": "inlegkruisje inco ult.mini pl.",
    "brand": "BONI",
    "seoBrand": "Boni Selection",
    "thumbNail": "https://static.colruytgroup.com/images/200x200/std.lang.all/46/93/asset-2804693.jpg",
    "fullImage": "https://static.colruytgroup.com/images/500x500/std.lang.all/46/93/asset-2804693.jpg",
    "squareImage": "https://static.colruytgroup.com/images/500x500sq/std.lang.all/46/93/asset-2804693.jpg",
    "content": "24st",
    "walkRouteSequenceNumber": 14264,
    "price": {
      "basicPrice": 2.79,
      "recommendedQuantity": "1.0",
      "measurementUnitPrice": 0.117,
      "measurementUnit": "S",
      "isRedPrice": false,
      "pricePerUOM": 0.117,
      "activationDate": "17-01-2024",
      "recordSource": "Offline",
      "isPromoActive": "N",
      "priceChangeCode": "E"
    },
    "isAvailable": true,
    "isPriceAvailable": true,
    "inPromo": false,
    "gtin": [
      "15400141706083",
      "05400141706086"
    ],
    "topCategoryName": "Lichaamsverzorging/Parfumerie",
    "topCategoryId": "591",
    "businessDomain": "RETAIL_BE",
    "IsPrivateLabel": true,
    "IsBiffe": false,
    "WeightconversionFactor": "0",
    "IsWeightArticle": false,
    "IsBio": false,
    "CountryOfOrigin": "BELGIË",
    "IsExclusivelySoldInLuxembourg": false,
    "OrderUnit": "P",
    "ShortName": "BONI ILK INC.UL.MI.PL24",
    "IsNew": false,
    "RecentQuanityOfStockUnits": "1",
    "LongName": "BONI inlegkruisje inco ult.mini pl. 24st",
    "FicCode": "N"
  },
  {
    "productId": "618593",
    "technicalArticleNumber": "4295950",
    "commercialArticleNumber": "11233",
    "name": "intieme wasgel fresh",
    "description": "*verfrissende intieme\nwasgel is geformuleerd\nom langdurige frisheid\nte bieden en ongewenste\ngeurtjes te voorkomen.",
    "brand": "LACTACYD",
    "seoBrand": "Lactacyd",
    "thumbNail": "https://static.colruytgroup.com/images/200x200/nl_be/16/59/asset-2241659.jpg",
    "fullImage": "https://static.colruytgroup.com/images/500x500/nl_be/16/59/asset-2241659.jpg",
    "squareImage": "https://static.colruytgroup.com/images/500x500sq/nl_be/16/59/asset-2241659.jpg",
    "content": "300ml",
    "walkRouteSequenceNumber": 14555,
    "price": {
      "basicPrice": 8.69,
      "recommendedQuantity": "1.0",
      "measurementUnitPrice": 28.97,
      "measurementUnit": "L",
      "isRedPrice": false,
      "pricePerUOM": 28.97,
      "activationDate": "22-03-2024",
      "recordSource": "Offline",
      "isPromoActive": "N",
      "priceChangeCode": "L"
    },
    "isAvailable": true,
    "isPriceAvailable": true,
    "inPromo": false,
    "gtin": [
      "05412141229274",
      "05412141229342"
    ],
    "topCategoryName": "Lichaamsverzorging/Parfumerie",
    "topCategoryId": "591",
    "businessDomain": "RETAIL_BE",
    "IsPrivateLabel": false,
    "IsBiffe": false,
    "WeightconversionFactor": "0",
    "IsWeightArticle": false,
    "IsBio": false,
    "CountryOfOrigin": "BELGIË",
    "IsExclusivelySoldInLuxembourg": false,
    "OrderUnit": "P",
    "ShortName": "LACT FRESH 300ML",
    "IsNew": false,
    "RecentQuanityOfStockUnits": "1",
    "LongName": "LACTACYD intieme wasgel fresh 300ml",
    "AlcoholVolume": "0",
    "FicCode": "N"
  },
  {
    "productId": "687105",
    "technicalArticleNumber": "4411220",
    "commercialArticleNumber": "25410",
    "name": "shampoo bar ass.",
    "description": "*Shampoo bar 60g\n*assortiment van:\n-Coco: normaal haar\n-Milde Haver: broos haar\n-Avocado: voedend",
    "brand": "ULTRA DOUX",
    "seoBrand": "Ultra Doux",
    "thumbNail": "https://static.colruytgroup.com/images/200x200/std.lang.all/93/27/asset-2419327.jpg",
    "fullImage": "https://static.colruytgroup.com/images/500x500/std.lang.all/93/27/asset-2419327.jpg",
    "squareImage": "https://static.colruytgroup.com/images/500x500sq/std.lang.all/93/27/asset-2419327.jpg",
    "content": "60g",
    "walkRouteSequenceNumber": 15098,
    "price": {
      "basicPrice": 7.89,
      "recommendedQuantity": "1.0",
      "measurementUnitPrice": 131.5,
      "measurementUnit": "K",
      "isRedPrice": false,
      "pricePerUOM": 131.5,
      "activationDate": "21-03-2024",
      "recordSource": "Offline",
      "isPromoActive": "N",
      "priceChangeCode": "L"
    },
    "isAvailable": true,
    "isPriceAvailable": true,
    "inPromo": false,
    "gtin": [
      "03600542374354",
      "03600542374361",
      "03600542373913",
      "75410103866948",
      "03600542373111",
      "03600542432382"
    ],
    "topCategoryName": "Lichaamsverzorging/Parfumerie",
    "topCategoryId": "591",
    "businessDomain": "RETAIL_BE",
    "IsPrivateLabel": false,
    "IsBiffe": false,
    "WeightconversionFactor": "0",
    "IsWeightArticle": false,
    "IsBio": false,
    "CountryOfOrigin": "FRANKRIJK",
    "IsExclusivelySoldInLuxembourg": false,
    "OrderUnit": "P",
    "ShortName": "ULTD SH SOL.ASS 60G",
    "InSeason": true,
    "IsNew": false,
    "RecentQuanityOfStockUnits": "1,1,1,1",
    "LongName": "ULTRA DOUX shampoo bar ass. 60g",
    "StartSeasonDate": "18/05/2021",
    "FicCode": "N"
  },
  {
    "productId": "418603",
    "technicalArticleNumber": "3939064",
    "commercialArticleNumber": "1311",
    "name": "cd avocado/argan",
    "description": "*Conditioner\n*385ml\n-Avocado\n-Argan",
    "brand": "NATURE BOX",
    "seoBrand": "NATURE BOX",
    "thumbNail": "https://static.colruytgroup.com/images/200x200/std.lang.all/42/54/asset-2254254.jpg",
    "fullImage": "https://static.colruytgroup.com/images/500x500/std.lang.all/42/54/asset-2254254.jpg",
    "squareImage": "https://static.colruytgroup.com/images/500x500sq/std.lang.all/42/54/asset-2254254.jpg",
    "content": "385ml",
    "walkRouteSequenceNumber": 14817,
    "price": {
      "basicPrice": 5.99,
      "recommendedQuantity": "1.0",
      "measurementUnitPrice": 15.56,
      "measurementUnit": "L",
      "isRedPrice": false,
      "pricePerUOM": 15.56,
      "activationDate": "19-03-2024",
      "recordSource": "Offline",
      "isPromoActive": "N",
      "priceChangeCode": "E"
    },
    "isAvailable": true,
    "isPriceAvailable": true,
    "inPromo": false,
    "gtin": [
      "05012583508397",
      "05410091744496",
      "05410091744519",
      "09000101216134",
      "09000101216165",
      "09000101299311",
      "09000101299335",
      "15400141038771"
    ],
    "topCategoryName": "Lichaamsverzorging/Parfumerie",
    "topCategoryId": "591",
    "businessDomain": "RETAIL_BE",
    "IsPrivateLabel": false,
    "IsBiffe": false,
    "WeightconversionFactor": "0",
    "IsWeightArticle": false,
    "IsBio": false,
    "CountryOfOrigin": "BELGIË",
    "IsExclusivelySoldInLuxembourg": false,
    "OrderUnit": "P",
    "ShortName": "NAT.BOX CD AVO/ARGAN385",
    "IsNew": false,
    "RecentQuanityOfStockUnits": "1,1",
    "LongName": "NATURE BOX cd avocado/argan 385ml",
    "FicCode": "N"
  },
  {
    "productId": "190602",
    "technicalArticleNumber": "3467866",
    "commercialArticleNumber": "346408",
    "name": "mic.reinigingswater olie",
    "description": "*Micellair water\n*400 ml\n*Geen parabenen",
    "brand": "GARNIER",
    "seoBrand": "Garnier",
    "thumbNail": "https://static.colruytgroup.com/images/200x200/std.lang.all/92/26/asset-859226.jpg",
    "fullImage": "https://static.colruytgroup.com/images/500x500/std.lang.all/92/26/asset-859226.jpg",
    "squareImage": "https://static.colruytgroup.com/images/500x500sq/std.lang.all/92/26/asset-859226.jpg",
    "content": "400ml",
    "walkRouteSequenceNumber": 14768,
    "price": {
      "basicPrice": 6.99,
      "recommendedQuantity": "1.0",
      "measurementUnitPrice": 17.48,
      "measurementUnit": "L",
      "isRedPrice": false,
      "pricePerUOM": 17.48,
      "activationDate": "19-03-2024",
      "recordSource": "Offline",
      "isPromoActive": "N",
      "priceChangeCode": "H"
    },
    "isAvailable": true,
    "isPriceAvailable": true,
    "inPromo": false,
    "gtin": [
      "03600541926103",
      "03600541744424"
    ],
    "topCategoryName": "Lichaamsverzorging/Parfumerie",
    "topCategoryId": "591",
    "businessDomain": "NON_FOOD",
    "IsPrivateLabel": false,
    "IsBiffe": false,
    "IsWeightArticle": false,
    "RecentQuanityOfStockUnits": "1",
    "LongName": "GARNIER mic.reinigingswater olie 400ml",
    "IsBio": false,
    "CountryOfOrigin": "BELGIË",
    "FicCode": "N",
    "OrderUnit": "P",
    "ShortName": "GAR.MIC.OIL INFUSED 400",
    "IsNew": false
  },
  {
    "productId": "121088",
    "technicalArticleNumber": "3038763",
    "commercialArticleNumber": "282319",
    "name": "xpres 3in1 reiniging",
    "description": "*Reinigingsdoekjes\n*Elk huidtype",
    "brand": "DIADERMINE",
    "seoBrand": "Diadermine",
    "thumbNail": "https://static.colruytgroup.com/images/200x200/std.lang.all/27/39/asset-892739.jpg",
    "fullImage": "https://static.colruytgroup.com/images/500x500/std.lang.all/27/39/asset-892739.jpg",
    "squareImage": "https://static.colruytgroup.com/images/500x500sq/std.lang.all/27/39/asset-892739.jpg",
    "content": "40st",
    "walkRouteSequenceNumber": 15718,
    "price": {
      "basicPrice": 3.89,
      "recommendedQuantity": "1.0",
      "measurementUnitPrice": 0.098,
      "measurementUnit": "S",
      "isRedPrice": false,
      "pricePerUOM": 0.098,
      "activationDate": "09-03-2024",
      "recordSource": "Offline",
      "isPromoActive": "N",
      "priceChangeCode": "L"
    },
    "isAvailable": true,
    "isPriceAvailable": true,
    "inPromo": false,
    "gtin": [
      "03178041473217",
      "03178040713659",
      "05410091728830",
      "05412530803146",
      "05412530887115",
      "05412530850416",
      "05412530850409",
      "03178040585638",
      "05412530887078",
      "03178040715134",
      "03178040902589"
    ],
    "topCategoryName": "Lichaamsverzorging/Parfumerie",
    "topCategoryId": "591",
    "businessDomain": "NON_FOOD",
    "IsPrivateLabel": false,
    "IsBiffe": false,
    "IsWeightArticle": false,
    "RecentQuanityOfStockUnits": "1",
    "LongName": "DIADERMINE xpres 3in1 reiniging 40st",
    "IsBio": false,
    "CountryOfOrigin": "POLEN",
    "FicCode": "N",
    "OrderUnit": "P",
    "ShortName": "DIAD.XPRES 3IN1 DOEKJES",
    "IsNew": false
  },
  {
    "productId": "122908",
    "technicalArticleNumber": "3192770",
    "commercialArticleNumber": "21586",
    "name": "Luiers Plus L",
    "description": "*Luiers Plus L (8s)\n*Zwaar urineverlies\n*Triple Protection\n*Odour Control\n*Parfumvrij",
    "brand": "TENA",
    "seoBrand": "Tena",
    "thumbNail": "https://static.colruytgroup.com/images/200x200/std.lang.all/61/18/asset-3016118.jpg",
    "fullImage": "https://static.colruytgroup.com/images/500x500/std.lang.all/61/18/asset-3016118.jpg",
    "squareImage": "https://static.colruytgroup.com/images/500x500sq/std.lang.all/61/18/asset-3016118.jpg",
    "content": "8st",
    "walkRouteSequenceNumber": 13962,
    "price": {
      "basicPrice": 11.91,
      "recommendedQuantity": "1.0",
      "measurementUnitPrice": 1.49,
      "measurementUnit": "S",
      "isRedPrice": false,
      "pricePerUOM": 1.49,
      "activationDate": "21-03-2024",
      "recordSource": "Folder",
      "isPromoActive": "N",
      "priceChangeCode": "L"
    },
    "isAvailable": true,
    "isPriceAvailable": true,
    "inPromo": true,
    "promotion": [
      {
        "techPromoId": "100838COLR",
        "promotionId": "100838",
        "promotionType": "3",
        "isPersonalized": "N",
        "publicationStartDate": "13-03-2024",
        "publicationEndDate": "26-03-2024"
      }
    ],
    "gtin": [
      "07322540574876",
      "07322540686159",
      "05400141242843"
    ],
    "topCategoryName": "Lichaamsverzorging/Parfumerie",
    "topCategoryId": "591",
    "businessDomain": "RETAIL_BE",
    "IsPrivateLabel": false,
    "IsBiffe": false,
    "WeightconversionFactor": "0",
    "IsWeightArticle": false,
    "IsBio": false,
    "CountryOfOrigin": "NEDERLAND",
    "IsExclusivelySoldInLuxembourg": false,
    "OrderUnit": "P",
    "ShortName": "TENA LUIERS PLUS LAR.8S",
    "IsNew": false,
    "RecentQuanityOfStockUnits": "1,6",
    "LongName": "TENA Luiers Plus L 8st",
    "AlcoholVolume": "0",
    "FicCode": "N"
  },
  {
    "productId": "339153",
    "technicalArticleNumber": "3735420",
    "commercialArticleNumber": "346891",
    "name": "Body crème Repair & Care",
    "description": "*Bodycrème\n*300 ml\n*Extra droge huid",
    "brand": "NIVEA",
    "seoBrand": "Nivea",
    "thumbNail": "https://static.colruytgroup.com/images/200x200/std.lang.all/91/24/asset-1299124.jpg",
    "fullImage": "https://static.colruytgroup.com/images/500x500/std.lang.all/91/24/asset-1299124.jpg",
    "squareImage": "https://static.colruytgroup.com/images/500x500sq/std.lang.all/91/24/asset-1299124.jpg",
    "content": "300ml",
    "walkRouteSequenceNumber": 15656,
    "price": {
      "basicPrice": 6.14,
      "recommendedQuantity": "1.0",
      "measurementUnitPrice": 20.47,
      "measurementUnit": "L",
      "isRedPrice": false,
      "pricePerUOM": 20.47,
      "activationDate": "23-03-2024",
      "recordSource": "Folder",
      "isPromoActive": "N",
      "priceChangeCode": "E"
    },
    "isAvailable": true,
    "isPriceAvailable": true,
    "inPromo": false,
    "gtin": [
      "04005900463074",
      "04005900463081",
      "04005900463098"
    ],
    "topCategoryName": "Lichaamsverzorging/Parfumerie",
    "topCategoryId": "591",
    "businessDomain": "NON_FOOD",
    "IsPrivateLabel": false,
    "IsBiffe": false,
    "IsWeightArticle": false,
    "RecentQuanityOfStockUnits": "1",
    "LongName": "NIVEA Body crème Repair & Care 300ml",
    "IsBio": false,
    "CountryOfOrigin": "BELGIË",
    "FicCode": "N",
    "OrderUnit": "P",
    "ShortName": "NIV.BODY CR.REPAIR300ML",
    "IsNew": false
  },
  {
    "productId": "446007",
    "technicalArticleNumber": "4031690",
    "commercialArticleNumber": "5674",
    "name": "shampoo daily/intense",
    "description": "*Haarverzorging\n*Herstelshampoo\n*Droog haar\n*Voedende verzorging\n*Dermatologisch",
    "brand": "DOVE",
    "seoBrand": "Dove",
    "thumbNail": "https://static.colruytgroup.com/images/200x200/std.lang.all/07/41/asset-1900741.jpg",
    "fullImage": "https://static.colruytgroup.com/images/500x500/std.lang.all/07/41/asset-1900741.jpg",
    "squareImage": "https://static.colruytgroup.com/images/500x500sq/std.lang.all/07/41/asset-1900741.jpg",
    "content": "250ml",
    "walkRouteSequenceNumber": 15119,
    "price": {
      "basicPrice": 3.35,
      "recommendedQuantity": "1.0",
      "measurementUnitPrice": 13.4,
      "measurementUnit": "L",
      "isRedPrice": false,
      "pricePerUOM": 13.4,
      "activationDate": "23-03-2024",
      "recordSource": "Folder",
      "isPromoActive": "N",
      "priceChangeCode": "E"
    },
    "isAvailable": true,
    "isPriceAvailable": true,
    "inPromo": true,
    "promotion": [
      {
        "techPromoId": "100897COLR",
        "promotionId": "100897",
        "promotionType": "4",
        "isPersonalized": "N",
        "publicationStartDate": "13-03-2024",
        "publicationEndDate": "26-03-2024"
      }
    ],
    "gtin": [
      "08720181346255",
      "08718114561561",
      "08712561950879",
      "08712561888349",
      "15400141254423",
      "25400141254420",
      "03014230560033",
      "08711700614887",
      "08712561950275",
      "08712561950732",
      "08718114613994"
    ],
    "topCategoryName": "Lichaamsverzorging/Parfumerie",
    "topCategoryId": "591",
    "businessDomain": "RETAIL_BE",
    "IsPrivateLabel": false,
    "IsBiffe": false,
    "WeightconversionFactor": "0",
    "IsWeightArticle": false,
    "IsBio": false,
    "CountryOfOrigin": "BELGIË",
    "IsExclusivelySoldInLuxembourg": false,
    "OrderUnit": "P",
    "ShortName": "DOVE SH DAILY/INTEN250M",
    "IsNew": false,
    "RecentQuanityOfStockUnits": "1,2,1,1,1",
    "LongName": "DOVE shampoo daily/intense 250ml",
    "FicCode": "N"
  },
  {
    "productId": "174172",
    "technicalArticleNumber": "3336500",
    "commercialArticleNumber": "346097",
    "name": "as.waterafs.pleisters",
    "description": "*Pleister\n*Waterafstotend",
    "brand": "BONI",
    "seoBrand": "Boni Selection",
    "thumbNail": "https://static.colruytgroup.com/images/200x200/std.lang.all/94/45/asset-1319445.jpg",
    "fullImage": "https://static.colruytgroup.com/images/500x500/std.lang.all/94/45/asset-1319445.jpg",
    "squareImage": "https://static.colruytgroup.com/images/500x500sq/std.lang.all/94/45/asset-1319445.jpg",
    "content": "40st",
    "walkRouteSequenceNumber": 13926,
    "price": {
      "basicPrice": 1.85,
      "recommendedQuantity": "1.0",
      "measurementUnitPrice": 0.047,
      "measurementUnit": "S",
      "isRedPrice": false,
      "pricePerUOM": 0.047,
      "activationDate": "05-03-2024",
      "recordSource": "Offline",
      "isPromoActive": "N",
      "priceChangeCode": "H"
    },
    "isAvailable": true,
    "isPriceAvailable": true,
    "inPromo": false,
    "gtin": [
      "05400141339901",
      "15400141848097"
    ],
    "topCategoryName": "Lichaamsverzorging/Parfumerie",
    "topCategoryId": "591",
    "businessDomain": "NON_FOOD",
    "IsPrivateLabel": true,
    "IsBiffe": false,
    "IsWeightArticle": false,
    "RecentQuanityOfStockUnits": "1",
    "LongName": "BONI as.waterafs.pleisters 40st",
    "IsBio": false,
    "CountryOfOrigin": "FILIPIJNEN",
    "FicCode": "N",
    "OrderUnit": "P",
    "ShortName": "BONI 40 PLEIST.ASS",
    "IsNew": false
  },
  {
    "productId": "247357",
    "technicalArticleNumber": "3623665",
    "commercialArticleNumber": "18982",
    "name": "crème purple/Oil",
    "description": "*Verzorgende creme\n*150 ml\n*Extraordinary Oil\n*Purple",
    "brand": "ELSEVE",
    "seoBrand": "L'Oréal Paris Elseve",
    "thumbNail": "https://static.colruytgroup.com/images/200x200/std.lang.all/51/16/asset-2465116.jpg",
    "fullImage": "https://static.colruytgroup.com/images/500x500/std.lang.all/51/16/asset-2465116.jpg",
    "squareImage": "https://static.colruytgroup.com/images/500x500sq/std.lang.all/51/16/asset-2465116.jpg",
    "content": "150ml",
    "walkRouteSequenceNumber": 15304,
    "price": {
      "basicPrice": 5.87,
      "recommendedQuantity": "1.0",
      "measurementUnitPrice": 39.14,
      "measurementUnit": "L",
      "isRedPrice": false,
      "pricePerUOM": 39.14,
      "activationDate": "23-03-2024",
      "recordSource": "Folder",
      "isPromoActive": "N",
      "priceChangeCode": "E"
    },
    "isAvailable": true,
    "isPriceAvailable": true,
    "inPromo": true,
    "promotion": [
      {
        "techPromoId": "100894COLR",
        "promotionId": "100894",
        "promotionType": "4",
        "isPersonalized": "N",
        "publicationStartDate": "13-03-2024",
        "publicationEndDate": "26-03-2024"
      }
    ],
    "gtin": [
      "25410103089434",
      "03600523682867",
      "03600523019298",
      "03600523322022",
      "03600523037995",
      "75410103829479",
      "03600523560523",
      "03600523562701"
    ],
    "topCategoryName": "Lichaamsverzorging/Parfumerie",
    "topCategoryId": "591",
    "businessDomain": "RETAIL_BE",
    "IsPrivateLabel": false,
    "IsBiffe": false,
    "WeightconversionFactor": "0",
    "IsWeightArticle": false,
    "IsBio": false,
    "CountryOfOrigin": "BELGIË",
    "IsExclusivelySoldInLuxembourg": false,
    "OrderUnit": "P",
    "ShortName": "ELSE.CR.EXTR/PURP.150",
    "IsNew": false,
    "RecentQuanityOfStockUnits": "1,1",
    "LongName": "ELSEVE crème purple/Oil 150ml",
    "AlcoholVolume": "0",
    "FicCode": "N"
  },
  {
    "productId": "700116",
    "technicalArticleNumber": "4432308",
    "commercialArticleNumber": "13984",
    "name": "tampon procomfort super plus",
    "brand": "OB",
    "seoBrand": "O.B.",
    "thumbNail": "https://static.colruytgroup.com/images/200x200/std.lang.all/90/00/asset-2459000.jpg",
    "fullImage": "https://static.colruytgroup.com/images/500x500/std.lang.all/90/00/asset-2459000.jpg",
    "squareImage": "https://static.colruytgroup.com/images/500x500sq/std.lang.all/90/00/asset-2459000.jpg",
    "content": "32st",
    "walkRouteSequenceNumber": 14413,
    "price": {
      "basicPrice": 4.99,
      "recommendedQuantity": "2.0",
      "measurementUnitPrice": 0.156,
      "measurementUnit": "S",
      "isRedPrice": false,
      "pricePerUOM": 0.156,
      "activationDate": "18-01-2024",
      "recordSource": "Offline",
      "isPromoActive": "N",
      "priceChangeCode": "E"
    },
    "isAvailable": true,
    "isPriceAvailable": true,
    "inPromo": false,
    "gtin": [
      "03574661625447",
      "55400141618551",
      "03574661625430",
      "03574661624884"
    ],
    "topCategoryName": "Lichaamsverzorging/Parfumerie",
    "topCategoryId": "591",
    "businessDomain": "RETAIL_BE",
    "IsPrivateLabel": false,
    "IsBiffe": false,
    "WeightconversionFactor": "0",
    "IsWeightArticle": false,
    "IsBio": false,
    "CountryOfOrigin": "FRANKRIJK",
    "IsExclusivelySoldInLuxembourg": false,
    "OrderUnit": "P",
    "ShortName": "OB PROCOMF.SUPER PL.32S",
    "IsNew": false,
    "RecentQuanityOfStockUnits": "1,2",
    "LongName": "OB tampon procomfort super plus 32st",
    "FicCode": "N"
  },
  {
    "productId": "876885",
    "technicalArticleNumber": "4732608",
    "commercialArticleNumber": "7467",
    "name": "Dermo Nourishing",
    "description": "*Douchegel\n*Dermo Nourishing",
    "brand": "SANEX",
    "seoBrand": "Sanex",
    "thumbNail": "https://static.colruytgroup.com/images/200x200/std.lang.all/70/26/asset-3227026.jpg",
    "fullImage": "https://static.colruytgroup.com/images/500x500/std.lang.all/70/26/asset-3227026.jpg",
    "squareImage": "https://static.colruytgroup.com/images/500x500sq/std.lang.all/70/26/asset-3227026.jpg",
    "content": "700ml",
    "walkRouteSequenceNumber": 14692,
    "price": {
      "basicPrice": 6.2,
      "recommendedQuantity": "1.0",
      "measurementUnitPrice": 8.86,
      "measurementUnit": "L",
      "isRedPrice": false,
      "pricePerUOM": 8.86,
      "activationDate": "12-03-2024",
      "isPromoActive": "N",
      "priceChangeCode": "L"
    },
    "isAvailable": true,
    "isPriceAvailable": true,
    "inPromo": false,
    "gtin": [
      "08718951566026",
      "08718951566033"
    ],
    "topCategoryName": "Lichaamsverzorging/Parfumerie",
    "topCategoryId": "591",
    "businessDomain": "RETAIL_BE",
    "IsPrivateLabel": false,
    "IsBiffe": false,
    "WeightconversionFactor": "0",
    "IsWeightArticle": false,
    "IsBio": false,
    "CountryOfOrigin": "ITALIË",
    "IsExclusivelySoldInLuxembourg": false,
    "OrderUnit": "P",
    "ShortName": "SANEX DERMO NOUR. 700",
    "IsNew": false,
    "RecentQuanityOfStockUnits": "1",
    "LongName": "SANEX Dermo Nourishing 700ml",
    "AlcoholVolume": "0",
    "FicCode": "N"
  },
  {
    "productId": "140243",
    "technicalArticleNumber": "3138837",
    "commercialArticleNumber": "282560",
    "name": "Gehoorbescherming schuim",
    "brand": "QUIES",
    "seoBrand": "Quies",
    "thumbNail": "https://static.colruytgroup.com/images/200x200/std.lang.all/98/12/asset-2719812.jpg",
    "fullImage": "https://static.colruytgroup.com/images/500x500/std.lang.all/98/12/asset-2719812.jpg",
    "squareImage": "https://static.colruytgroup.com/images/500x500sq/std.lang.all/98/12/asset-2719812.jpg",
    "content": "8p",
    "walkRouteSequenceNumber": 14017,
    "price": {
      "basicPrice": 10.79,
      "recommendedQuantity": "1.0",
      "measurementUnitPrice": 0.68,
      "measurementUnit": "S",
      "isRedPrice": false,
      "pricePerUOM": 0.68,
      "activationDate": "20-03-2024",
      "recordSource": "Online",
      "isPromoActive": "N",
      "priceChangeCode": "E"
    },
    "isAvailable": true,
    "isPriceAvailable": true,
    "inPromo": false,
    "gtin": [
      "03435171193010",
      "03435171190163",
      "03435171193256"
    ],
    "topCategoryName": "Lichaamsverzorging/Parfumerie",
    "topCategoryId": "591",
    "businessDomain": "NON_FOOD",
    "IsPrivateLabel": false,
    "IsBiffe": false,
    "IsWeightArticle": false,
    "RecentQuanityOfStockUnits": "1",
    "LongName": "QUIES Gehoorbescherming schuim 8p",
    "IsBio": false,
    "AlcoholVolume": "0",
    "CountryOfOrigin": "BELGIË",
    "FicCode": "N",
    "OrderUnit": "P",
    "ShortName": "QUIES 16 OORDOPJ.SCHUIM",
    "IsNew": false
  },
  {
    "productId": "97208",
    "technicalArticleNumber": "2817775",
    "commercialArticleNumber": "9967",
    "name": "Extraordinary Oil vitalit.",
    "description": "*Olie\n*100 ml\n*Vitality",
    "brand": "ELSEVE",
    "seoBrand": "L'Oréal Paris Elseve",
    "thumbNail": "https://static.colruytgroup.com/images/200x200/std.lang.all/04/43/asset-1180443.jpg",
    "fullImage": "https://static.colruytgroup.com/images/500x500/std.lang.all/04/43/asset-1180443.jpg",
    "squareImage": "https://static.colruytgroup.com/images/500x500sq/std.lang.all/04/43/asset-1180443.jpg",
    "content": "100ml",
    "walkRouteSequenceNumber": 15298,
    "price": {
      "basicPrice": 13.39,
      "recommendedQuantity": "1.0",
      "quantityPrice": 9.79,
      "quantityPriceQuantity": "3.0",
      "measurementUnitPrice": 133.9,
      "measurementUnitQuantityPrice": 97.9,
      "measurementUnit": "L",
      "isRedPrice": false,
      "pricePerUOM": 133.9,
      "activationDate": "23-03-2024",
      "recordSource": "Offline",
      "isPromoActive": "N",
      "priceChangeCode": "E",
      "quantityPricePerUOM": 97.9,
      "quantityActivationDate": "23-03-2024",
      "quantityPriceChangeCode": "E"
    },
    "isAvailable": true,
    "isPriceAvailable": true,
    "inPromo": false,
    "gtin": [
      "03600522215684",
      "03600522215653",
      "03600522214816"
    ],
    "topCategoryName": "Lichaamsverzorging/Parfumerie",
    "topCategoryId": "591",
    "businessDomain": "RETAIL_BE",
    "IsPrivateLabel": false,
    "IsBiffe": false,
    "WeightconversionFactor": "0",
    "IsWeightArticle": false,
    "IsBio": false,
    "CountryOfOrigin": "BELGIË",
    "IsExclusivelySoldInLuxembourg": false,
    "OrderUnit": "P",
    "ShortName": "ELS.EXTR.OIL 100ML",
    "IsNew": false,
    "RecentQuanityOfStockUnits": "1",
    "LongName": "ELSEVE Extraordinary Oil vitalit. 100ml",
    "AlcoholVolume": "0",
    "FicCode": "N"
  },
  {
    "productId": "603644",
    "technicalArticleNumber": "4271721",
    "commercialArticleNumber": "378292",
    "name": "desinfecterende handgel",
    "description": "*72% alcohol",
    "brand": "SANYTOL",
    "seoBrand": "Sanytol",
    "thumbNail": "https://static.colruytgroup.com/images/200x200/std.lang.all/34/68/asset-2093468.jpg",
    "fullImage": "https://static.colruytgroup.com/images/500x500/std.lang.all/34/68/asset-2093468.jpg",
    "squareImage": "https://static.colruytgroup.com/images/500x500sq/std.lang.all/34/68/asset-2093468.jpg",
    "content": "250ml",
    "walkRouteSequenceNumber": 13966,
    "price": {
      "basicPrice": 4.99,
      "recommendedQuantity": "1.0",
      "measurementUnitPrice": 19.96,
      "measurementUnit": "L",
      "isRedPrice": false,
      "pricePerUOM": 19.96,
      "activationDate": "16-03-2024",
      "recordSource": "Offline",
      "isPromoActive": "N",
      "priceChangeCode": "L"
    },
    "isAvailable": true,
    "isPriceAvailable": true,
    "inPromo": false,
    "gtin": [
      "18411660013573",
      "03045206503006"
    ],
    "topCategoryName": "Lichaamsverzorging/Parfumerie",
    "topCategoryId": "591",
    "businessDomain": "NON_FOOD",
    "IsPrivateLabel": false,
    "IsBiffe": false,
    "IsWeightArticle": false,
    "RecentQuanityOfStockUnits": "1",
    "LongName": "SANYTOL desinfecterende handgel 250ml",
    "IsBio": false,
    "CountryOfOrigin": "BELGIË",
    "FicCode": "N",
    "OrderUnit": "P",
    "ShortName": "SANYTOL HANDGEL 250ML",
    "IsNew": false
  },
  {
    "productId": "875618",
    "technicalArticleNumber": "4730974",
    "commercialArticleNumber": "32258",
    "name": "Vocht.camom.refill duo",
    "description": "*Camomille refill duo",
    "brand": "SCOTTEX",
    "seoBrand": "Scottex",
    "thumbNail": "https://static.colruytgroup.com/images/200x200/std.lang.all/39/51/asset-3353951.jpg",
    "fullImage": "https://static.colruytgroup.com/images/500x500/std.lang.all/39/51/asset-3353951.jpg",
    "squareImage": "https://static.colruytgroup.com/images/500x500sq/std.lang.all/39/51/asset-3353951.jpg",
    "content": "2x38st",
    "walkRouteSequenceNumber": 10172,
    "price": {
      "basicPrice": 5.95,
      "recommendedQuantity": "1.0",
      "measurementUnitPrice": 0.079,
      "measurementUnit": "S",
      "isRedPrice": false,
      "pricePerUOM": 0.079,
      "activationDate": "14-03-2024",
      "recordSource": "Offline",
      "isPromoActive": "N",
      "priceChangeCode": "E"
    },
    "isAvailable": true,
    "isPriceAvailable": true,
    "inPromo": false,
    "gtin": [
      "05029054250471",
      "05029053580326"
    ],
    "topCategoryName": "Lichaamsverzorging/Parfumerie",
    "topCategoryId": "591",
    "businessDomain": "RETAIL_BE",
    "IsPrivateLabel": false,
    "IsBiffe": false,
    "WeightconversionFactor": "0",
    "IsWeightArticle": false,
    "IsBio": false,
    "CountryOfOrigin": "DUITSLAND",
    "IsExclusivelySoldInLuxembourg": false,
    "OrderUnit": "P",
    "ShortName": "SCOT TP VOCH.CAM.2X38ST",
    "IsNew": false,
    "RecentQuanityOfStockUnits": "1",
    "LongName": "SCOTTEX Vocht.camom.refill duo 2x38st",
    "AlcoholVolume": "0",
    "FicCode": "N"
  },
  {
    "productId": "252540",
    "technicalArticleNumber": "3622811",
    "commercialArticleNumber": "346687",
    "name": "lipstick Nutrition",
    "brand": "PETIT MARSEILLAIS",
    "seoBrand": "Le Petit Marseillais",
    "thumbNail": "https://static.colruytgroup.com/images/200x200/std.lang.all/89/55/asset-1358955.jpg",
    "fullImage": "https://static.colruytgroup.com/images/500x500/std.lang.all/89/55/asset-1358955.jpg",
    "squareImage": "https://static.colruytgroup.com/images/500x500sq/std.lang.all/89/55/asset-1358955.jpg",
    "walkRouteSequenceNumber": 15702,
    "price": {
      "basicPrice": 2.75,
      "recommendedQuantity": "1.0",
      "measurementUnitPrice": 2.75,
      "measurementUnit": "S",
      "isRedPrice": false,
      "pricePerUOM": 2.75,
      "activationDate": "01-03-2024",
      "recordSource": "Offline",
      "isPromoActive": "N",
      "priceChangeCode": "L"
    },
    "isAvailable": true,
    "isPriceAvailable": true,
    "inPromo": false,
    "gtin": [
      "03574661204253",
      "03574661203720"
    ],
    "topCategoryName": "Lichaamsverzorging/Parfumerie",
    "topCategoryId": "591",
    "businessDomain": "NON_FOOD",
    "IsPrivateLabel": false,
    "IsBiffe": false,
    "IsWeightArticle": false,
    "RecentQuanityOfStockUnits": "1",
    "LongName": "PETIT MARSEILLAIS lipstick Nutrition",
    "IsBio": false,
    "CountryOfOrigin": "FRANKRIJK",
    "FicCode": "N",
    "OrderUnit": "P",
    "ShortName": "LPM LIPBALSEM NUTRITION",
    "IsNew": false
  },
  {
    "productId": "10191",
    "technicalArticleNumber": "1127316",
    "commercialArticleNumber": "498940",
    "name": "Body verstev.lotionnorm.huid",
    "description": "*Bodylotion\n*400 ml\n*Normale huid",
    "brand": "NIVEA",
    "seoBrand": "Nivea",
    "thumbNail": "https://static.colruytgroup.com/images/200x200/std.lang.all/98/92/asset-2429892.jpg",
    "fullImage": "https://static.colruytgroup.com/images/500x500/std.lang.all/98/92/asset-2429892.jpg",
    "squareImage": "https://static.colruytgroup.com/images/500x500sq/std.lang.all/98/92/asset-2429892.jpg",
    "content": "400ml",
    "walkRouteSequenceNumber": 15580,
    "price": {
      "basicPrice": 8.24,
      "recommendedQuantity": "1.0",
      "measurementUnitPrice": 20.6,
      "measurementUnit": "L",
      "isRedPrice": false,
      "pricePerUOM": 20.6,
      "activationDate": "23-03-2024",
      "recordSource": "Folder",
      "isPromoActive": "N",
      "priceChangeCode": "E"
    },
    "isAvailable": true,
    "isPriceAvailable": true,
    "inPromo": false,
    "gtin": [
      "04005808237517",
      "04005808237524",
      "04005808237531",
      "04005808708727",
      "54005808818360",
      "04005808708741",
      "04005808818365",
      "14005808818362",
      "04005808708734"
    ],
    "topCategoryName": "Lichaamsverzorging/Parfumerie",
    "topCategoryId": "591",
    "businessDomain": "NON_FOOD",
    "IsPrivateLabel": false,
    "IsBiffe": false,
    "IsWeightArticle": false,
    "RecentQuanityOfStockUnits": "1",
    "LongName": "NIVEA Body verstev.lotionnorm.huid 400ml",
    "IsBio": false,
    "AlcoholVolume": "0",
    "CountryOfOrigin": "SPANJE",
    "FicCode": "N",
    "OrderUnit": "P",
    "ShortName": "NIV.BODY VERST.LOT.Q10",
    "IsNew": false
  },
  {
    "productId": "866107",
    "technicalArticleNumber": "4718603",
    "commercialArticleNumber": "6954",
    "name": "masker kokosmelk/delica",
    "description": "*Haarmasker 340ml\n*Assortiment:\n-Delica\n-Kokosmelk: droog\nhaar",
    "brand": "ULTRA DOUX",
    "seoBrand": "Ultra Doux",
    "thumbNail": "https://static.colruytgroup.com/images/200x200/std.lang.all/08/58/asset-3240858.jpg",
    "fullImage": "https://static.colruytgroup.com/images/500x500/std.lang.all/08/58/asset-3240858.jpg",
    "squareImage": "https://static.colruytgroup.com/images/500x500sq/std.lang.all/08/58/asset-3240858.jpg",
    "content": "340ml",
    "walkRouteSequenceNumber": 15317,
    "price": {
      "basicPrice": 6.79,
      "recommendedQuantity": "1.0",
      "measurementUnitPrice": 19.98,
      "measurementUnit": "L",
      "isRedPrice": false,
      "pricePerUOM": 19.98,
      "activationDate": "19-03-2024",
      "recordSource": "Offline",
      "isPromoActive": "N",
      "priceChangeCode": "E"
    },
    "isAvailable": true,
    "isPriceAvailable": true,
    "inPromo": false,
    "gtin": [
      "03600542509640",
      "03600542509312"
    ],
    "topCategoryName": "Lichaamsverzorging/Parfumerie",
    "topCategoryId": "591",
    "businessDomain": "RETAIL_BE",
    "IsPrivateLabel": false,
    "IsBiffe": false,
    "WeightconversionFactor": "0",
    "IsWeightArticle": false,
    "IsBio": false,
    "CountryOfOrigin": "DUITSLAND",
    "IsExclusivelySoldInLuxembourg": false,
    "OrderUnit": "P",
    "ShortName": "ULTD MASK.COCO/DELIC340",
    "IsNew": false,
    "RecentQuanityOfStockUnits": "1,1",
    "LongName": "ULTRA DOUX masker kokosmelk/delica 340ml",
    "FicCode": "N"
  },
  {
    "productId": "48692",
    "technicalArticleNumber": "2571480",
    "commercialArticleNumber": "952073",
    "name": "glijmiddel",
    "brand": "INTIMY",
    "seoBrand": "Intimy",
    "thumbNail": "https://static.colruytgroup.com/images/200x200/nl_be/19/15/asset-1161915.jpg",
    "fullImage": "https://static.colruytgroup.com/images/500x500/nl_be/19/15/asset-1161915.jpg",
    "squareImage": "https://static.colruytgroup.com/images/500x500sq/nl_be/19/15/asset-1161915.jpg",
    "content": "70ml",
    "walkRouteSequenceNumber": 14564,
    "price": {
      "basicPrice": 5.99,
      "recommendedQuantity": "1.0",
      "measurementUnitPrice": 85.58,
      "measurementUnit": "L",
      "isRedPrice": false,
      "pricePerUOM": 85.58,
      "activationDate": "16-01-2024",
      "recordSource": "Offline",
      "isPromoActive": "N",
      "priceChangeCode": "E"
    },
    "isAvailable": true,
    "isPriceAvailable": true,
    "inPromo": false,
    "gtin": [
      "23160921965350",
      "03160921965356"
    ],
    "topCategoryName": "Lichaamsverzorging/Parfumerie",
    "topCategoryId": "591",
    "businessDomain": "NON_FOOD",
    "IsPrivateLabel": false,
    "IsBiffe": false,
    "IsWeightArticle": false,
    "RecentQuanityOfStockUnits": "1",
    "LongName": "INTIMY glijmiddel 70ml",
    "IsBio": false,
    "CountryOfOrigin": "FRANKRIJK",
    "FicCode": "N",
    "OrderUnit": "P",
    "ShortName": "INTIMY GLIJMIDDEL 70ML",
    "IsNew": false
  },
  {
    "productId": "628151",
    "technicalArticleNumber": "4312219",
    "commercialArticleNumber": "23764",
    "name": "Gel Radical",
    "description": "*Gel\n*150 ml",
    "brand": "STUDIO LINE",
    "seoBrand": "Studio Line",
    "thumbNail": "https://static.colruytgroup.com/images/200x200/std.lang.all/80/76/asset-2288076.jpg",
    "fullImage": "https://static.colruytgroup.com/images/500x500/std.lang.all/80/76/asset-2288076.jpg",
    "squareImage": "https://static.colruytgroup.com/images/500x500sq/std.lang.all/80/76/asset-2288076.jpg",
    "content": "150ml",
    "walkRouteSequenceNumber": 15309,
    "price": {
      "basicPrice": 4.49,
      "recommendedQuantity": "1.0",
      "measurementUnitPrice": 29.94,
      "measurementUnit": "L",
      "isRedPrice": false,
      "pricePerUOM": 29.94,
      "activationDate": "21-03-2024",
      "recordSource": "Offline",
      "isPromoActive": "N",
      "priceChangeCode": "H"
    },
    "isAvailable": true,
    "isPriceAvailable": true,
    "inPromo": false,
    "gtin": [
      "03600522471257",
      "75410103858226",
      "03600520230061",
      "03600522471141",
      "03600522471585"
    ],
    "topCategoryName": "Lichaamsverzorging/Parfumerie",
    "topCategoryId": "591",
    "businessDomain": "RETAIL_BE",
    "IsPrivateLabel": false,
    "IsBiffe": false,
    "WeightconversionFactor": "0",
    "IsWeightArticle": false,
    "IsBio": false,
    "CountryOfOrigin": "BELGIË",
    "IsExclusivelySoldInLuxembourg": false,
    "OrderUnit": "P",
    "ShortName": "STUD GEL RADICAL 150ML",
    "IsNew": false,
    "RecentQuanityOfStockUnits": "1,1",
    "LongName": "STUDIO LINE Gel Radical 150ml",
    "FicCode": "N"
  },
  {
    "productId": "487037",
    "technicalArticleNumber": "4046386",
    "commercialArticleNumber": "6391",
    "name": "pronto wegwerp",
    "description": "*Wegwerpscheermessen\n*10-pack",
    "brand": "WILKINSON SWORD",
    "seoBrand": "Wilkinson Sword",
    "thumbNail": "https://static.colruytgroup.com/images/200x200/std.lang.all/50/42/asset-1715042.jpg",
    "fullImage": "https://static.colruytgroup.com/images/500x500/std.lang.all/50/42/asset-1715042.jpg",
    "squareImage": "https://static.colruytgroup.com/images/500x500sq/std.lang.all/50/42/asset-1715042.jpg",
    "content": "10st",
    "walkRouteSequenceNumber": 18209,
    "price": {
      "basicPrice": 5.29,
      "recommendedQuantity": "1.0",
      "measurementUnitPrice": 0.53,
      "measurementUnit": "S",
      "isRedPrice": false,
      "pricePerUOM": 0.53,
      "activationDate": "23-01-2024",
      "recordSource": "Offline",
      "isPromoActive": "N",
      "priceChangeCode": "E"
    },
    "isAvailable": true,
    "isPriceAvailable": true,
    "inPromo": false,
    "gtin": [
      "04027800080311",
      "04027800080304",
      "04027800080342"
    ],
    "topCategoryName": "Lichaamsverzorging/Parfumerie",
    "topCategoryId": "591",
    "businessDomain": "RETAIL_BE",
    "IsPrivateLabel": false,
    "IsBiffe": false,
    "WeightconversionFactor": "0",
    "IsWeightArticle": false,
    "IsBio": false,
    "CountryOfOrigin": "POLEN",
    "IsExclusivelySoldInLuxembourg": false,
    "OrderUnit": "P",
    "ShortName": "WILK.PRONTO WEGWERP 10",
    "IsNew": false,
    "RecentQuanityOfStockUnits": "1",
    "LongName": "WILKINSON SWORD pronto wegwerp 10st",
    "FicCode": "N"
  },
  {
    "productId": "849807",
    "technicalArticleNumber": "4697157",
    "commercialArticleNumber": "30817",
    "name": "deo rol black/white invisible",
    "description": "*Anti-perspirant\n*Anti witte strepen\n*Vermindert gele\nvlekken\n*48u bescherming",
    "brand": "NIVEA",
    "seoBrand": "Nivea",
    "thumbNail": "https://static.colruytgroup.com/images/200x200/std.lang.all/61/76/asset-3276176.jpg",
    "fullImage": "https://static.colruytgroup.com/images/500x500/std.lang.all/61/76/asset-3276176.jpg",
    "squareImage": "https://static.colruytgroup.com/images/500x500sq/std.lang.all/61/76/asset-3276176.jpg",
    "content": "50ml",
    "walkRouteSequenceNumber": 14661,
    "price": {
      "basicPrice": 4.49,
      "recommendedQuantity": "1.0",
      "measurementUnitPrice": 89.8,
      "measurementUnit": "L",
      "isRedPrice": false,
      "pricePerUOM": 89.8,
      "activationDate": "11-03-2024",
      "recordSource": "Offline",
      "isPromoActive": "N",
      "priceChangeCode": "H"
    },
    "isAvailable": true,
    "isPriceAvailable": true,
    "inPromo": false,
    "gtin": [
      "04005900458025",
      "00000042345121",
      "15400141701958",
      "55400141437527"
    ],
    "topCategoryName": "Lichaamsverzorging/Parfumerie",
    "topCategoryId": "591",
    "businessDomain": "RETAIL_BE",
    "IsPrivateLabel": false,
    "IsBiffe": false,
    "WeightconversionFactor": "0",
    "IsWeightArticle": false,
    "IsBio": false,
    "CountryOfOrigin": "DUITSLAND",
    "IsExclusivelySoldInLuxembourg": false,
    "OrderUnit": "P",
    "ShortName": "NIVE.ROL BL & WH.50 ML",
    "IsNew": false,
    "RecentQuanityOfStockUnits": "2,1",
    "LongName": "NIVEA deo rol black/white invisible 50ml",
    "AlcoholVolume": "0",
    "FicCode": "N"
  },
  {
    "productId": "283491",
    "technicalArticleNumber": "3645275",
    "commercialArticleNumber": "18870",
    "name": "Discreet Normal verband",
    "description": "*Verbanden (24)\n*Matig urineverlies\n*Triple Protection\n*Odour Control\n*Parfumvrij",
    "brand": "TENA",
    "seoBrand": "Tena Discreet",
    "thumbNail": "https://static.colruytgroup.com/images/200x200/std.lang.all/77/29/asset-3417729.jpg",
    "fullImage": "https://static.colruytgroup.com/images/500x500/std.lang.all/77/29/asset-3417729.jpg",
    "squareImage": "https://static.colruytgroup.com/images/500x500sq/std.lang.all/77/29/asset-3417729.jpg",
    "content": "24st",
    "walkRouteSequenceNumber": 14254,
    "price": {
      "basicPrice": 3.69,
      "recommendedQuantity": "1.0",
      "measurementUnitPrice": 0.154,
      "measurementUnit": "S",
      "isRedPrice": false,
      "pricePerUOM": 0.154,
      "activationDate": "21-03-2024",
      "recordSource": "Folder",
      "isPromoActive": "N",
      "priceChangeCode": "L"
    },
    "isAvailable": true,
    "isPriceAvailable": true,
    "inPromo": true,
    "promotion": [
      {
        "techPromoId": "100838COLR",
        "promotionId": "100838",
        "promotionType": "3",
        "isPersonalized": "N",
        "publicationStartDate": "13-03-2024",
        "publicationEndDate": "26-03-2024"
      }
    ],
    "gtin": [
      "07322540852172",
      "07322540852165"
    ],
    "topCategoryName": "Lichaamsverzorging/Parfumerie",
    "topCategoryId": "591",
    "businessDomain": "RETAIL_BE",
    "IsPrivateLabel": false,
    "IsBiffe": false,
    "WeightconversionFactor": "0",
    "IsWeightArticle": false,
    "IsBio": false,
    "CountryOfOrigin": "NEDERLAND",
    "IsExclusivelySoldInLuxembourg": false,
    "OrderUnit": "P",
    "ShortName": "TENA DISC.VB NORMAL 24",
    "InSeason": true,
    "IsNew": false,
    "RecentQuanityOfStockUnits": "1,3",
    "LongName": "TENA Discreet Normal verband 24st",
    "AlcoholVolume": "0",
    "StartSeasonDate": "28/12/2023",
    "FicCode": "N"
  },
  {
    "productId": "432530",
    "technicalArticleNumber": "3971565",
    "commercialArticleNumber": "378109",
    "name": "Visage Q10 reinigingsmelk",
    "brand": "NIVEA",
    "seoBrand": "Nivea",
    "thumbNail": "https://static.colruytgroup.com/images/200x200/std.lang.all/60/65/asset-1586065.jpg",
    "fullImage": "https://static.colruytgroup.com/images/500x500/std.lang.all/60/65/asset-1586065.jpg",
    "squareImage": "https://static.colruytgroup.com/images/500x500sq/std.lang.all/60/65/asset-1586065.jpg",
    "content": "200ml",
    "walkRouteSequenceNumber": 15636,
    "price": {
      "basicPrice": 7.99,
      "recommendedQuantity": "1.0",
      "measurementUnitPrice": 39.95,
      "measurementUnit": "L",
      "isRedPrice": false,
      "pricePerUOM": 39.95,
      "activationDate": "16-03-2024",
      "recordSource": "Offline",
      "isPromoActive": "N",
      "priceChangeCode": "H"
    },
    "isAvailable": true,
    "isPriceAvailable": true,
    "inPromo": false,
    "gtin": [
      "04005808658008",
      "04005808658015",
      "04005808658022",
      "15400141135678"
    ],
    "topCategoryName": "Lichaamsverzorging/Parfumerie",
    "topCategoryId": "591",
    "businessDomain": "NON_FOOD",
    "IsPrivateLabel": false,
    "IsBiffe": false,
    "IsWeightArticle": false,
    "RecentQuanityOfStockUnits": "1",
    "LongName": "NIVEA Visage Q10 reinigingsmelk 200ml",
    "IsBio": false,
    "AlcoholVolume": "0",
    "CountryOfOrigin": "DUITSLAND",
    "FicCode": "N",
    "OrderUnit": "P",
    "ShortName": "NIV.VIS.Q10 REIN.MELK",
    "IsNew": false
  },
  {
    "productId": "256779",
    "technicalArticleNumber": "3583342",
    "commercialArticleNumber": "282441",
    "name": "Ess.gev.huid Micell.water",
    "description": "*Micellair water\n*400ml\n*Gevoelige huid 3in1",
    "brand": "NIVEA",
    "seoBrand": "Nivea",
    "thumbNail": "https://static.colruytgroup.com/images/200x200/std.lang.all/99/47/asset-1619947.jpg",
    "fullImage": "https://static.colruytgroup.com/images/500x500/std.lang.all/99/47/asset-1619947.jpg",
    "squareImage": "https://static.colruytgroup.com/images/500x500sq/std.lang.all/99/47/asset-1619947.jpg",
    "content": "400ml",
    "walkRouteSequenceNumber": 15643,
    "price": {
      "basicPrice": 4.19,
      "recommendedQuantity": "1.0",
      "measurementUnitPrice": 10.48,
      "measurementUnit": "L",
      "isRedPrice": false,
      "pricePerUOM": 10.48,
      "activationDate": "23-03-2024",
      "recordSource": "Folder",
      "isPromoActive": "N",
      "priceChangeCode": "E"
    },
    "isAvailable": true,
    "isPriceAvailable": true,
    "inPromo": false,
    "gtin": [
      "04005900651044",
      "04005900377500",
      "04005900334831",
      "04005900377517",
      "04005900651051",
      "04005900334817",
      "04005900334824"
    ],
    "topCategoryName": "Lichaamsverzorging/Parfumerie",
    "topCategoryId": "591",
    "businessDomain": "NON_FOOD",
    "IsPrivateLabel": false,
    "IsBiffe": false,
    "IsWeightArticle": false,
    "RecentQuanityOfStockUnits": "1",
    "LongName": "NIVEA Ess.gev.huid Micell.water 400ml",
    "IsBio": false,
    "AlcoholVolume": "0",
    "CountryOfOrigin": "DUITSLAND",
    "FicCode": "N",
    "OrderUnit": "P",
    "ShortName": "NIV.VIS.ESS.GEV.H MIC",
    "IsNew": false
  },
  {
    "productId": "756864",
    "technicalArticleNumber": "4532871",
    "commercialArticleNumber": "13283",
    "name": "Shampoo Silver Reflex",
    "description": "*Voor grijs,wit\n*Voor grijs,wit\nen blond haar\n*verwijderd gele gl.\n*Versterkt het haar",
    "brand": "SCHWARZKOPF",
    "seoBrand": "Schwarzkopf",
    "thumbNail": "https://static.colruytgroup.com/images/200x200/std.lang.all/95/63/asset-2739563.jpg",
    "fullImage": "https://static.colruytgroup.com/images/500x500/std.lang.all/95/63/asset-2739563.jpg",
    "squareImage": "https://static.colruytgroup.com/images/500x500sq/std.lang.all/95/63/asset-2739563.jpg",
    "content": "250ml",
    "walkRouteSequenceNumber": 15052,
    "price": {
      "basicPrice": 5.99,
      "recommendedQuantity": "1.0",
      "measurementUnitPrice": 23.96,
      "measurementUnit": "L",
      "isRedPrice": false,
      "pricePerUOM": 23.96,
      "activationDate": "23-03-2024",
      "recordSource": "Offline",
      "isPromoActive": "N",
      "priceChangeCode": "E"
    },
    "isAvailable": true,
    "isPriceAvailable": true,
    "inPromo": false,
    "gtin": [
      "05412530937865",
      "05410091763695",
      "05412530924360",
      "05412530922946"
    ],
    "topCategoryName": "Lichaamsverzorging/Parfumerie",
    "topCategoryId": "591",
    "businessDomain": "RETAIL_BE",
    "IsPrivateLabel": false,
    "IsBiffe": false,
    "WeightconversionFactor": "0",
    "IsWeightArticle": false,
    "IsBio": false,
    "CountryOfOrigin": "SLOVENIË",
    "IsExclusivelySoldInLuxembourg": false,
    "OrderUnit": "P",
    "ShortName": "SCHW SH.SILV.REFL.250ML",
    "IsNew": false,
    "RecentQuanityOfStockUnits": "1,5",
    "LongName": "SCHWARZKOPF Shampoo Silver Reflex 250ml",
    "FicCode": "N"
  },
  {
    "productId": "700110",
    "technicalArticleNumber": "4432302",
    "commercialArticleNumber": "13965",
    "name": "tampon procomfort mini",
    "description": "*Zonder applicator\n*SilkTouch oppervlak",
    "brand": "OB",
    "seoBrand": "O.B.",
    "thumbNail": "https://static.colruytgroup.com/images/200x200/std.lang.all/35/68/asset-2453568.jpg",
    "fullImage": "https://static.colruytgroup.com/images/500x500/std.lang.all/35/68/asset-2453568.jpg",
    "squareImage": "https://static.colruytgroup.com/images/500x500sq/std.lang.all/35/68/asset-2453568.jpg",
    "content": "32st",
    "walkRouteSequenceNumber": 14410,
    "price": {
      "basicPrice": 4.99,
      "recommendedQuantity": "2.0",
      "measurementUnitPrice": 0.156,
      "measurementUnit": "S",
      "isRedPrice": false,
      "pricePerUOM": 0.156,
      "activationDate": "18-01-2024",
      "recordSource": "Offline",
      "isPromoActive": "N",
      "priceChangeCode": "E"
    },
    "isAvailable": true,
    "isPriceAvailable": true,
    "inPromo": false,
    "gtin": [
      "03574661625041",
      "85400141618552",
      "03574661625058",
      "03574661624648"
    ],
    "topCategoryName": "Lichaamsverzorging/Parfumerie",
    "topCategoryId": "591",
    "businessDomain": "RETAIL_BE",
    "IsPrivateLabel": false,
    "IsBiffe": false,
    "WeightconversionFactor": "0",
    "IsWeightArticle": false,
    "IsBio": false,
    "CountryOfOrigin": "DUITSLAND",
    "IsExclusivelySoldInLuxembourg": false,
    "OrderUnit": "P",
    "ShortName": "OB PROCOMFORT MINI 32ST",
    "IsNew": false,
    "RecentQuanityOfStockUnits": "1,2",
    "LongName": "OB tampon procomfort mini 32st",
    "FicCode": "N"
  },
  {
    "productId": "589281",
    "technicalArticleNumber": "4246999",
    "commercialArticleNumber": "20611",
    "name": "shampoo hf.ban/aloe",
    "description": "-Fructis shampoo 350ml\n-Hair Food\n-Assortiment van:\n*Banana\n*Aloë Vera",
    "brand": "FRUCTIS",
    "seoBrand": "Fructis",
    "thumbNail": "https://static.colruytgroup.com/images/200x200/std.lang.all/06/58/asset-2350658.jpg",
    "fullImage": "https://static.colruytgroup.com/images/500x500/std.lang.all/06/58/asset-2350658.jpg",
    "squareImage": "https://static.colruytgroup.com/images/500x500sq/std.lang.all/06/58/asset-2350658.jpg",
    "content": "350ml",
    "walkRouteSequenceNumber": 15104,
    "price": {
      "basicPrice": 5.99,
      "recommendedQuantity": "1.0",
      "measurementUnitPrice": 17.12,
      "measurementUnit": "L",
      "isRedPrice": false,
      "pricePerUOM": 17.12,
      "activationDate": "19-03-2024",
      "recordSource": "Offline",
      "isPromoActive": "N",
      "priceChangeCode": "E"
    },
    "isAvailable": true,
    "isPriceAvailable": true,
    "inPromo": false,
    "gtin": [
      "03600542315388",
      "03600542315357",
      "75410103849392",
      "03600542315593",
      "03600542315500"
    ],
    "topCategoryName": "Lichaamsverzorging/Parfumerie",
    "topCategoryId": "591",
    "businessDomain": "RETAIL_BE",
    "IsPrivateLabel": false,
    "IsBiffe": false,
    "WeightconversionFactor": "0",
    "IsWeightArticle": false,
    "IsBio": false,
    "CountryOfOrigin": "BELGIË",
    "IsExclusivelySoldInLuxembourg": false,
    "OrderUnit": "P",
    "ShortName": "FRUC.SH HF BAN/ALOE350",
    "IsNew": false,
    "RecentQuanityOfStockUnits": "1,1",
    "LongName": "FRUCTIS shampoo hf.ban/aloe 350ml",
    "FicCode": "N"
  },
  {
    "productId": "103953",
    "technicalArticleNumber": "3097486",
    "commercialArticleNumber": "282423",
    "name": "Classic",
    "description": "*Pleister\n*Sterke kleefkracht",
    "brand": "HANSAPLAST",
    "seoBrand": "Hansaplast",
    "thumbNail": "https://static.colruytgroup.com/images/200x200/std.lang.all/76/30/asset-3347630.jpg",
    "fullImage": "https://static.colruytgroup.com/images/500x500/std.lang.all/76/30/asset-3347630.jpg",
    "squareImage": "https://static.colruytgroup.com/images/500x500sq/std.lang.all/76/30/asset-3347630.jpg",
    "content": "1m",
    "walkRouteSequenceNumber": 13900,
    "price": {
      "basicPrice": 3.74,
      "recommendedQuantity": "1.0",
      "measurementUnitPrice": 3.74,
      "measurementUnit": "S",
      "isRedPrice": false,
      "pricePerUOM": 3.74,
      "activationDate": "20-03-2024",
      "recordSource": "Folder",
      "isPromoActive": "N",
      "priceChangeCode": "L"
    },
    "isAvailable": true,
    "isPriceAvailable": true,
    "inPromo": false,
    "gtin": [
      "04005800075162",
      "04005800075179"
    ],
    "topCategoryName": "Lichaamsverzorging/Parfumerie",
    "topCategoryId": "591",
    "businessDomain": "NON_FOOD",
    "IsPrivateLabel": false,
    "IsBiffe": false,
    "IsWeightArticle": false,
    "RecentQuanityOfStockUnits": "1",
    "LongName": "HANSAPLAST Classic 1m",
    "IsBio": false,
    "CountryOfOrigin": "SPANJE",
    "FicCode": "N",
    "OrderUnit": "P",
    "ShortName": "HSPL.CLASSIC - 1MX8CM",
    "IsNew": false
  },
  {
    "productId": "88873",
    "technicalArticleNumber": "2979183",
    "commercialArticleNumber": "2045",
    "name": "olie argan-cam",
    "description": "*Olie\n*150 ml\n*Sublieme Olie:\nmet arganolie en\nCamelia",
    "brand": "ULTRA DOUX",
    "seoBrand": "Ultra Doux",
    "thumbNail": "https://static.colruytgroup.com/images/200x200/std.lang.all/92/92/asset-359292.jpg",
    "fullImage": "https://static.colruytgroup.com/images/500x500/std.lang.all/92/92/asset-359292.jpg",
    "squareImage": "https://static.colruytgroup.com/images/500x500sq/std.lang.all/92/92/asset-359292.jpg",
    "content": "150ml",
    "walkRouteSequenceNumber": 15297,
    "price": {
      "basicPrice": 14.09,
      "recommendedQuantity": "1.0",
      "measurementUnitPrice": 93.94,
      "measurementUnit": "L",
      "isRedPrice": false,
      "pricePerUOM": 93.94,
      "activationDate": "19-03-2024",
      "recordSource": "Offline",
      "isPromoActive": "N",
      "priceChangeCode": "E"
    },
    "isAvailable": true,
    "isPriceAvailable": true,
    "inPromo": false,
    "gtin": [
      "03600541315273",
      "03600541315303"
    ],
    "topCategoryName": "Lichaamsverzorging/Parfumerie",
    "topCategoryId": "591",
    "businessDomain": "RETAIL_BE",
    "IsPrivateLabel": false,
    "IsBiffe": false,
    "WeightconversionFactor": "0",
    "IsWeightArticle": false,
    "IsBio": false,
    "CountryOfOrigin": "BELGIË",
    "IsExclusivelySoldInLuxembourg": false,
    "OrderUnit": "P",
    "ShortName": "ULT.D.SUBLIEME OLIE 150",
    "IsNew": false,
    "RecentQuanityOfStockUnits": "1",
    "LongName": "ULTRA DOUX olie argan-cam 150ml",
    "AlcoholVolume": "0",
    "FicCode": "N"
  },
  {
    "productId": "593637",
    "technicalArticleNumber": "4253374",
    "commercialArticleNumber": "21304",
    "name": "sterke fixatie",
    "description": "*Haarlak\n*400ml\n*Sterke fixatie",
    "brand": "ELNETT",
    "seoBrand": "L'Oréal Paris Elnett Satin",
    "thumbNail": "https://static.colruytgroup.com/images/200x200/std.lang.all/41/84/asset-2064184.jpg",
    "fullImage": "https://static.colruytgroup.com/images/500x500/std.lang.all/41/84/asset-2064184.jpg",
    "squareImage": "https://static.colruytgroup.com/images/500x500sq/std.lang.all/41/84/asset-2064184.jpg",
    "content": "400ml",
    "walkRouteSequenceNumber": 15335,
    "price": {
      "basicPrice": 6.29,
      "recommendedQuantity": "1.0",
      "measurementUnitPrice": 15.73,
      "measurementUnit": "L",
      "isRedPrice": false,
      "pricePerUOM": 15.73,
      "activationDate": "11-03-2024",
      "recordSource": "Offline",
      "isPromoActive": "N",
      "priceChangeCode": "H"
    },
    "isAvailable": true,
    "isPriceAvailable": true,
    "inPromo": false,
    "gtin": [
      "03600523793051",
      "03600523793600"
    ],
    "topCategoryName": "Lichaamsverzorging/Parfumerie",
    "topCategoryId": "591",
    "businessDomain": "RETAIL_BE",
    "IsPrivateLabel": false,
    "IsBiffe": false,
    "WeightconversionFactor": "0",
    "IsWeightArticle": false,
    "IsBio": false,
    "CountryOfOrigin": "BELGIË",
    "IsExclusivelySoldInLuxembourg": false,
    "OrderUnit": "P",
    "ShortName": "ELNE STERKE FIXATIE 400",
    "IsNew": false,
    "RecentQuanityOfStockUnits": "1",
    "LongName": "ELNETT sterke fixatie 400ml",
    "FicCode": "N"
  },
  {
    "productId": "174168",
    "technicalArticleNumber": "3336493",
    "commercialArticleNumber": "346094",
    "name": "kompressen",
    "description": "*Kompres",
    "brand": "BONI",
    "seoBrand": "Boni Selection",
    "thumbNail": "https://static.colruytgroup.com/images/200x200/std.lang.all/65/21/asset-1156521.jpg",
    "fullImage": "https://static.colruytgroup.com/images/500x500/std.lang.all/65/21/asset-1156521.jpg",
    "squareImage": "https://static.colruytgroup.com/images/500x500sq/std.lang.all/65/21/asset-1156521.jpg",
    "content": "10st",
    "walkRouteSequenceNumber": 13933,
    "price": {
      "basicPrice": 1.61,
      "recommendedQuantity": "1.0",
      "measurementUnitPrice": 0.161,
      "measurementUnit": "S",
      "isRedPrice": false,
      "pricePerUOM": 0.161,
      "activationDate": "20-02-2024",
      "recordSource": "Offline",
      "isPromoActive": "N",
      "priceChangeCode": "L"
    },
    "isAvailable": true,
    "isPriceAvailable": true,
    "inPromo": false,
    "gtin": [
      "15400141848899",
      "05400141339864"
    ],
    "topCategoryName": "Lichaamsverzorging/Parfumerie",
    "topCategoryId": "591",
    "businessDomain": "NON_FOOD",
    "IsPrivateLabel": true,
    "IsBiffe": false,
    "IsWeightArticle": false,
    "RecentQuanityOfStockUnits": "1",
    "LongName": "BONI kompressen 10st",
    "IsBio": false,
    "CountryOfOrigin": "FILIPIJNEN",
    "FicCode": "N",
    "OrderUnit": "P",
    "ShortName": "BONI KOMPRES 10ST",
    "IsNew": false
  },
  {
    "productId": "14079",
    "technicalArticleNumber": "1586889",
    "commercialArticleNumber": "654628",
    "name": "Men antivermoeidheid",
    "description": "*Gezichtscrème\n*50 ml\n*Tegen vermoeidheid",
    "brand": "L'OREAL",
    "seoBrand": "L'Oréal Paris",
    "thumbNail": "https://static.colruytgroup.com/images/200x200/nl_be/44/43/asset-634443.jpg",
    "fullImage": "https://static.colruytgroup.com/images/500x500/nl_be/44/43/asset-634443.jpg",
    "squareImage": "https://static.colruytgroup.com/images/500x500sq/nl_be/44/43/asset-634443.jpg",
    "content": "50ml",
    "walkRouteSequenceNumber": 15197,
    "price": {
      "basicPrice": 9.07,
      "recommendedQuantity": "1.0",
      "measurementUnitPrice": 181.4,
      "measurementUnit": "L",
      "isRedPrice": false,
      "pricePerUOM": 181.4,
      "activationDate": "22-03-2024",
      "recordSource": "Folder",
      "isPromoActive": "N",
      "priceChangeCode": "H"
    },
    "isAvailable": true,
    "isPriceAvailable": true,
    "inPromo": true,
    "promotion": [
      {
        "techPromoId": "100883COLR",
        "promotionId": "100883",
        "promotionType": "4",
        "isPersonalized": "N",
        "publicationStartDate": "13-03-2024",
        "publicationEndDate": "26-03-2024"
      }
    ],
    "gtin": [
      "03600520297583",
      "55410103149122",
      "05410103059860",
      "03600520297569",
      "05410103069937"
    ],
    "topCategoryName": "Lichaamsverzorging/Parfumerie",
    "topCategoryId": "591",
    "businessDomain": "NON_FOOD",
    "IsPrivateLabel": false,
    "IsBiffe": false,
    "IsWeightArticle": false,
    "RecentQuanityOfStockUnits": "1",
    "LongName": "L'OREAL Men antivermoeidheid 50ml",
    "IsBio": false,
    "CountryOfOrigin": "BELGIË",
    "FicCode": "N",
    "OrderUnit": "P",
    "ShortName": "LOR.MEN HYDR.ENERGETIC",
    "IsNew": false
  },
  {
    "productId": "5032",
    "technicalArticleNumber": "282366",
    "commercialArticleNumber": "282366",
    "name": "uiercrème geparfumeerd",
    "description": "*Geparfumeerde\nuiercrème",
    "brand": "GOVAN",
    "seoBrand": "Govan",
    "thumbNail": "https://static.colruytgroup.com/images/200x200/std.lang.all/90/63/asset-1779063.jpg",
    "fullImage": "https://static.colruytgroup.com/images/500x500/std.lang.all/90/63/asset-1779063.jpg",
    "squareImage": "https://static.colruytgroup.com/images/500x500sq/std.lang.all/90/63/asset-1779063.jpg",
    "content": "300ml",
    "walkRouteSequenceNumber": 15290,
    "price": {
      "basicPrice": 5.99,
      "recommendedQuantity": "1.0",
      "measurementUnitPrice": 19.97,
      "measurementUnit": "L",
      "isRedPrice": false,
      "pricePerUOM": 19.97,
      "activationDate": "13-12-2023",
      "recordSource": "Offline",
      "isPromoActive": "N",
      "priceChangeCode": "E"
    },
    "isAvailable": true,
    "isPriceAvailable": true,
    "inPromo": false,
    "gtin": [
      "05412248000066",
      "05412248952426",
      "05412248952556"
    ],
    "topCategoryName": "Lichaamsverzorging/Parfumerie",
    "topCategoryId": "591",
    "businessDomain": "NON_FOOD",
    "IsPrivateLabel": false,
    "IsBiffe": false,
    "IsWeightArticle": false,
    "RecentQuanityOfStockUnits": "1",
    "LongName": "GOVAN uiercrème geparfumeerd 300ml",
    "IsBio": false,
    "CountryOfOrigin": "BELGIË",
    "FicCode": "N",
    "OrderUnit": "P",
    "ShortName": "GOVAN UIERCREME GEPARFU",
    "IsNew": false
  },
  {
    "productId": "41119",
    "technicalArticleNumber": "2444882",
    "commercialArticleNumber": "832594",
    "name": "tijgerbalsem rood",
    "description": "*Velicht&ontspant\n*Bij kneuzingingen &\nverstuikingen",
    "brand": "TIGER BALM",
    "seoBrand": "Tiger Balm",
    "thumbNail": "https://static.colruytgroup.com/images/200x200/std.lang.all/78/16/asset-347816.jpg",
    "fullImage": "https://static.colruytgroup.com/images/500x500/std.lang.all/78/16/asset-347816.jpg",
    "squareImage": "https://static.colruytgroup.com/images/500x500sq/std.lang.all/78/16/asset-347816.jpg",
    "content": "30g",
    "walkRouteSequenceNumber": 14065,
    "price": {
      "basicPrice": 8.56,
      "recommendedQuantity": "1.0",
      "measurementUnitPrice": 285.34,
      "measurementUnit": "K",
      "isRedPrice": false,
      "pricePerUOM": 285.34,
      "activationDate": "23-03-2024",
      "recordSource": "Online",
      "isPromoActive": "N",
      "priceChangeCode": "E"
    },
    "isAvailable": true,
    "isPriceAvailable": true,
    "inPromo": false,
    "gtin": [
      "08888650416028",
      "08888650321551",
      "05412360003273"
    ],
    "topCategoryName": "Lichaamsverzorging/Parfumerie",
    "topCategoryId": "591",
    "businessDomain": "NON_FOOD",
    "IsPrivateLabel": false,
    "IsBiffe": false,
    "IsWeightArticle": false,
    "RecentQuanityOfStockUnits": "1",
    "LongName": "TIGER BALM tijgerbalsem rood 30g",
    "IsBio": false,
    "CountryOfOrigin": "BELGIË",
    "FicCode": "N",
    "OrderUnit": "P",
    "ShortName": "TIGER BALSEM ROOD 30GR",
    "IsNew": false
  },
  {
    "productId": "341129",
    "technicalArticleNumber": "3741181",
    "commercialArticleNumber": "15956",
    "name": "Discr. inlegkruisjes UltraMini",
    "description": "*Inlegkruisjes (28s)\n*Licht urineverlies\n*4 in 1 bescherming\n*Odour Control\n*Discreet comfort",
    "brand": "BONI",
    "seoBrand": "Boni Selection",
    "thumbNail": "https://static.colruytgroup.com/images/200x200/std.lang.all/95/40/asset-2859540.jpg",
    "fullImage": "https://static.colruytgroup.com/images/500x500/std.lang.all/95/40/asset-2859540.jpg",
    "squareImage": "https://static.colruytgroup.com/images/500x500sq/std.lang.all/95/40/asset-2859540.jpg",
    "content": "28st",
    "walkRouteSequenceNumber": 14274,
    "price": {
      "basicPrice": 2.79,
      "recommendedQuantity": "1.0",
      "measurementUnitPrice": 0.1,
      "measurementUnit": "S",
      "isRedPrice": false,
      "pricePerUOM": 0.1,
      "activationDate": "15-01-2024",
      "recordSource": "Offline",
      "isPromoActive": "N",
      "priceChangeCode": "E"
    },
    "isAvailable": true,
    "isPriceAvailable": true,
    "inPromo": false,
    "gtin": [
      "15400141954316",
      "15400141057260",
      "05400141954319",
      "05400141057263"
    ],
    "topCategoryName": "Lichaamsverzorging/Parfumerie",
    "topCategoryId": "591",
    "businessDomain": "RETAIL_BE",
    "IsPrivateLabel": true,
    "IsBiffe": false,
    "WeightconversionFactor": "0",
    "IsWeightArticle": false,
    "IsBio": false,
    "CountryOfOrigin": "BELGIË",
    "IsExclusivelySoldInLuxembourg": false,
    "OrderUnit": "P",
    "ShortName": "BONI INCO ILK ULT.MI28S",
    "IsNew": false,
    "RecentQuanityOfStockUnits": "1",
    "LongName": "BONI Discr. inlegkruisjes UltraMini 28st",
    "AlcoholVolume": "0",
    "FicCode": "N"
  },
  {
    "productId": "201385",
    "technicalArticleNumber": "3441167",
    "commercialArticleNumber": "346325",
    "name": "micellair water pure act.",
    "description": "*Micellair water\n*400 ml",
    "brand": "GARNIER",
    "seoBrand": "Garnier",
    "thumbNail": "https://static.colruytgroup.com/images/200x200/std.lang.all/48/99/asset-834899.jpg",
    "fullImage": "https://static.colruytgroup.com/images/500x500/std.lang.all/48/99/asset-834899.jpg",
    "squareImage": "https://static.colruytgroup.com/images/500x500sq/std.lang.all/48/99/asset-834899.jpg",
    "content": "400ml",
    "walkRouteSequenceNumber": 15515,
    "price": {
      "basicPrice": 6.99,
      "recommendedQuantity": "1.0",
      "measurementUnitPrice": 17.48,
      "measurementUnit": "L",
      "isRedPrice": false,
      "pricePerUOM": 17.48,
      "activationDate": "19-03-2024",
      "recordSource": "Offline",
      "isPromoActive": "N",
      "priceChangeCode": "H"
    },
    "isAvailable": true,
    "isPriceAvailable": true,
    "inPromo": false,
    "gtin": [
      "03600541595019",
      "03600541737709"
    ],
    "topCategoryName": "Lichaamsverzorging/Parfumerie",
    "topCategoryId": "591",
    "businessDomain": "NON_FOOD",
    "IsPrivateLabel": false,
    "IsBiffe": false,
    "IsWeightArticle": false,
    "RecentQuanityOfStockUnits": "1",
    "LongName": "GARNIER micellair water pure act. 400ml",
    "IsBio": false,
    "CountryOfOrigin": "BELGIË",
    "FicCode": "N",
    "OrderUnit": "P",
    "ShortName": "GAR.EAU MIC.PURE ACTIVE",
    "IsNew": false
  },
  {
    "productId": "432523",
    "technicalArticleNumber": "3971558",
    "commercialArticleNumber": "378108",
    "name": "Visage Q10 dagcrème SPF15 NH",
    "description": "*Anti-rimpel\n*Normale huid",
    "brand": "NIVEA",
    "seoBrand": "Nivea",
    "thumbNail": "https://static.colruytgroup.com/images/200x200/std.lang.all/82/69/asset-2428269.jpg",
    "fullImage": "https://static.colruytgroup.com/images/500x500/std.lang.all/82/69/asset-2428269.jpg",
    "squareImage": "https://static.colruytgroup.com/images/500x500sq/std.lang.all/82/69/asset-2428269.jpg",
    "content": "50ml",
    "walkRouteSequenceNumber": 15615,
    "price": {
      "basicPrice": 11.99,
      "recommendedQuantity": "1.0",
      "measurementUnitPrice": 239.8,
      "measurementUnit": "L",
      "isRedPrice": false,
      "pricePerUOM": 239.8,
      "activationDate": "15-03-2024",
      "recordSource": "Offline",
      "isPromoActive": "N",
      "priceChangeCode": "L"
    },
    "isAvailable": true,
    "isPriceAvailable": true,
    "inPromo": false,
    "gtin": [
      "04005900545503",
      "04005900545534",
      "04005900545541"
    ],
    "topCategoryName": "Lichaamsverzorging/Parfumerie",
    "topCategoryId": "591",
    "businessDomain": "NON_FOOD",
    "IsPrivateLabel": false,
    "IsBiffe": false,
    "IsWeightArticle": false,
    "RecentQuanityOfStockUnits": "1",
    "LongName": "NIVEA Visage Q10 dagcrème SPF15 NH 50ml",
    "IsBio": false,
    "AlcoholVolume": "0",
    "CountryOfOrigin": "POLEN",
    "FicCode": "N",
    "OrderUnit": "P",
    "ShortName": "NIV.VIS.Q10 RIMPEL DAG",
    "IsNew": false
  },
  {
    "productId": "642610",
    "technicalArticleNumber": "4336920",
    "commercialArticleNumber": "346304",
    "name": "BB crème Light",
    "brand": "NIVEA",
    "seoBrand": "Nivea",
    "thumbNail": "https://static.colruytgroup.com/images/200x200/std.lang.all/58/96/asset-2245896.jpg",
    "fullImage": "https://static.colruytgroup.com/images/500x500/std.lang.all/58/96/asset-2245896.jpg",
    "squareImage": "https://static.colruytgroup.com/images/500x500sq/std.lang.all/58/96/asset-2245896.jpg",
    "content": "50ml",
    "walkRouteSequenceNumber": 15614,
    "price": {
      "basicPrice": 10.99,
      "recommendedQuantity": "1.0",
      "measurementUnitPrice": 219.8,
      "measurementUnit": "L",
      "isRedPrice": false,
      "pricePerUOM": 219.8,
      "activationDate": "22-02-2024",
      "recordSource": "Offline",
      "isPromoActive": "N",
      "priceChangeCode": "E"
    },
    "isAvailable": true,
    "isPriceAvailable": true,
    "inPromo": false,
    "gtin": [
      "04005900738783",
      "04005900738776",
      "04005900738769"
    ],
    "topCategoryName": "Lichaamsverzorging/Parfumerie",
    "topCategoryId": "591",
    "businessDomain": "NON_FOOD",
    "IsPrivateLabel": false,
    "IsBiffe": false,
    "IsWeightArticle": false,
    "RecentQuanityOfStockUnits": "1",
    "LongName": "NIVEA BB crème Light 50ml",
    "IsBio": false,
    "AlcoholVolume": "0",
    "CountryOfOrigin": "BELGIË",
    "FicCode": "N",
    "OrderUnit": "P",
    "ShortName": "NIV.BB CREAM LIGHT 50ML",
    "IsNew": false
  },
  {
    "productId": "119082",
    "technicalArticleNumber": "3005355",
    "commercialArticleNumber": "4422",
    "name": "Hair Repair Oil Elixir",
    "description": "*Olie\n*75 ml\n*Hair Repair:\nevery day oil elixir",
    "brand": "GLISS KUR",
    "seoBrand": "Gliss Kur",
    "thumbNail": "https://static.colruytgroup.com/images/200x200/std.lang.all/72/47/asset-2767247.jpg",
    "fullImage": "https://static.colruytgroup.com/images/500x500/std.lang.all/72/47/asset-2767247.jpg",
    "squareImage": "https://static.colruytgroup.com/images/500x500sq/std.lang.all/72/47/asset-2767247.jpg",
    "content": "75ml",
    "walkRouteSequenceNumber": 15299,
    "price": {
      "basicPrice": 10.45,
      "recommendedQuantity": "1.0",
      "measurementUnitPrice": 139.34,
      "measurementUnit": "L",
      "isRedPrice": false,
      "pricePerUOM": 139.34,
      "activationDate": "11-03-2024",
      "recordSource": "Offline",
      "isPromoActive": "N",
      "priceChangeCode": "H"
    },
    "isAvailable": true,
    "isPriceAvailable": true,
    "inPromo": false,
    "gtin": [
      "05412530904171",
      "05410091690687",
      "05412530782564"
    ],
    "topCategoryName": "Lichaamsverzorging/Parfumerie",
    "topCategoryId": "591",
    "businessDomain": "RETAIL_BE",
    "IsPrivateLabel": false,
    "IsBiffe": false,
    "WeightconversionFactor": "0",
    "IsWeightArticle": false,
    "IsBio": false,
    "CountryOfOrigin": "DUITSLAND",
    "IsExclusivelySoldInLuxembourg": false,
    "OrderUnit": "P",
    "ShortName": "GLISS OIL ELIXIR 75 ML",
    "IsNew": false,
    "RecentQuanityOfStockUnits": "1",
    "LongName": "GLISS KUR Hair Repair Oil Elixir 75ml",
    "AlcoholVolume": "0",
    "FicCode": "N"
  },
  {
    "productId": "879137",
    "technicalArticleNumber": "4735649",
    "commercialArticleNumber": "22351",
    "name": "sh.herstel/krullen",
    "description": "*Shampoo\n*300 ml\n*Sublieme Krullen\n*Herstellende",
    "brand": "ELSEVE",
    "seoBrand": "L'Oréal Paris Elseve",
    "thumbNail": "https://static.colruytgroup.com/images/200x200/std.lang.all/38/45/asset-3403845.jpg",
    "fullImage": "https://static.colruytgroup.com/images/500x500/std.lang.all/38/45/asset-3403845.jpg",
    "squareImage": "https://static.colruytgroup.com/images/500x500sq/std.lang.all/38/45/asset-3403845.jpg",
    "content": "300ml",
    "walkRouteSequenceNumber": 15117,
    "price": {
      "basicPrice": 3.92,
      "recommendedQuantity": "1.0",
      "measurementUnitPrice": 13.07,
      "measurementUnit": "L",
      "isRedPrice": false,
      "pricePerUOM": 13.07,
      "activationDate": "23-03-2024",
      "recordSource": "Folder",
      "isPromoActive": "Y",
      "priceChangeCode": "E"
    },
    "isAvailable": true,
    "isPriceAvailable": true,
    "inPromo": true,
    "promotion": [
      {
        "techPromoId": "100894COLR",
        "promotionId": "100894",
        "promotionType": "4",
        "isPersonalized": "N",
        "publicationStartDate": "13-03-2024",
        "publicationEndDate": "26-03-2024"
      }
    ],
    "gtin": [
      "05410103175959",
      "03600524091613",
      "03600524091705",
      "05410103175355"
    ],
    "topCategoryName": "Lichaamsverzorging/Parfumerie",
    "topCategoryId": "591",
    "businessDomain": "RETAIL_BE",
    "IsPrivateLabel": false,
    "IsBiffe": false,
    "WeightconversionFactor": "0",
    "IsWeightArticle": false,
    "IsBio": false,
    "CountryOfOrigin": "BELGIË",
    "IsExclusivelySoldInLuxembourg": false,
    "OrderUnit": "P",
    "ShortName": "ELSE SH.CURL N/ANTIC300",
    "IsNew": false,
    "RecentQuanityOfStockUnits": "2,2,1,1",
    "LongName": "ELSEVE sh.herstel/krullen 300ml",
    "AlcoholVolume": "0",
    "FicCode": "N"
  },
  {
    "productId": "174163",
    "technicalArticleNumber": "3336483",
    "commercialArticleNumber": "346092",
    "name": "pleisters gevoel.huid",
    "description": "*Sensitive",
    "brand": "BONI",
    "seoBrand": "Boni Selection",
    "thumbNail": "https://static.colruytgroup.com/images/200x200/std.lang.all/65/19/asset-1156519.jpg",
    "fullImage": "https://static.colruytgroup.com/images/500x500/std.lang.all/65/19/asset-1156519.jpg",
    "squareImage": "https://static.colruytgroup.com/images/500x500sq/std.lang.all/65/19/asset-1156519.jpg",
    "content": "20st",
    "walkRouteSequenceNumber": 13931,
    "price": {
      "basicPrice": 3.18,
      "recommendedQuantity": "1.0",
      "measurementUnitPrice": 0.159,
      "measurementUnit": "S",
      "isRedPrice": false,
      "pricePerUOM": 0.159,
      "activationDate": "30-01-2024",
      "recordSource": "Offline",
      "isPromoActive": "N",
      "priceChangeCode": "H"
    },
    "isAvailable": true,
    "isPriceAvailable": true,
    "inPromo": false,
    "gtin": [
      "05400141339833",
      "15400141848875"
    ],
    "topCategoryName": "Lichaamsverzorging/Parfumerie",
    "topCategoryId": "591",
    "businessDomain": "NON_FOOD",
    "IsPrivateLabel": true,
    "IsBiffe": false,
    "IsWeightArticle": false,
    "RecentQuanityOfStockUnits": "1",
    "LongName": "BONI pleisters gevoel.huid 20st",
    "IsBio": false,
    "CountryOfOrigin": "FILIPIJNEN",
    "FicCode": "N",
    "OrderUnit": "P",
    "ShortName": "BONI SENS.10X6CM 20ST",
    "IsNew": false
  },
  {
    "productId": "182292",
    "technicalArticleNumber": "3341410",
    "commercialArticleNumber": "33035",
    "name": "scheermes 3 mesjes",
    "description": "*Vervangmesjes met\n3 lemmets\n*8 stuks\n*Voor Boni scheerapp\nart.32995",
    "brand": "BONI",
    "seoBrand": "Boni Selection",
    "thumbNail": "https://static.colruytgroup.com/images/200x200/std.lang.all/39/03/asset-2223903.jpg",
    "fullImage": "https://static.colruytgroup.com/images/500x500/std.lang.all/39/03/asset-2223903.jpg",
    "squareImage": "https://static.colruytgroup.com/images/500x500sq/std.lang.all/39/03/asset-2223903.jpg",
    "content": "8st",
    "walkRouteSequenceNumber": 18203,
    "price": {
      "basicPrice": 3.66,
      "recommendedQuantity": "1.0",
      "measurementUnitPrice": 0.458,
      "measurementUnit": "S",
      "isRedPrice": false,
      "pricePerUOM": 0.458,
      "activationDate": "20-03-2024",
      "recordSource": "Folder",
      "isPromoActive": "N",
      "priceChangeCode": "L"
    },
    "isAvailable": true,
    "isPriceAvailable": true,
    "inPromo": false,
    "gtin": [
      "05400141425253",
      "05400141330359",
      "05400141306576",
      "05400141132045",
      "15400141306573",
      "15400141132042"
    ],
    "topCategoryName": "Lichaamsverzorging/Parfumerie",
    "topCategoryId": "591",
    "businessDomain": "RETAIL_BE",
    "IsPrivateLabel": true,
    "IsBiffe": false,
    "WeightconversionFactor": "0",
    "IsWeightArticle": false,
    "IsBio": false,
    "CountryOfOrigin": "ZUID-KOREA",
    "IsExclusivelySoldInLuxembourg": false,
    "OrderUnit": "P",
    "ShortName": "BONI SCHEERMES 3MESJES",
    "IsNew": false,
    "RecentQuanityOfStockUnits": "1,10",
    "LongName": "BONI scheermes 3 mesjes 8st",
    "AlcoholVolume": "0",
    "FicCode": "N"
  },
  {
    "productId": "182292",
    "technicalArticleNumber": "3341410",
    "commercialArticleNumber": "33035",
    "name": "scheermes 3 mesjes",
    "description": "*Vervangmesjes met\n3 lemmets\n*8 stuks\n*Voor Boni scheerapp\nart.32995",
    "brand": "BONI",
    "seoBrand": "Boni Selection",
    "thumbNail": "https://static.colruytgroup.com/images/200x200/std.lang.all/39/03/asset-2223903.jpg",
    "fullImage": "https://static.colruytgroup.com/images/500x500/std.lang.all/39/03/asset-2223903.jpg",
    "squareImage": "https://static.colruytgroup.com/images/500x500sq/std.lang.all/39/03/asset-2223903.jpg",
    "content": "8st",
    "walkRouteSequenceNumber": 18203,
    "price": {
      "basicPrice": 3.66,
      "recommendedQuantity": "1.0",
      "measurementUnitPrice": 0.458,
      "measurementUnit": "S",
      "isRedPrice": false,
      "pricePerUOM": 0.458,
      "activationDate": "20-03-2024",
      "recordSource": "Folder",
      "isPromoActive": "N",
      "priceChangeCode": "L"
    },
    "isAvailable": true,
    "isPriceAvailable": true,
    "inPromo": false,
    "gtin": [
      "05400141425253",
      "05400141330359",
      "05400141306576",
      "05400141132045",
      "15400141306573",
      "15400141132042"
    ],
    "topCategoryName": "Lichaamsverzorging/Parfumerie",
    "topCategoryId": "591",
    "businessDomain": "RETAIL_BE",
    "IsPrivateLabel": true,
    "IsBiffe": false,
    "WeightconversionFactor": "0",
    "IsWeightArticle": false,
    "IsBio": false,
    "CountryOfOrigin": "ZUID-KOREA",
    "IsExclusivelySoldInLuxembourg": false,
    "OrderUnit": "P",
    "ShortName": "BONI SCHEERMES 3MESJES",
    "IsNew": false,
    "RecentQuanityOfStockUnits": "1,10",
    "LongName": "BONI scheermes 3 mesjes 8st",
    "AlcoholVolume": "0",
    "FicCode": "N"
  },
  {
    "productId": "859100",
    "technicalArticleNumber": "4709432",
    "commercialArticleNumber": "31791",
    "name": "wasgel sensitive",
    "description": "*Intieme wasgel\n*Sensitive\n*Extra Mild\n*Zeepvrije formule\n*Zonder Parfum",
    "brand": "LACTACYD",
    "seoBrand": "Lactacyd",
    "thumbNail": "https://static.colruytgroup.com/images/200x200/std.lang.all/28/13/asset-3172813.jpg",
    "fullImage": "https://static.colruytgroup.com/images/500x500/std.lang.all/28/13/asset-3172813.jpg",
    "squareImage": "https://static.colruytgroup.com/images/500x500sq/std.lang.all/28/13/asset-3172813.jpg",
    "content": "300ml",
    "walkRouteSequenceNumber": 14554,
    "price": {
      "basicPrice": 9.35,
      "recommendedQuantity": "1.0",
      "measurementUnitPrice": 31.17,
      "measurementUnit": "L",
      "isRedPrice": false,
      "pricePerUOM": 31.17,
      "activationDate": "05-03-2024",
      "recordSource": "Offline",
      "isPromoActive": "N",
      "priceChangeCode": "H"
    },
    "isAvailable": true,
    "isPriceAvailable": true,
    "inPromo": false,
    "gtin": [
      "05412141229359",
      "05412141229267"
    ],
    "topCategoryName": "Lichaamsverzorging/Parfumerie",
    "topCategoryId": "591",
    "businessDomain": "RETAIL_BE",
    "IsPrivateLabel": false,
    "IsBiffe": false,
    "WeightconversionFactor": "0",
    "IsWeightArticle": false,
    "IsBio": false,
    "CountryOfOrigin": "BELGIË",
    "IsExclusivelySoldInLuxembourg": false,
    "OrderUnit": "P",
    "ShortName": "LACT WASGEL SENSITIV300",
    "IsNew": false,
    "RecentQuanityOfStockUnits": "1",
    "LongName": "LACTACYD wasgel sensitive 300ml",
    "AlcoholVolume": "0",
    "FicCode": "N"
  },
  {
    "productId": "38917",
    "technicalArticleNumber": "1691892",
    "commercialArticleNumber": "654990",
    "name": "Sensitive Cream",
    "description": "*Hydraterende crème\n*75 ml\n*Zonder alcohol",
    "brand": "NIVEA MEN",
    "seoBrand": "Nivea Men",
    "thumbNail": "https://static.colruytgroup.com/images/200x200/std.lang.all/39/40/asset-1433940.jpg",
    "fullImage": "https://static.colruytgroup.com/images/500x500/std.lang.all/39/40/asset-1433940.jpg",
    "squareImage": "https://static.colruytgroup.com/images/500x500sq/std.lang.all/39/40/asset-1433940.jpg",
    "content": "75ml",
    "walkRouteSequenceNumber": 15195,
    "price": {
      "basicPrice": 5.99,
      "recommendedQuantity": "1.0",
      "measurementUnitPrice": 79.87,
      "measurementUnit": "L",
      "isRedPrice": false,
      "pricePerUOM": 79.87,
      "activationDate": "23-03-2024",
      "recordSource": "Folder",
      "isPromoActive": "N",
      "priceChangeCode": "E"
    },
    "isAvailable": true,
    "isPriceAvailable": true,
    "inPromo": false,
    "gtin": [
      "54005808888189",
      "04005805000763",
      "04005808224098",
      "04005808888184",
      "04005900648860",
      "14005808888181",
      "17319470007977",
      "17319470007984",
      "04005900648853"
    ],
    "topCategoryName": "Lichaamsverzorging/Parfumerie",
    "topCategoryId": "591",
    "businessDomain": "NON_FOOD",
    "IsPrivateLabel": false,
    "IsBiffe": false,
    "IsWeightArticle": false,
    "RecentQuanityOfStockUnits": "1",
    "LongName": "NIVEA MEN Sensitive Cream 75ml",
    "IsBio": false,
    "AlcoholVolume": "0",
    "CountryOfOrigin": "POLEN",
    "FicCode": "N",
    "OrderUnit": "P",
    "ShortName": "NIV.MEN SENSITIVE CREAM",
    "IsNew": false
  },
  {
    "productId": "452847",
    "technicalArticleNumber": "4032689",
    "commercialArticleNumber": "5729",
    "name": "shamp.Argile/Reveil col.",
    "description": "*Shampoo\n*250ml\n*2 parfums:\n-Argile\n-Réveil color",
    "brand": "DESSANGE",
    "seoBrand": "Dessange",
    "thumbNail": "https://static.colruytgroup.com/images/200x200/std.lang.all/66/22/asset-2686622.jpg",
    "fullImage": "https://static.colruytgroup.com/images/500x500/std.lang.all/66/22/asset-2686622.jpg",
    "squareImage": "https://static.colruytgroup.com/images/500x500sq/std.lang.all/66/22/asset-2686622.jpg",
    "content": "250ml",
    "walkRouteSequenceNumber": 15061,
    "price": {
      "basicPrice": 8.09,
      "recommendedQuantity": "1.0",
      "measurementUnitPrice": 32.36,
      "measurementUnit": "L",
      "isRedPrice": false,
      "pricePerUOM": 32.36,
      "activationDate": "15-03-2024",
      "recordSource": "Offline",
      "isPromoActive": "N",
      "priceChangeCode": "L"
    },
    "isAvailable": true,
    "isPriceAvailable": true,
    "inPromo": false,
    "gtin": [
      "75410103825884",
      "03600550038743",
      "03600550478051",
      "03600550676037",
      "03600550038736"
    ],
    "topCategoryName": "Lichaamsverzorging/Parfumerie",
    "topCategoryId": "591",
    "businessDomain": "RETAIL_BE",
    "IsPrivateLabel": false,
    "IsBiffe": false,
    "WeightconversionFactor": "0",
    "IsWeightArticle": false,
    "IsBio": false,
    "CountryOfOrigin": "BELGIË",
    "IsExclusivelySoldInLuxembourg": false,
    "OrderUnit": "P",
    "ShortName": "DESS.SH.ARG/REV.COL250",
    "IsNew": false,
    "RecentQuanityOfStockUnits": "1,1,1",
    "LongName": "DESSANGE shamp.Argile/Reveil col. 250ml",
    "FicCode": "N"
  },
  {
    "productId": "2455",
    "technicalArticleNumber": "473993",
    "commercialArticleNumber": "473993",
    "name": "diepe reinigingsgel",
    "description": "*Reinigingsgel\n*150 ml\n*Anti-talg",
    "brand": "GARNIER",
    "seoBrand": "Garnier",
    "thumbNail": "https://static.colruytgroup.com/images/200x200/std.lang.all/28/06/asset-352806.jpg",
    "fullImage": "https://static.colruytgroup.com/images/500x500/std.lang.all/28/06/asset-352806.jpg",
    "squareImage": "https://static.colruytgroup.com/images/500x500sq/std.lang.all/28/06/asset-352806.jpg",
    "content": "150ml",
    "walkRouteSequenceNumber": 15492,
    "price": {
      "basicPrice": 5.61,
      "recommendedQuantity": "1.0",
      "measurementUnitPrice": 37.4,
      "measurementUnit": "L",
      "isRedPrice": false,
      "pricePerUOM": 37.4,
      "activationDate": "23-03-2024",
      "recordSource": "Folder",
      "isPromoActive": "N",
      "priceChangeCode": "E"
    },
    "isAvailable": true,
    "isPriceAvailable": true,
    "inPromo": false,
    "gtin": [
      "05410103640716",
      "03600540242181"
    ],
    "topCategoryName": "Lichaamsverzorging/Parfumerie",
    "topCategoryId": "591",
    "businessDomain": "NON_FOOD",
    "IsPrivateLabel": false,
    "IsBiffe": false,
    "IsWeightArticle": false,
    "RecentQuanityOfStockUnits": "1",
    "LongName": "GARNIER diepe reinigingsgel 150ml",
    "IsBio": false,
    "AlcoholVolume": "0",
    "CountryOfOrigin": "BELGIË",
    "FicCode": "N",
    "OrderUnit": "P",
    "ShortName": "GAR.PURE REINIGIN. TUBE",
    "IsNew": false
  },
  {
    "productId": "40710",
    "technicalArticleNumber": "2468585",
    "commercialArticleNumber": "832653",
    "name": "Body Int.herstel karité",
    "description": "*Bodylotion\n*Zeer droge huid",
    "brand": "GARNIER",
    "seoBrand": "Garnier",
    "thumbNail": "https://static.colruytgroup.com/images/200x200/std.lang.all/02/67/asset-3340267.jpg",
    "fullImage": "https://static.colruytgroup.com/images/500x500/std.lang.all/02/67/asset-3340267.jpg",
    "squareImage": "https://static.colruytgroup.com/images/500x500sq/std.lang.all/02/67/asset-3340267.jpg",
    "content": "400ml",
    "walkRouteSequenceNumber": 15517,
    "price": {
      "basicPrice": 6.65,
      "recommendedQuantity": "1.0",
      "measurementUnitPrice": 16.63,
      "measurementUnit": "L",
      "isRedPrice": false,
      "pricePerUOM": 16.63,
      "activationDate": "02-03-2024",
      "recordSource": "Offline",
      "isPromoActive": "N",
      "priceChangeCode": "H"
    },
    "isAvailable": true,
    "isPriceAvailable": true,
    "inPromo": false,
    "gtin": [
      "03600541023970",
      "03600541023925",
      "03600542567534",
      "03600542575041"
    ],
    "topCategoryName": "Lichaamsverzorging/Parfumerie",
    "topCategoryId": "591",
    "businessDomain": "NON_FOOD",
    "IsPrivateLabel": false,
    "IsBiffe": false,
    "IsWeightArticle": false,
    "RecentQuanityOfStockUnits": "1,1",
    "LongName": "GARNIER Body Int.herstel karité 400ml",
    "IsBio": false,
    "CountryOfOrigin": "POLEN",
    "FicCode": "N",
    "OrderUnit": "P",
    "ShortName": "GAR BODY INT.KARITE",
    "IsNew": false
  },
  {
    "productId": "51237",
    "technicalArticleNumber": "2336758",
    "commercialArticleNumber": "832278",
    "name": "Pure Active 3-in-1 klei",
    "description": "*Reinigingsgel\n*150 ml\n*Anti-imperfecties",
    "brand": "GARNIER",
    "seoBrand": "Garnier",
    "thumbNail": "https://static.colruytgroup.com/images/200x200/std.lang.all/72/36/asset-337236.jpg",
    "fullImage": "https://static.colruytgroup.com/images/500x500/std.lang.all/72/36/asset-337236.jpg",
    "squareImage": "https://static.colruytgroup.com/images/500x500sq/std.lang.all/72/36/asset-337236.jpg",
    "content": "150ml",
    "walkRouteSequenceNumber": 15491,
    "price": {
      "basicPrice": 5.61,
      "recommendedQuantity": "1.0",
      "measurementUnitPrice": 37.4,
      "measurementUnit": "L",
      "isRedPrice": false,
      "pricePerUOM": 37.4,
      "activationDate": "23-03-2024",
      "recordSource": "Folder",
      "isPromoActive": "N",
      "priceChangeCode": "E"
    },
    "isAvailable": true,
    "isPriceAvailable": true,
    "inPromo": false,
    "gtin": [
      "03600540710536",
      "03600540710543"
    ],
    "topCategoryName": "Lichaamsverzorging/Parfumerie",
    "topCategoryId": "591",
    "businessDomain": "NON_FOOD",
    "IsPrivateLabel": false,
    "IsBiffe": false,
    "IsWeightArticle": false,
    "RecentQuanityOfStockUnits": "1",
    "LongName": "GARNIER Pure Active 3-in-1 klei 150ml",
    "IsBio": false,
    "CountryOfOrigin": "BELGIË",
    "FicCode": "N",
    "OrderUnit": "P",
    "ShortName": "GAR.PURE 3IN1 REINIGING",
    "IsNew": false
  },
  {
    "productId": "453340",
    "technicalArticleNumber": "4032698",
    "commercialArticleNumber": "5730",
    "name": "shamp.Nutri/Bleu",
    "description": "*Shampoo\n*250ml\n*2 parfums:\n-Nutri extreme\n-Blond Californien Bleu",
    "brand": "DESSANGE",
    "seoBrand": "Dessange",
    "thumbNail": "https://static.colruytgroup.com/images/200x200/std.lang.all/17/19/asset-3031719.jpg",
    "fullImage": "https://static.colruytgroup.com/images/500x500/std.lang.all/17/19/asset-3031719.jpg",
    "squareImage": "https://static.colruytgroup.com/images/500x500sq/std.lang.all/17/19/asset-3031719.jpg",
    "content": "250ml",
    "walkRouteSequenceNumber": 15060,
    "price": {
      "basicPrice": 7.49,
      "recommendedQuantity": "1.0",
      "measurementUnitPrice": 29.96,
      "measurementUnit": "L",
      "isRedPrice": false,
      "pricePerUOM": 29.96,
      "activationDate": "08-03-2024",
      "recordSource": "Offline",
      "isPromoActive": "N",
      "priceChangeCode": "H"
    },
    "isAvailable": true,
    "isPriceAvailable": true,
    "inPromo": false,
    "gtin": [
      "03600550075069",
      "03600551049427",
      "03600550817584",
      "03600550478044",
      "03600550845365",
      "75410103825877"
    ],
    "topCategoryName": "Lichaamsverzorging/Parfumerie",
    "topCategoryId": "591",
    "businessDomain": "RETAIL_BE",
    "IsPrivateLabel": false,
    "IsBiffe": false,
    "WeightconversionFactor": "0",
    "IsWeightArticle": false,
    "IsBio": false,
    "CountryOfOrigin": "BELGIË",
    "IsExclusivelySoldInLuxembourg": false,
    "OrderUnit": "P",
    "ShortName": "DESS.SH.NUTRI/BLEU 250",
    "IsNew": false,
    "RecentQuanityOfStockUnits": "1,1,1",
    "LongName": "DESSANGE shamp.Nutri/Bleu 250ml",
    "FicCode": "N"
  },
  {
    "productId": "333709",
    "technicalArticleNumber": "3819488",
    "commercialArticleNumber": "346957",
    "name": "make-up Rem.verzorgend bi.",
    "description": "*Ontschminker\n*125ml",
    "brand": "NIVEA",
    "seoBrand": "Nivea",
    "thumbNail": "https://static.colruytgroup.com/images/200x200/std.lang.all/22/67/asset-1562267.jpg",
    "fullImage": "https://static.colruytgroup.com/images/500x500/std.lang.all/22/67/asset-1562267.jpg",
    "squareImage": "https://static.colruytgroup.com/images/500x500sq/std.lang.all/22/67/asset-1562267.jpg",
    "content": "125ml",
    "walkRouteSequenceNumber": 15840,
    "price": {
      "basicPrice": 5.29,
      "recommendedQuantity": "1.0",
      "measurementUnitPrice": 42.32,
      "measurementUnit": "L",
      "isRedPrice": false,
      "pricePerUOM": 42.32,
      "activationDate": "23-03-2024",
      "recordSource": "Online",
      "isPromoActive": "N",
      "priceChangeCode": "E"
    },
    "isAvailable": true,
    "isPriceAvailable": true,
    "inPromo": false,
    "gtin": [
      "04005900516916",
      "04005900516893",
      "04005900516909"
    ],
    "topCategoryName": "Lichaamsverzorging/Parfumerie",
    "topCategoryId": "591",
    "businessDomain": "NON_FOOD",
    "IsPrivateLabel": false,
    "IsBiffe": false,
    "IsWeightArticle": false,
    "RecentQuanityOfStockUnits": "1",
    "LongName": "NIVEA make-up Rem.verzorgend bi. 125ml",
    "IsBio": false,
    "CountryOfOrigin": "BELGIË",
    "FicCode": "N",
    "OrderUnit": "P",
    "ShortName": "NIV.VIS.EMUR VERZORGEND",
    "IsNew": false
  },
  {
    "productId": "801513",
    "technicalArticleNumber": "4616814",
    "commercialArticleNumber": "10669",
    "name": "navulling dch met bio koko",
    "brand": "TAHITI",
    "seoBrand": "Tahiti",
    "thumbNail": "https://static.colruytgroup.com/images/200x200/std.lang.all/34/35/asset-3193435.jpg",
    "fullImage": "https://static.colruytgroup.com/images/500x500/std.lang.all/34/35/asset-3193435.jpg",
    "squareImage": "https://static.colruytgroup.com/images/500x500sq/std.lang.all/34/35/asset-3193435.jpg",
    "content": "500ml",
    "walkRouteSequenceNumber": 14633,
    "price": {
      "basicPrice": 4.29,
      "recommendedQuantity": "1.0",
      "measurementUnitPrice": 8.58,
      "measurementUnit": "L",
      "isRedPrice": false,
      "pricePerUOM": 8.58,
      "activationDate": "13-03-2024",
      "recordSource": "Offline",
      "isPromoActive": "N",
      "priceChangeCode": "E"
    },
    "isAvailable": true,
    "isPriceAvailable": true,
    "inPromo": false,
    "gtin": [
      "08718951488472",
      "08718951488465"
    ],
    "topCategoryName": "Lichaamsverzorging/Parfumerie",
    "topCategoryId": "591",
    "businessDomain": "RETAIL_BE",
    "IsPrivateLabel": false,
    "IsBiffe": false,
    "WeightconversionFactor": "0",
    "IsWeightArticle": false,
    "IsBio": false,
    "CountryOfOrigin": "ITALIË",
    "IsExclusivelySoldInLuxembourg": false,
    "OrderUnit": "P",
    "ShortName": "TAHI NAV.KOKO 500ML",
    "IsNew": false,
    "RecentQuanityOfStockUnits": "1",
    "LongName": "TAHITI navulling dch met bio koko 500ml",
    "FicCode": "N"
  },
  {
    "productId": "857012",
    "technicalArticleNumber": "4706895",
    "commercialArticleNumber": "31463",
    "name": "tandpasta whitening",
    "description": "*Tandvleesverzorging\n*Antibacterieel\n*Whitening tandpasta",
    "brand": "MERIDOL",
    "seoBrand": "Meridol",
    "thumbNail": "https://static.colruytgroup.com/images/200x200/std.lang.all/64/65/asset-3226465.jpg",
    "fullImage": "https://static.colruytgroup.com/images/500x500/std.lang.all/64/65/asset-3226465.jpg",
    "squareImage": "https://static.colruytgroup.com/images/500x500sq/std.lang.all/64/65/asset-3226465.jpg",
    "content": "75ml",
    "walkRouteSequenceNumber": 14359,
    "price": {
      "basicPrice": 5.59,
      "recommendedQuantity": "1.0",
      "measurementUnitPrice": 74.54,
      "measurementUnit": "L",
      "isRedPrice": false,
      "pricePerUOM": 74.54,
      "activationDate": "19-03-2024",
      "recordSource": "Offline",
      "isPromoActive": "N",
      "priceChangeCode": "E"
    },
    "isAvailable": true,
    "isPriceAvailable": true,
    "inPromo": true,
    "promotion": [
      {
        "techPromoId": "100891COLR",
        "promotionId": "100891",
        "promotionType": "3",
        "isPersonalized": "N",
        "publicationStartDate": "13-03-2024",
        "publicationEndDate": "26-03-2024"
      }
    ],
    "gtin": [
      "08718951560291",
      "08718951560307"
    ],
    "topCategoryName": "Lichaamsverzorging/Parfumerie",
    "topCategoryId": "591",
    "businessDomain": "RETAIL_BE",
    "IsPrivateLabel": false,
    "IsBiffe": false,
    "WeightconversionFactor": "0",
    "IsWeightArticle": false,
    "IsBio": false,
    "CountryOfOrigin": "BELGIË",
    "IsExclusivelySoldInLuxembourg": false,
    "OrderUnit": "P",
    "ShortName": "MERI TP WHITENING 75ML",
    "IsNew": false,
    "RecentQuanityOfStockUnits": "1",
    "LongName": "MERIDOL tandpasta whitening 75ml",
    "FicCode": "N"
  },
  {
    "productId": "689244",
    "technicalArticleNumber": "4414862",
    "commercialArticleNumber": "13084",
    "name": "Bio dch roos/olijfb",
    "description": "*Bio douchegel\n*Assortiment:\n- Olijfblad\n- Wilde Roos",
    "brand": "LE PETIT MARS.",
    "seoBrand": "Le Petit Marseillais",
    "thumbNail": "https://static.colruytgroup.com/images/200x200/std.lang.all/36/62/asset-3243662.jpg",
    "fullImage": "https://static.colruytgroup.com/images/500x500/std.lang.all/36/62/asset-3243662.jpg",
    "squareImage": "https://static.colruytgroup.com/images/500x500sq/std.lang.all/36/62/asset-3243662.jpg",
    "content": "250ml",
    "walkRouteSequenceNumber": 14639,
    "price": {
      "basicPrice": 4.19,
      "recommendedQuantity": "1.0",
      "measurementUnitPrice": 16.76,
      "measurementUnit": "L",
      "isRedPrice": false,
      "pricePerUOM": 16.76,
      "activationDate": "22-02-2024",
      "recordSource": "Offline",
      "isPromoActive": "N",
      "priceChangeCode": "E"
    },
    "isAvailable": true,
    "isPriceAvailable": true,
    "inPromo": false,
    "gtin": [
      "03574661717098",
      "03574661717111",
      "03574661618906",
      "03574661619002",
      "03574661618944",
      "03574661618937",
      "75400141618548"
    ],
    "topCategoryName": "Lichaamsverzorging/Parfumerie",
    "topCategoryId": "591",
    "businessDomain": "RETAIL_BE",
    "IsPrivateLabel": false,
    "IsBiffe": false,
    "WeightconversionFactor": "0",
    "IsWeightArticle": false,
    "IsBio": false,
    "CountryOfOrigin": "ITALIË",
    "IsExclusivelySoldInLuxembourg": false,
    "OrderUnit": "P",
    "ShortName": "LPMA BIO DCH ROOS/OL250",
    "IsNew": false,
    "RecentQuanityOfStockUnits": "1,1,2",
    "LongName": "LE PETIT MARS. Bio dch roos/olijfb 250ml",
    "FicCode": "N"
  },
  {
    "productId": "598857",
    "technicalArticleNumber": "4263180",
    "commercialArticleNumber": "11811",
    "name": "shampoo cafeïne C1",
    "description": "*Shampoo\n*Stimuleert de\nhaarwortels\n*Voorkomt haaruitval",
    "brand": "ALPECIN",
    "seoBrand": "Alpecin",
    "thumbNail": "https://static.colruytgroup.com/images/200x200/std.lang.all/46/29/asset-2834629.jpg",
    "fullImage": "https://static.colruytgroup.com/images/500x500/std.lang.all/46/29/asset-2834629.jpg",
    "squareImage": "https://static.colruytgroup.com/images/500x500sq/std.lang.all/46/29/asset-2834629.jpg",
    "content": "250ml",
    "walkRouteSequenceNumber": 15120,
    "price": {
      "basicPrice": 5.99,
      "recommendedQuantity": "1.0",
      "measurementUnitPrice": 23.96,
      "measurementUnit": "L",
      "isRedPrice": false,
      "pricePerUOM": 23.96,
      "activationDate": "02-02-2024",
      "recordSource": "Offline",
      "isPromoActive": "N",
      "priceChangeCode": "E"
    },
    "isAvailable": true,
    "isPriceAvailable": true,
    "inPromo": false,
    "gtin": [
      "04008666210258",
      "04008666211637",
      "04008666215970",
      "04008666217271"
    ],
    "topCategoryName": "Lichaamsverzorging/Parfumerie",
    "topCategoryId": "591",
    "businessDomain": "RETAIL_BE",
    "IsPrivateLabel": false,
    "IsBiffe": false,
    "WeightconversionFactor": "0",
    "IsWeightArticle": false,
    "IsBio": false,
    "CountryOfOrigin": "DUITSLAND",
    "IsExclusivelySoldInLuxembourg": false,
    "OrderUnit": "P",
    "ShortName": "ALPE SH.CAFEINE C1 250",
    "InSeason": true,
    "IsNew": false,
    "RecentQuanityOfStockUnits": "1",
    "LongName": "ALPECIN shampoo cafeïne C1 250ml",
    "StartSeasonDate": "29/11/2021",
    "FicCode": "N"
  },
  {
    "productId": "878388",
    "technicalArticleNumber": "4734400",
    "commercialArticleNumber": "16144",
    "name": "Shower Zen Vibes",
    "brand": "NIVEA",
    "seoBrand": "Nivea",
    "thumbNail": "https://static.colruytgroup.com/images/200x200/std.lang.all/58/29/asset-3235829.jpg",
    "fullImage": "https://static.colruytgroup.com/images/500x500/std.lang.all/58/29/asset-3235829.jpg",
    "squareImage": "https://static.colruytgroup.com/images/500x500sq/std.lang.all/58/29/asset-3235829.jpg",
    "content": "250ml",
    "walkRouteSequenceNumber": 14616,
    "price": {
      "basicPrice": 3.49,
      "recommendedQuantity": "1.0",
      "measurementUnitPrice": 13.96,
      "measurementUnit": "L",
      "isRedPrice": false,
      "pricePerUOM": 13.96,
      "activationDate": "18-10-2023",
      "isPromoActive": "N",
      "priceChangeCode": "E"
    },
    "isAvailable": true,
    "isPriceAvailable": true,
    "inPromo": false,
    "gtin": [
      "09005808017619",
      "09005800367873",
      "09005801244784",
      "55400141453336"
    ],
    "topCategoryName": "Lichaamsverzorging/Parfumerie",
    "topCategoryId": "591",
    "businessDomain": "RETAIL_BE",
    "IsPrivateLabel": false,
    "IsBiffe": false,
    "WeightconversionFactor": "0",
    "IsWeightArticle": false,
    "IsBio": false,
    "CountryOfOrigin": "DUITSLAND",
    "IsExclusivelySoldInLuxembourg": false,
    "OrderUnit": "P",
    "ShortName": "NIVE DCH ZEN VIBES250ML",
    "IsNew": false,
    "RecentQuanityOfStockUnits": "2,1",
    "LongName": "NIVEA Shower Zen Vibes 250ml",
    "FicCode": "N"
  },
  {
    "productId": "1813",
    "technicalArticleNumber": "23466",
    "commercialArticleNumber": "23466",
    "name": "mesjes contour plus",
    "description": "*Navulling met\nlubrastrip, voor\nalle Contour\nscheerapparaten\n*10 stuks",
    "brand": "GILLETTE",
    "seoBrand": "Gillette",
    "thumbNail": "https://static.colruytgroup.com/images/200x200/std.lang.all/32/00/asset-1003200.jpg",
    "fullImage": "https://static.colruytgroup.com/images/500x500/std.lang.all/32/00/asset-1003200.jpg",
    "squareImage": "https://static.colruytgroup.com/images/500x500sq/std.lang.all/32/00/asset-1003200.jpg",
    "content": "10st",
    "walkRouteSequenceNumber": 18188,
    "price": {
      "basicPrice": 12.55,
      "recommendedQuantity": "1.0",
      "quantityPrice": 11.11,
      "quantityPriceQuantity": "3.0",
      "measurementUnitPrice": 1.26,
      "measurementUnitQuantityPrice": 1.12,
      "measurementUnit": "S",
      "isRedPrice": false,
      "pricePerUOM": 1.26,
      "activationDate": "23-03-2024",
      "recordSource": "Offline",
      "isPromoActive": "N",
      "priceChangeCode": "E",
      "quantityPricePerUOM": 1.12,
      "quantityActivationDate": "23-03-2024",
      "quantityPriceChangeCode": "E"
    },
    "isAvailable": true,
    "isPriceAvailable": true,
    "inPromo": false,
    "gtin": [
      "03014260207618",
      "03014260411633",
      "03014260637378"
    ],
    "topCategoryName": "Lichaamsverzorging/Parfumerie",
    "topCategoryId": "591",
    "businessDomain": "RETAIL_BE",
    "IsPrivateLabel": false,
    "IsBiffe": false,
    "WeightconversionFactor": "0",
    "IsWeightArticle": false,
    "IsBio": false,
    "CountryOfOrigin": "POLEN",
    "IsExclusivelySoldInLuxembourg": false,
    "OrderUnit": "P",
    "ShortName": "GILL.CONTOUR PLUS 10MES",
    "IsNew": false,
    "RecentQuanityOfStockUnits": "1",
    "LongName": "GILLETTE mesjes contour plus 10st",
    "AlcoholVolume": "0",
    "FicCode": "N"
  },
  {
    "productId": "900602",
    "technicalArticleNumber": "4757810",
    "commercialArticleNumber": "23700",
    "name": "extra 3 sens.6+2gr",
    "description": "*Wegwerpscheermessen\nmet 2-voudig mesje\n*6+2 stuks",
    "brand": "WILKINSON SWORD",
    "seoBrand": "Wilkinson Sword",
    "thumbNail": "https://static.colruytgroup.com/images/200x200/std.lang.all/06/23/asset-3330623.jpg",
    "fullImage": "https://static.colruytgroup.com/images/500x500/std.lang.all/06/23/asset-3330623.jpg",
    "squareImage": "https://static.colruytgroup.com/images/500x500sq/std.lang.all/06/23/asset-3330623.jpg",
    "content": "8st",
    "walkRouteSequenceNumber": 15042,
    "price": {
      "basicPrice": 8.39,
      "recommendedQuantity": "1.0",
      "measurementUnitPrice": 1.05,
      "measurementUnit": "S",
      "isRedPrice": false,
      "pricePerUOM": 1.05,
      "activationDate": "23-03-2024",
      "recordSource": "Online",
      "isPromoActive": "N",
      "priceChangeCode": "E"
    },
    "isAvailable": true,
    "isPriceAvailable": true,
    "inPromo": false,
    "gtin": [
      "04027800459704",
      "04027800459711"
    ],
    "topCategoryName": "Lichaamsverzorging/Parfumerie",
    "topCategoryId": "591",
    "businessDomain": "RETAIL_BE",
    "IsPrivateLabel": false,
    "IsBiffe": false,
    "WeightconversionFactor": "0",
    "IsWeightArticle": false,
    "IsBio": false,
    "CountryOfOrigin": "TSJECHIË (REPUBLIEK)",
    "IsExclusivelySoldInLuxembourg": false,
    "OrderUnit": "P",
    "ShortName": "WILK.EXTRA 3 SENS 6+2",
    "IsNew": false,
    "RecentQuanityOfStockUnits": "1",
    "LongName": "WILKINSON SWORD extra 3 sens.6+2gr 8st",
    "AlcoholVolume": "0",
    "FicCode": "N"
  },
  {
    "productId": "547374",
    "technicalArticleNumber": "4175516",
    "commercialArticleNumber": "346743",
    "name": "Visage reinigingsdoekjes",
    "description": "*Reinigingsdoekjes\n*Bio-afbreekbaar",
    "brand": "NIVEA",
    "seoBrand": "Nivea",
    "thumbNail": "https://static.colruytgroup.com/images/200x200/std.lang.all/83/03/asset-2428303.jpg",
    "fullImage": "https://static.colruytgroup.com/images/500x500/std.lang.all/83/03/asset-2428303.jpg",
    "squareImage": "https://static.colruytgroup.com/images/500x500sq/std.lang.all/83/03/asset-2428303.jpg",
    "content": "25st",
    "walkRouteSequenceNumber": 15722,
    "price": {
      "basicPrice": 3.46,
      "recommendedQuantity": "1.0",
      "measurementUnitPrice": 0.139,
      "measurementUnit": "S",
      "isRedPrice": false,
      "pricePerUOM": 0.139,
      "activationDate": "23-03-2024",
      "recordSource": "Folder",
      "isPromoActive": "N",
      "priceChangeCode": "E"
    },
    "isAvailable": true,
    "isPriceAvailable": true,
    "inPromo": false,
    "gtin": [
      "04005900778109",
      "04005900655837",
      "04005900655844",
      "04005900778093"
    ],
    "topCategoryName": "Lichaamsverzorging/Parfumerie",
    "topCategoryId": "591",
    "businessDomain": "NON_FOOD",
    "IsPrivateLabel": false,
    "IsBiffe": false,
    "IsWeightArticle": false,
    "RecentQuanityOfStockUnits": "1",
    "LongName": "NIVEA Visage reinigingsdoekjes 25st",
    "IsBio": false,
    "CountryOfOrigin": "NEDERLAND",
    "FicCode": "N",
    "OrderUnit": "P",
    "ShortName": "NIV.VIS R.DOEK BIO 25ST",
    "IsNew": false
  },
  {
    "productId": "103214",
    "technicalArticleNumber": "3097403",
    "commercialArticleNumber": "282417",
    "name": "BODY MILK verz.ond.douche",
    "description": "*Bodymelk\n*400 ml\n*Droge huid",
    "brand": "NIVEA",
    "seoBrand": "Nivea",
    "thumbNail": "https://static.colruytgroup.com/images/200x200/std.lang.all/17/65/asset-891765.jpg",
    "fullImage": "https://static.colruytgroup.com/images/500x500/std.lang.all/17/65/asset-891765.jpg",
    "squareImage": "https://static.colruytgroup.com/images/500x500sq/std.lang.all/17/65/asset-891765.jpg",
    "content": "400ml",
    "walkRouteSequenceNumber": 15570,
    "price": {
      "basicPrice": 7.19,
      "recommendedQuantity": "1.0",
      "measurementUnitPrice": 17.98,
      "measurementUnit": "L",
      "isRedPrice": false,
      "pricePerUOM": 17.98,
      "activationDate": "30-01-2024",
      "recordSource": "Offline",
      "isPromoActive": "N",
      "priceChangeCode": "H"
    },
    "isAvailable": true,
    "isPriceAvailable": true,
    "inPromo": false,
    "gtin": [
      "04005900086990",
      "04005808825462",
      "04005900086983",
      "04005900140517",
      "04005900140500",
      "04005808364718",
      "04005808364701",
      "04005808360260",
      "04005900140524",
      "04005900246509"
    ],
    "topCategoryName": "Lichaamsverzorging/Parfumerie",
    "topCategoryId": "591",
    "businessDomain": "NON_FOOD",
    "IsPrivateLabel": false,
    "IsBiffe": false,
    "IsWeightArticle": false,
    "RecentQuanityOfStockUnits": "1",
    "LongName": "NIVEA BODY MILK verz.ond.douche 400ml",
    "IsBio": false,
    "CountryOfOrigin": "BELGIË",
    "FicCode": "N",
    "OrderUnit": "P",
    "ShortName": "NIV.DOUCHE BODY M.400ML",
    "IsNew": false
  },
  {
    "productId": "866856",
    "technicalArticleNumber": "4719520",
    "commercialArticleNumber": "9896",
    "name": "hybrid oneblade mesjes",
    "brand": "PHILIPS",
    "seoBrand": "Philips",
    "thumbNail": "https://static.colruytgroup.com/images/200x200/std.lang.all/42/20/asset-3354220.jpg",
    "fullImage": "https://static.colruytgroup.com/images/500x500/std.lang.all/42/20/asset-3354220.jpg",
    "squareImage": "https://static.colruytgroup.com/images/500x500sq/std.lang.all/42/20/asset-3354220.jpg",
    "content": "2st",
    "walkRouteSequenceNumber": 15047,
    "price": {
      "basicPrice": 22.39,
      "recommendedQuantity": "1.0",
      "measurementUnitPrice": 11.2,
      "measurementUnit": "S",
      "isRedPrice": false,
      "pricePerUOM": 11.2,
      "activationDate": "23-03-2024",
      "recordSource": "Folder",
      "isPromoActive": "N",
      "priceChangeCode": "E"
    },
    "isAvailable": true,
    "isPriceAvailable": true,
    "inPromo": false,
    "gtin": [
      "08710103997146",
      "18710103997143"
    ],
    "topCategoryName": "Lichaamsverzorging/Parfumerie",
    "topCategoryId": "591",
    "businessDomain": "RETAIL_BE",
    "IsPrivateLabel": false,
    "IsBiffe": false,
    "WeightconversionFactor": "0",
    "IsWeightArticle": false,
    "IsBio": false,
    "CountryOfOrigin": "INDONESIË",
    "IsExclusivelySoldInLuxembourg": false,
    "OrderUnit": "P",
    "ShortName": "PHIL.HYBRID ONEBL.2MESJ",
    "IsNew": false,
    "RecentQuanityOfStockUnits": "1",
    "LongName": "PHILIPS hybrid oneblade mesjes 2st",
    "AlcoholVolume": "0",
    "FicCode": "N"
  },
  {
    "productId": "847585",
    "technicalArticleNumber": "4694004",
    "commercialArticleNumber": "21495",
    "name": "fusion xl mesjes",
    "description": "*Navulling met\n5-voudig mesje en\nprecisiemesje, voor\nFusion apparaten\n*8 stuks",
    "brand": "GILLETTE FUSION5",
    "seoBrand": "Gillette",
    "thumbNail": "https://static.colruytgroup.com/images/200x200/std.lang.all/17/92/asset-3161792.jpg",
    "fullImage": "https://static.colruytgroup.com/images/500x500/std.lang.all/17/92/asset-3161792.jpg",
    "squareImage": "https://static.colruytgroup.com/images/500x500sq/std.lang.all/17/92/asset-3161792.jpg",
    "content": "8st",
    "walkRouteSequenceNumber": 18213,
    "price": {
      "basicPrice": 42.95,
      "recommendedQuantity": "1.0",
      "quantityPrice": 29.79,
      "quantityPriceQuantity": "3.0",
      "measurementUnitPrice": 5.37,
      "measurementUnitQuantityPrice": 3.73,
      "measurementUnit": "S",
      "isRedPrice": false,
      "pricePerUOM": 5.37,
      "activationDate": "23-03-2024",
      "recordSource": "Offline",
      "isPromoActive": "N",
      "priceChangeCode": "E",
      "quantityPricePerUOM": 3.73,
      "quantityActivationDate": "23-03-2024",
      "quantityPriceChangeCode": "E"
    },
    "isAvailable": true,
    "isPriceAvailable": true,
    "inPromo": false,
    "gtin": [
      "08001090420060",
      "08001090420053",
      "08001090420046"
    ],
    "topCategoryName": "Lichaamsverzorging/Parfumerie",
    "topCategoryId": "591",
    "businessDomain": "RETAIL_BE",
    "IsPrivateLabel": false,
    "IsBiffe": false,
    "WeightconversionFactor": "0",
    "IsWeightArticle": false,
    "IsBio": false,
    "CountryOfOrigin": "DUITSLAND",
    "IsExclusivelySoldInLuxembourg": false,
    "OrderUnit": "P",
    "ShortName": "GILL FUSION XL 8 MES",
    "IsNew": false,
    "RecentQuanityOfStockUnits": "1",
    "LongName": "GILLETTE FUSION5 fusion xl mesjes 8st",
    "FicCode": "N"
  },
  {
    "productId": "329868",
    "technicalArticleNumber": "3811968",
    "commercialArticleNumber": "16586",
    "name": "Men Active Fit pants L",
    "description": "*Pants Men L (8s)\n*Zwaar urineverlies\n*Triple Protection\n*Odour Control\n*Parfumvrij",
    "brand": "TENA",
    "seoBrand": "Tena Men",
    "thumbNail": "https://static.colruytgroup.com/images/200x200/std.lang.all/61/22/asset-3016122.jpg",
    "fullImage": "https://static.colruytgroup.com/images/500x500/std.lang.all/61/22/asset-3016122.jpg",
    "squareImage": "https://static.colruytgroup.com/images/500x500sq/std.lang.all/61/22/asset-3016122.jpg",
    "content": "8st",
    "walkRouteSequenceNumber": 14272,
    "price": {
      "basicPrice": 9.63,
      "recommendedQuantity": "1.0",
      "measurementUnitPrice": 1.21,
      "measurementUnit": "S",
      "isRedPrice": false,
      "pricePerUOM": 1.21,
      "activationDate": "21-03-2024",
      "recordSource": "Folder",
      "isPromoActive": "N",
      "priceChangeCode": "L"
    },
    "isAvailable": true,
    "isPriceAvailable": true,
    "inPromo": true,
    "promotion": [
      {
        "techPromoId": "100838COLR",
        "promotionId": "100838",
        "promotionType": "3",
        "isPersonalized": "N",
        "publicationStartDate": "13-03-2024",
        "publicationEndDate": "26-03-2024"
      }
    ],
    "gtin": [
      "07322540887648",
      "07322540887655"
    ],
    "topCategoryName": "Lichaamsverzorging/Parfumerie",
    "topCategoryId": "591",
    "businessDomain": "RETAIL_BE",
    "IsPrivateLabel": false,
    "IsBiffe": false,
    "WeightconversionFactor": "0",
    "IsWeightArticle": false,
    "IsBio": false,
    "CountryOfOrigin": "POLEN",
    "IsExclusivelySoldInLuxembourg": false,
    "OrderUnit": "P",
    "ShortName": "TENA MEN ACT.FIT LARGE8",
    "IsNew": false,
    "RecentQuanityOfStockUnits": "4,1",
    "LongName": "TENA Men Active Fit pants L 8st",
    "AlcoholVolume": "0",
    "FicCode": "N"
  },
  {
    "productId": "25956",
    "technicalArticleNumber": "1892666",
    "commercialArticleNumber": "720651",
    "name": "verfrissende reinigingsgel",
    "description": "*Reinigingsgel\n*150 ml\n*Normale huid",
    "brand": "NIVEA",
    "seoBrand": "Nivea",
    "thumbNail": "https://static.colruytgroup.com/images/200x200/std.lang.all/96/64/asset-2079664.jpg",
    "fullImage": "https://static.colruytgroup.com/images/500x500/std.lang.all/96/64/asset-2079664.jpg",
    "squareImage": "https://static.colruytgroup.com/images/500x500sq/std.lang.all/96/64/asset-2079664.jpg",
    "content": "150ml",
    "walkRouteSequenceNumber": 15632,
    "price": {
      "basicPrice": 7.15,
      "recommendedQuantity": "1.0",
      "measurementUnitPrice": 47.67,
      "measurementUnit": "L",
      "isRedPrice": false,
      "pricePerUOM": 47.67,
      "activationDate": "17-02-2024",
      "recordSource": "Offline",
      "isPromoActive": "N",
      "priceChangeCode": "E"
    },
    "isAvailable": true,
    "isPriceAvailable": true,
    "inPromo": false,
    "gtin": [
      "04005900681942",
      "04005808668830",
      "04005808668823",
      "04005808189434",
      "04005900681959",
      "14005808189431",
      "17319470052991",
      "54005808189439",
      "04005900681966"
    ],
    "topCategoryName": "Lichaamsverzorging/Parfumerie",
    "topCategoryId": "591",
    "businessDomain": "NON_FOOD",
    "IsPrivateLabel": false,
    "IsBiffe": false,
    "IsWeightArticle": false,
    "RecentQuanityOfStockUnits": "1",
    "LongName": "NIVEA verfrissende reinigingsgel 150ml",
    "IsBio": false,
    "AlcoholVolume": "0",
    "CountryOfOrigin": "FRANKRIJK",
    "FicCode": "N",
    "OrderUnit": "P",
    "ShortName": "NIV.VIS.VERFR.REIN.GEL",
    "IsNew": false
  },
  {
    "productId": "591272",
    "technicalArticleNumber": "4249758",
    "commercialArticleNumber": "378025",
    "name": "Body Q10 Bronze Effect",
    "brand": "NIVEA",
    "seoBrand": "Nivea",
    "thumbNail": "https://static.colruytgroup.com/images/200x200/std.lang.all/96/06/asset-2079606.jpg",
    "fullImage": "https://static.colruytgroup.com/images/500x500/std.lang.all/96/06/asset-2079606.jpg",
    "squareImage": "https://static.colruytgroup.com/images/500x500sq/std.lang.all/96/06/asset-2079606.jpg",
    "content": "400ml",
    "walkRouteSequenceNumber": 15578,
    "price": {
      "basicPrice": 10.49,
      "recommendedQuantity": "1.0",
      "measurementUnitPrice": 26.23,
      "measurementUnit": "L",
      "isRedPrice": false,
      "pricePerUOM": 26.23,
      "activationDate": "13-03-2024",
      "recordSource": "Offline",
      "isPromoActive": "N",
      "priceChangeCode": "E"
    },
    "isAvailable": true,
    "isPriceAvailable": true,
    "inPromo": false,
    "gtin": [
      "04005900710208",
      "04005900710215",
      "04005900710222"
    ],
    "topCategoryName": "Lichaamsverzorging/Parfumerie",
    "topCategoryId": "591",
    "businessDomain": "NON_FOOD",
    "IsPrivateLabel": false,
    "IsBiffe": false,
    "IsWeightArticle": false,
    "RecentQuanityOfStockUnits": "1",
    "LongName": "NIVEA Body Q10 Bronze Effect 400ml",
    "IsBio": false,
    "CountryOfOrigin": "BELGIË",
    "FicCode": "N",
    "OrderUnit": "P",
    "ShortName": "NIV.BODY Q10 BRONZE 400",
    "IsNew": false
  },
  {
    "productId": "733140",
    "technicalArticleNumber": "4493039",
    "commercialArticleNumber": "282397",
    "name": "Pure Lady scheermes",
    "description": "*Wegwerpscheermes\nmet 3 scheerbladen",
    "brand": "BIC",
    "seoBrand": "Bic",
    "thumbNail": "https://static.colruytgroup.com/images/200x200/std.lang.all/42/56/asset-2524256.jpg",
    "fullImage": "https://static.colruytgroup.com/images/500x500/std.lang.all/42/56/asset-2524256.jpg",
    "squareImage": "https://static.colruytgroup.com/images/500x500sq/std.lang.all/42/56/asset-2524256.jpg",
    "content": "8st",
    "walkRouteSequenceNumber": 15130,
    "price": {
      "basicPrice": 3.07,
      "recommendedQuantity": "1.0",
      "measurementUnitPrice": 0.384,
      "measurementUnit": "S",
      "isRedPrice": false,
      "pricePerUOM": 0.384,
      "activationDate": "20-03-2024",
      "recordSource": "Folder",
      "isPromoActive": "N",
      "priceChangeCode": "L"
    },
    "isAvailable": true,
    "isPriceAvailable": true,
    "inPromo": false,
    "gtin": [
      "03086126726991",
      "03086128278733"
    ],
    "topCategoryName": "Lichaamsverzorging/Parfumerie",
    "topCategoryId": "591",
    "businessDomain": "NON_FOOD",
    "IsPrivateLabel": false,
    "IsBiffe": false,
    "IsWeightArticle": false,
    "RecentQuanityOfStockUnits": "1",
    "LongName": "BIC Pure Lady scheermes 8st",
    "IsBio": false,
    "CountryOfOrigin": "GRIEKENLAND",
    "FicCode": "N",
    "OrderUnit": "P",
    "ShortName": "BIC PURE LADY 8ST",
    "IsNew": false
  },
  {
    "productId": "144824",
    "technicalArticleNumber": "3310956",
    "commercialArticleNumber": "282958",
    "name": "Revitalift dagcrème F30",
    "description": "*Dagcrème\n*50 ml\n*Anti-rimpel",
    "brand": "L'OREAL",
    "seoBrand": "L'Oréal Paris Revitalift",
    "thumbNail": "https://static.colruytgroup.com/images/200x200/std.lang.all/02/03/asset-870203.jpg",
    "fullImage": "https://static.colruytgroup.com/images/500x500/std.lang.all/02/03/asset-870203.jpg",
    "squareImage": "https://static.colruytgroup.com/images/500x500sq/std.lang.all/02/03/asset-870203.jpg",
    "content": "50ml",
    "walkRouteSequenceNumber": 15243,
    "price": {
      "basicPrice": 13.22,
      "recommendedQuantity": "1.0",
      "measurementUnitPrice": 264.4,
      "measurementUnit": "L",
      "isRedPrice": false,
      "pricePerUOM": 264.4,
      "activationDate": "21-03-2024",
      "recordSource": "Folder",
      "isPromoActive": "N",
      "priceChangeCode": "L"
    },
    "isAvailable": true,
    "isPriceAvailable": true,
    "inPromo": true,
    "promotion": [
      {
        "techPromoId": "100883COLR",
        "promotionId": "100883",
        "promotionType": "4",
        "isPersonalized": "N",
        "publicationStartDate": "13-03-2024",
        "publicationEndDate": "26-03-2024"
      }
    ],
    "gtin": [
      "03600522417187",
      "03600522417217"
    ],
    "topCategoryName": "Lichaamsverzorging/Parfumerie",
    "topCategoryId": "591",
    "businessDomain": "NON_FOOD",
    "IsPrivateLabel": false,
    "IsBiffe": false,
    "IsWeightArticle": false,
    "RecentQuanityOfStockUnits": "1",
    "LongName": "L'OREAL Revitalift dagcrème F30 50ml",
    "IsBio": false,
    "AlcoholVolume": "0",
    "CountryOfOrigin": "BELGIË",
    "FicCode": "N",
    "OrderUnit": "P",
    "ShortName": "LOR.REVIT.DAGCREME F30",
    "IsNew": false
  },
  {
    "productId": "182291",
    "technicalArticleNumber": "3341409",
    "commercialArticleNumber": "32995",
    "name": "scheermes 3 mesjes",
    "description": "* Scheerapparaat 3 mesjes\n- Houder + 1 mes\n- Vervangmesjes: art. 33035",
    "brand": "BONI",
    "seoBrand": "Boni Selection",
    "thumbNail": "https://static.colruytgroup.com/images/200x200/std.lang.all/77/04/asset-2197704.jpg",
    "fullImage": "https://static.colruytgroup.com/images/500x500/std.lang.all/77/04/asset-2197704.jpg",
    "squareImage": "https://static.colruytgroup.com/images/500x500sq/std.lang.all/77/04/asset-2197704.jpg",
    "content": "1st",
    "walkRouteSequenceNumber": 18204,
    "price": {
      "basicPrice": 3.69,
      "recommendedQuantity": "1.0",
      "quantityPrice": 2.46,
      "quantityPriceQuantity": "3.0",
      "measurementUnitPrice": 3.69,
      "measurementUnitQuantityPrice": 2.46,
      "measurementUnit": "S",
      "isRedPrice": false,
      "pricePerUOM": 3.69,
      "activationDate": "20-03-2024",
      "recordSource": "Offline",
      "isPromoActive": "N",
      "priceChangeCode": "E",
      "quantityPricePerUOM": 2.46,
      "quantityActivationDate": "20-03-2024",
      "quantityPriceChangeCode": "L"
    },
    "isAvailable": true,
    "isPriceAvailable": true,
    "inPromo": false,
    "gtin": [
      "15400141796220",
      "15400141306566",
      "05400141599237",
      "05400141425277",
      "05400141306569",
      "05400141132052"
    ],
    "topCategoryName": "Lichaamsverzorging/Parfumerie",
    "topCategoryId": "591",
    "businessDomain": "RETAIL_BE",
    "IsPrivateLabel": true,
    "IsBiffe": false,
    "WeightconversionFactor": "0",
    "IsWeightArticle": false,
    "IsBio": false,
    "CountryOfOrigin": "CHINA (VOLKSREBUPLIEK)",
    "IsExclusivelySoldInLuxembourg": false,
    "OrderUnit": "P",
    "ShortName": "BONI SCHEERAPP 3MES+1",
    "IsNew": false,
    "RecentQuanityOfStockUnits": "1,6",
    "LongName": "BONI scheermes 3 mesjes 1st",
    "AlcoholVolume": "0",
    "FicCode": "N"
  },
  {
    "productId": "26564",
    "technicalArticleNumber": "1892720",
    "commercialArticleNumber": "720662",
    "name": "antirimpel Q10Plus nacht",
    "description": "*Nachtcrème\n*50 ml\n*Anti-rimpel",
    "brand": "NIVEA",
    "seoBrand": "Nivea",
    "thumbNail": "https://static.colruytgroup.com/images/200x200/std.lang.all/82/53/asset-2428253.jpg",
    "fullImage": "https://static.colruytgroup.com/images/500x500/std.lang.all/82/53/asset-2428253.jpg",
    "squareImage": "https://static.colruytgroup.com/images/500x500sq/std.lang.all/82/53/asset-2428253.jpg",
    "content": "50ml",
    "walkRouteSequenceNumber": 15630,
    "price": {
      "basicPrice": 7.99,
      "recommendedQuantity": "1.0",
      "measurementUnitPrice": 159.8,
      "measurementUnit": "L",
      "isRedPrice": false,
      "pricePerUOM": 159.8,
      "activationDate": "06-03-2024",
      "recordSource": "Offline",
      "isPromoActive": "N",
      "priceChangeCode": "L"
    },
    "isAvailable": true,
    "isPriceAvailable": true,
    "inPromo": false,
    "gtin": [
      "04005808179909",
      "54005808179904",
      "24005808179903",
      "17319470010830",
      "04005808760220",
      "04005808966929",
      "04005808966899",
      "04005808966875",
      "04005808760237",
      "14005808179906"
    ],
    "topCategoryName": "Lichaamsverzorging/Parfumerie",
    "topCategoryId": "591",
    "businessDomain": "NON_FOOD",
    "IsPrivateLabel": false,
    "IsBiffe": false,
    "IsWeightArticle": false,
    "RecentQuanityOfStockUnits": "1",
    "LongName": "NIVEA antirimpel Q10Plus nacht 50ml",
    "IsBio": false,
    "AlcoholVolume": "0",
    "CountryOfOrigin": "POLEN",
    "FicCode": "N",
    "OrderUnit": "P",
    "ShortName": "NIV.VIS.ANTI RIMP.NACHT",
    "IsNew": false
  },
  {
    "productId": "268127",
    "technicalArticleNumber": "3626318",
    "commercialArticleNumber": "346704",
    "name": "zwangerschapstest",
    "brand": "BIOVER",
    "seoBrand": "Biover",
    "thumbNail": "https://static.colruytgroup.com/images/200x200/std.lang.all/42/92/asset-1344292.jpg",
    "fullImage": "https://static.colruytgroup.com/images/500x500/std.lang.all/42/92/asset-1344292.jpg",
    "squareImage": "https://static.colruytgroup.com/images/500x500sq/std.lang.all/42/92/asset-1344292.jpg",
    "walkRouteSequenceNumber": 13972,
    "price": {
      "basicPrice": 8.95,
      "recommendedQuantity": "1.0",
      "measurementUnitPrice": 8.95,
      "measurementUnit": "S",
      "isRedPrice": false,
      "pricePerUOM": 8.95,
      "activationDate": "23-02-2024",
      "isPromoActive": "N",
      "priceChangeCode": "E"
    },
    "isAvailable": true,
    "isPriceAvailable": true,
    "inPromo": false,
    "gtin": [
      "05412141232229",
      "05412141232328",
      "05412141223746",
      "05412141223753"
    ],
    "topCategoryName": "Lichaamsverzorging/Parfumerie",
    "topCategoryId": "591",
    "businessDomain": "NON_FOOD",
    "IsPrivateLabel": false,
    "IsBiffe": false,
    "IsWeightArticle": false,
    "RecentQuanityOfStockUnits": "1",
    "LongName": "BIOVER zwangerschapstest",
    "IsBio": false,
    "CountryOfOrigin": "BELGIË",
    "FicCode": "N",
    "OrderUnit": "P",
    "ShortName": "BIOV ZWANGERSCHAPSTEST",
    "IsNew": false
  },
  {
    "productId": "642607",
    "technicalArticleNumber": "4336917",
    "commercialArticleNumber": "346191",
    "name": "voedende spf15",
    "description": "*Dagcrème SPF15\n*50ml\n*Droge huid",
    "brand": "NIVEA",
    "seoBrand": "Nivea",
    "thumbNail": "https://static.colruytgroup.com/images/200x200/std.lang.all/58/95/asset-2245895.jpg",
    "fullImage": "https://static.colruytgroup.com/images/500x500/std.lang.all/58/95/asset-2245895.jpg",
    "squareImage": "https://static.colruytgroup.com/images/500x500sq/std.lang.all/58/95/asset-2245895.jpg",
    "content": "50ml",
    "walkRouteSequenceNumber": 15622,
    "price": {
      "basicPrice": 6.85,
      "recommendedQuantity": "1.0",
      "measurementUnitPrice": 137,
      "measurementUnit": "L",
      "isRedPrice": false,
      "pricePerUOM": 137,
      "activationDate": "23-03-2024",
      "recordSource": "Offline",
      "isPromoActive": "N",
      "priceChangeCode": "E"
    },
    "isAvailable": true,
    "isPriceAvailable": true,
    "inPromo": false,
    "gtin": [
      "04005900914620",
      "04005900914637",
      "04005900741325",
      "04005900741301",
      "04005900741318"
    ],
    "topCategoryName": "Lichaamsverzorging/Parfumerie",
    "topCategoryId": "591",
    "businessDomain": "NON_FOOD",
    "IsPrivateLabel": false,
    "IsBiffe": false,
    "IsWeightArticle": false,
    "RecentQuanityOfStockUnits": "1",
    "LongName": "NIVEA voedende spf15 50ml",
    "IsBio": false,
    "AlcoholVolume": "0",
    "CountryOfOrigin": "POLEN",
    "FicCode": "N",
    "OrderUnit": "P",
    "ShortName": "NIV.DAG SPF15 50ML",
    "IsNew": false
  },
  {
    "productId": "5538",
    "technicalArticleNumber": "346706",
    "commercialArticleNumber": "346706",
    "name": "Elastic 1mx6cm",
    "description": "*Pleister\n*Elastisch, met\nkamille",
    "brand": "HANSAPLAST",
    "seoBrand": "Hansaplast",
    "thumbNail": "https://static.colruytgroup.com/images/200x200/std.lang.all/56/82/asset-1385682.jpg",
    "fullImage": "https://static.colruytgroup.com/images/500x500/std.lang.all/56/82/asset-1385682.jpg",
    "squareImage": "https://static.colruytgroup.com/images/500x500sq/std.lang.all/56/82/asset-1385682.jpg",
    "content": "2st",
    "walkRouteSequenceNumber": 13902,
    "price": {
      "basicPrice": 5.62,
      "recommendedQuantity": "1.0",
      "measurementUnitPrice": 2.81,
      "measurementUnit": "S",
      "isRedPrice": false,
      "pricePerUOM": 2.81,
      "activationDate": "20-03-2024",
      "recordSource": "Folder",
      "isPromoActive": "N",
      "priceChangeCode": "L"
    },
    "isAvailable": true,
    "isPriceAvailable": true,
    "inPromo": false,
    "gtin": [
      "04005800043451",
      "04005800175343",
      "04005802175341",
      "04005802215276"
    ],
    "topCategoryName": "Lichaamsverzorging/Parfumerie",
    "topCategoryId": "591",
    "businessDomain": "NON_FOOD",
    "IsPrivateLabel": false,
    "IsBiffe": false,
    "IsWeightArticle": false,
    "RecentQuanityOfStockUnits": "1",
    "LongName": "HANSAPLAST Elastic 1mx6cm 2st",
    "IsBio": false,
    "AlcoholVolume": "0",
    "CountryOfOrigin": "BELGIË",
    "FicCode": "N",
    "OrderUnit": "P",
    "ShortName": "HSPL.VERBAND 1MX6CM X2",
    "IsNew": false
  },
  {
    "productId": "99350",
    "technicalArticleNumber": "2838464",
    "commercialArticleNumber": "952364",
    "name": "Revitalift Laser x3 Serum",
    "description": "*Serum\n*30 ml\n*Tegen veroudering",
    "brand": "L'OREAL",
    "seoBrand": "L'Oréal Paris",
    "thumbNail": "https://static.colruytgroup.com/images/200x200/std.lang.all/66/45/asset-356645.jpg",
    "fullImage": "https://static.colruytgroup.com/images/500x500/std.lang.all/66/45/asset-356645.jpg",
    "squareImage": "https://static.colruytgroup.com/images/500x500sq/std.lang.all/66/45/asset-356645.jpg",
    "content": "30ml",
    "walkRouteSequenceNumber": 15230,
    "price": {
      "basicPrice": 14.99,
      "recommendedQuantity": "1.0",
      "measurementUnitPrice": 499.67,
      "measurementUnit": "L",
      "isRedPrice": false,
      "pricePerUOM": 499.67,
      "activationDate": "21-03-2024",
      "recordSource": "Folder",
      "isPromoActive": "N",
      "priceChangeCode": "L"
    },
    "isAvailable": true,
    "isPriceAvailable": true,
    "inPromo": true,
    "promotion": [
      {
        "techPromoId": "100883COLR",
        "promotionId": "100883",
        "promotionType": "4",
        "isPersonalized": "N",
        "publicationStartDate": "13-03-2024",
        "publicationEndDate": "26-03-2024"
      }
    ],
    "gtin": [
      "03600522249634",
      "03600522249641"
    ],
    "topCategoryName": "Lichaamsverzorging/Parfumerie",
    "topCategoryId": "591",
    "businessDomain": "NON_FOOD",
    "IsPrivateLabel": false,
    "IsBiffe": false,
    "IsWeightArticle": false,
    "RecentQuanityOfStockUnits": "1",
    "LongName": "L'OREAL Revitalift Laser x3 Serum 30ml",
    "IsBio": false,
    "CountryOfOrigin": "BELGIË",
    "FicCode": "N",
    "OrderUnit": "P",
    "ShortName": "LOR.REVITAL.LASER SERUM",
    "IsNew": false
  },
  {
    "productId": "846861",
    "technicalArticleNumber": "4693289",
    "commercialArticleNumber": "15859",
    "name": "apparaat +3mesjes",
    "brand": "GILLETTE MACH3",
    "seoBrand": "Gillette Mach3",
    "thumbNail": "https://static.colruytgroup.com/images/200x200/std.lang.all/17/82/asset-3161782.jpg",
    "fullImage": "https://static.colruytgroup.com/images/500x500/std.lang.all/17/82/asset-3161782.jpg",
    "squareImage": "https://static.colruytgroup.com/images/500x500sq/std.lang.all/17/82/asset-3161782.jpg",
    "walkRouteSequenceNumber": 18177,
    "price": {
      "basicPrice": 16.45,
      "recommendedQuantity": "1.0",
      "measurementUnitPrice": 16.45,
      "measurementUnit": "S",
      "isRedPrice": false,
      "pricePerUOM": 16.45,
      "activationDate": "15-03-2024",
      "recordSource": "Offline",
      "isPromoActive": "N",
      "priceChangeCode": "H"
    },
    "isAvailable": true,
    "isPriceAvailable": true,
    "inPromo": false,
    "gtin": [
      "08001090472694",
      "08001090472410"
    ],
    "topCategoryName": "Lichaamsverzorging/Parfumerie",
    "topCategoryId": "591",
    "businessDomain": "RETAIL_BE",
    "IsPrivateLabel": false,
    "IsBiffe": false,
    "WeightconversionFactor": "0",
    "IsWeightArticle": false,
    "IsBio": false,
    "CountryOfOrigin": "CHINA (VOLKSREBUPLIEK)",
    "IsExclusivelySoldInLuxembourg": false,
    "OrderUnit": "P",
    "ShortName": "GILL.MACH3 APP +3 MES",
    "IsNew": false,
    "RecentQuanityOfStockUnits": "1",
    "LongName": "GILLETTE MACH3 apparaat +3mesjes",
    "FicCode": "N"
  },
  {
    "productId": "6209",
    "technicalArticleNumber": "308196",
    "commercialArticleNumber": "308196",
    "name": "Belle Color Bruin 22",
    "description": "x",
    "brand": "GARNIER",
    "seoBrand": "Garnier Belle Color",
    "thumbNail": "https://static.colruytgroup.com/images/200x200/std.lang.all/17/21/asset-3271721.jpg",
    "fullImage": "https://static.colruytgroup.com/images/500x500/std.lang.all/17/21/asset-3271721.jpg",
    "squareImage": "https://static.colruytgroup.com/images/500x500sq/std.lang.all/17/21/asset-3271721.jpg",
    "walkRouteSequenceNumber": 15424,
    "price": {
      "basicPrice": 5.24,
      "recommendedQuantity": "1.0",
      "measurementUnitPrice": 5.24,
      "measurementUnit": "S",
      "isRedPrice": false,
      "pricePerUOM": 5.24,
      "activationDate": "23-03-2024",
      "recordSource": "Folder",
      "isPromoActive": "N",
      "priceChangeCode": "L"
    },
    "isAvailable": true,
    "isPriceAvailable": true,
    "inPromo": false,
    "gtin": [
      "03600541867055",
      "03600541867062",
      "03600542351430",
      "05410103043098",
      "05410103051116",
      "55410103130496",
      "03600540057464",
      "03600540480774"
    ],
    "topCategoryName": "Lichaamsverzorging/Parfumerie",
    "topCategoryId": "591",
    "businessDomain": "NON_FOOD",
    "IsPrivateLabel": false,
    "IsBiffe": false,
    "IsWeightArticle": false,
    "RecentQuanityOfStockUnits": "1,3",
    "LongName": "GARNIER Belle Color Bruin 22",
    "IsBio": false,
    "AlcoholVolume": "0",
    "CountryOfOrigin": "BELGIË",
    "FicCode": "N",
    "OrderUnit": "P",
    "ShortName": "BELLE COLOR NR 22",
    "IsNew": false
  },
  {
    "productId": "94751",
    "technicalArticleNumber": "2862493",
    "commercialArticleNumber": "952523",
    "name": "likdoornpleisters",
    "description": "*Pleister",
    "brand": "HANSAPLAST",
    "seoBrand": "Hansaplast",
    "thumbNail": "https://static.colruytgroup.com/images/200x200/std.lang.all/57/81/asset-1385781.jpg",
    "fullImage": "https://static.colruytgroup.com/images/500x500/std.lang.all/57/81/asset-1385781.jpg",
    "squareImage": "https://static.colruytgroup.com/images/500x500sq/std.lang.all/57/81/asset-1385781.jpg",
    "content": "8st",
    "walkRouteSequenceNumber": 14109,
    "price": {
      "basicPrice": 3.11,
      "recommendedQuantity": "1.0",
      "measurementUnitPrice": 0.389,
      "measurementUnit": "S",
      "isRedPrice": false,
      "pricePerUOM": 0.389,
      "activationDate": "23-03-2024",
      "recordSource": "Folder",
      "isPromoActive": "N",
      "priceChangeCode": "E"
    },
    "isAvailable": true,
    "isPriceAvailable": true,
    "inPromo": false,
    "gtin": [
      "04005802037861",
      "04005800037863"
    ],
    "topCategoryName": "Lichaamsverzorging/Parfumerie",
    "topCategoryId": "591",
    "businessDomain": "NON_FOOD",
    "IsPrivateLabel": false,
    "IsBiffe": false,
    "IsWeightArticle": false,
    "RecentQuanityOfStockUnits": "1",
    "LongName": "HANSAPLAST likdoornpleisters 8st",
    "IsBio": false,
    "AlcoholVolume": "0",
    "CountryOfOrigin": "DUITSLAND",
    "FicCode": "N",
    "OrderUnit": "P",
    "ShortName": "HSPL.LIKDOORNPLEISTERS",
    "IsNew": false
  },
  {
    "productId": "5540",
    "technicalArticleNumber": "346708",
    "commercialArticleNumber": "346708",
    "name": "Universal 1mx6cm",
    "description": "*Pleister\n*Waterbestendig",
    "brand": "HANSAPLAST",
    "seoBrand": "Hansaplast",
    "thumbNail": "https://static.colruytgroup.com/images/200x200/std.lang.all/75/10/asset-3347510.jpg",
    "fullImage": "https://static.colruytgroup.com/images/500x500/std.lang.all/75/10/asset-3347510.jpg",
    "squareImage": "https://static.colruytgroup.com/images/500x500sq/std.lang.all/75/10/asset-3347510.jpg",
    "content": "2st",
    "walkRouteSequenceNumber": 13904,
    "price": {
      "basicPrice": 4.98,
      "recommendedQuantity": "1.0",
      "measurementUnitPrice": 2.49,
      "measurementUnit": "S",
      "isRedPrice": false,
      "pricePerUOM": 2.49,
      "activationDate": "18-11-2023",
      "recordSource": "Offline",
      "isPromoActive": "N",
      "priceChangeCode": "L"
    },
    "isAvailable": true,
    "isPriceAvailable": true,
    "inPromo": false,
    "gtin": [
      "04005800099779",
      "04005802099777"
    ],
    "topCategoryName": "Lichaamsverzorging/Parfumerie",
    "topCategoryId": "591",
    "businessDomain": "NON_FOOD",
    "IsPrivateLabel": false,
    "IsBiffe": false,
    "IsWeightArticle": false,
    "RecentQuanityOfStockUnits": "1",
    "LongName": "HANSAPLAST Universal 1mx6cm 2st",
    "IsBio": false,
    "AlcoholVolume": "0",
    "CountryOfOrigin": "SPANJE",
    "FicCode": "N",
    "OrderUnit": "P",
    "ShortName": "HSPL.UNI.WATER.6CM X2",
    "IsNew": false
  },
  {
    "productId": "642611",
    "technicalArticleNumber": "4336921",
    "commercialArticleNumber": "346357",
    "name": "BB crème medium",
    "brand": "NIVEA",
    "seoBrand": "Nivea",
    "thumbNail": "https://static.colruytgroup.com/images/200x200/std.lang.all/58/97/asset-2245897.jpg",
    "fullImage": "https://static.colruytgroup.com/images/500x500/std.lang.all/58/97/asset-2245897.jpg",
    "squareImage": "https://static.colruytgroup.com/images/500x500sq/std.lang.all/58/97/asset-2245897.jpg",
    "content": "50ml",
    "walkRouteSequenceNumber": 15613,
    "price": {
      "basicPrice": 10.99,
      "recommendedQuantity": "1.0",
      "measurementUnitPrice": 219.8,
      "measurementUnit": "L",
      "isRedPrice": false,
      "pricePerUOM": 219.8,
      "activationDate": "23-02-2024",
      "recordSource": "Offline",
      "isPromoActive": "N",
      "priceChangeCode": "E"
    },
    "isAvailable": true,
    "isPriceAvailable": true,
    "inPromo": false,
    "gtin": [
      "04005900738806",
      "04005900738790",
      "04005900738813"
    ],
    "topCategoryName": "Lichaamsverzorging/Parfumerie",
    "topCategoryId": "591",
    "businessDomain": "NON_FOOD",
    "IsPrivateLabel": false,
    "IsBiffe": false,
    "IsWeightArticle": false,
    "RecentQuanityOfStockUnits": "1",
    "LongName": "NIVEA BB crème medium 50ml",
    "IsBio": false,
    "AlcoholVolume": "0",
    "CountryOfOrigin": "POLEN",
    "FicCode": "N",
    "OrderUnit": "P",
    "ShortName": "NIV.BB CREAM MED 50ML",
    "IsNew": false
  },
  {
    "productId": "841669",
    "technicalArticleNumber": "4686550",
    "commercialArticleNumber": "23640",
    "name": "deo beauty",
    "description": "*Bodyspray\n*Anti-perspirant\n*48u bescherming,\n*0% alcohol\n*langdurige geur",
    "brand": "NIVEA",
    "seoBrand": "Nivea",
    "thumbNail": "https://static.colruytgroup.com/images/200x200/std.lang.all/10/73/asset-3211073.jpg",
    "fullImage": "https://static.colruytgroup.com/images/500x500/std.lang.all/10/73/asset-3211073.jpg",
    "squareImage": "https://static.colruytgroup.com/images/500x500sq/std.lang.all/10/73/asset-3211073.jpg",
    "content": "150ml",
    "walkRouteSequenceNumber": 14733,
    "price": {
      "basicPrice": 3.49,
      "recommendedQuantity": "1.0",
      "measurementUnitPrice": 23.27,
      "measurementUnit": "L",
      "isRedPrice": false,
      "pricePerUOM": 23.27,
      "activationDate": "14-03-2024",
      "recordSource": "Offline",
      "isPromoActive": "N",
      "priceChangeCode": "E"
    },
    "isAvailable": true,
    "isPriceAvailable": true,
    "inPromo": false,
    "gtin": [
      "05900017084473",
      "05900017084480",
      "75400141437521",
      "45400141456804"
    ],
    "topCategoryName": "Lichaamsverzorging/Parfumerie",
    "topCategoryId": "591",
    "businessDomain": "RETAIL_BE",
    "IsPrivateLabel": false,
    "IsBiffe": false,
    "WeightconversionFactor": "0",
    "IsWeightArticle": false,
    "IsBio": false,
    "CountryOfOrigin": "POLEN",
    "IsExclusivelySoldInLuxembourg": false,
    "OrderUnit": "P",
    "ShortName": "NIVE DEO BEAUTY 150ML",
    "IsNew": false,
    "RecentQuanityOfStockUnits": "1,2",
    "LongName": "NIVEA deo beauty 150ml",
    "AlcoholVolume": "0",
    "FicCode": "N"
  },
  {
    "productId": "873209",
    "technicalArticleNumber": "4727970",
    "commercialArticleNumber": "28023",
    "name": "mondwater naturals",
    "brand": "LISTERINE",
    "seoBrand": "Listerine",
    "thumbNail": "https://static.colruytgroup.com/images/200x200/std.lang.all/76/17/asset-3237617.jpg",
    "fullImage": "https://static.colruytgroup.com/images/500x500/std.lang.all/76/17/asset-3237617.jpg",
    "squareImage": "https://static.colruytgroup.com/images/500x500sq/std.lang.all/76/17/asset-3237617.jpg",
    "content": "500ml",
    "walkRouteSequenceNumber": 14441,
    "price": {
      "basicPrice": 8.05,
      "recommendedQuantity": "1.0",
      "measurementUnitPrice": 16.1,
      "measurementUnit": "L",
      "isRedPrice": false,
      "pricePerUOM": 16.1,
      "activationDate": "19-03-2024",
      "recordSource": "Offline",
      "isPromoActive": "N",
      "priceChangeCode": "E"
    },
    "isAvailable": true,
    "isPriceAvailable": true,
    "inPromo": false,
    "gtin": [
      "55400141433079",
      "03574661745046",
      "03574661745138"
    ],
    "topCategoryName": "Lichaamsverzorging/Parfumerie",
    "topCategoryId": "591",
    "businessDomain": "RETAIL_BE",
    "IsPrivateLabel": false,
    "IsBiffe": false,
    "WeightconversionFactor": "0",
    "IsWeightArticle": false,
    "IsBio": false,
    "CountryOfOrigin": "ITALIË",
    "IsExclusivelySoldInLuxembourg": false,
    "OrderUnit": "P",
    "ShortName": "LIST.MW NATURALS 500ML",
    "IsNew": false,
    "RecentQuanityOfStockUnits": "1,2",
    "LongName": "LISTERINE mondwater naturals 500ml",
    "FicCode": "N"
  },
  {
    "productId": "163452",
    "technicalArticleNumber": "3389148",
    "commercialArticleNumber": "11860",
    "name": "vervangscheermes",
    "description": "*Navulling met\n6-voudig mesje\n*Voor Boni scheerapp\nart.10930\n*4 stuks",
    "brand": "BONI",
    "seoBrand": "Boni Selection",
    "thumbNail": "https://static.colruytgroup.com/images/200x200/std.lang.all/06/22/asset-3040622.jpg",
    "fullImage": "https://static.colruytgroup.com/images/500x500/std.lang.all/06/22/asset-3040622.jpg",
    "squareImage": "https://static.colruytgroup.com/images/500x500sq/std.lang.all/06/22/asset-3040622.jpg",
    "content": "4st",
    "walkRouteSequenceNumber": 18202,
    "price": {
      "basicPrice": 5.32,
      "recommendedQuantity": "1.0",
      "measurementUnitPrice": 1.33,
      "measurementUnit": "S",
      "isRedPrice": false,
      "pricePerUOM": 1.33,
      "activationDate": "19-03-2024",
      "recordSource": "Offline",
      "isPromoActive": "N",
      "priceChangeCode": "H"
    },
    "isAvailable": true,
    "isPriceAvailable": true,
    "inPromo": false,
    "gtin": [
      "05400141336856",
      "25400141336850",
      "15400141792192",
      "05400141435405",
      "05400141754360",
      "05400141369229",
      "15400141754367"
    ],
    "topCategoryName": "Lichaamsverzorging/Parfumerie",
    "topCategoryId": "591",
    "businessDomain": "RETAIL_BE",
    "IsPrivateLabel": true,
    "IsBiffe": false,
    "WeightconversionFactor": "0",
    "IsWeightArticle": false,
    "IsBio": false,
    "CountryOfOrigin": "DUITSLAND",
    "IsExclusivelySoldInLuxembourg": false,
    "OrderUnit": "P",
    "ShortName": "BONI SCHEERMES 4 MESJES",
    "IsNew": false,
    "RecentQuanityOfStockUnits": "1,10,1",
    "LongName": "BONI vervangscheermes 4st",
    "AlcoholVolume": "0",
    "FicCode": "N"
  },
  {
    "productId": "51068",
    "technicalArticleNumber": "2354996",
    "commercialArticleNumber": "832342",
    "name": "dubbelzijdige voetvijl",
    "brand": "SCHOLL",
    "seoBrand": "Scholl",
    "thumbNail": "https://static.colruytgroup.com/images/200x200/std.lang.all/13/87/asset-351387.jpg",
    "fullImage": "https://static.colruytgroup.com/images/500x500/std.lang.all/13/87/asset-351387.jpg",
    "squareImage": "https://static.colruytgroup.com/images/500x500sq/std.lang.all/13/87/asset-351387.jpg",
    "price": {
      "basicPrice": 2.76,
      "recommendedQuantity": "1.0",
      "measurementUnitPrice": 2.76,
      "measurementUnit": "S",
      "isRedPrice": false,
      "pricePerUOM": 2.76,
      "activationDate": "12-03-2024",
      "recordSource": "Folder",
      "isPromoActive": "N",
      "priceChangeCode": "L"
    },
    "isAvailable": true,
    "isPriceAvailable": true,
    "inPromo": false,
    "gtin": [
      "05038483512746",
      "05038483512722",
      "05038483512739"
    ],
    "topCategoryName": "Lichaamsverzorging/Parfumerie",
    "topCategoryId": "591",
    "businessDomain": "NON_FOOD",
    "IsPrivateLabel": false,
    "IsBiffe": false,
    "IsWeightArticle": false,
    "RecentQuanityOfStockUnits": "1",
    "LongName": "SCHOLL dubbelzijdige voetvijl",
    "IsBio": false,
    "CountryOfOrigin": "INDIA",
    "FicCode": "N",
    "OrderUnit": "P",
    "ShortName": "SCHOLL DUBB.CARBONVIJL",
    "IsNew": false
  },
  {
    "productId": "5542",
    "technicalArticleNumber": "346712",
    "commercialArticleNumber": "346712",
    "name": "Universal Waterbest.",
    "description": "*Snelverband",
    "brand": "HANSAPLAST",
    "seoBrand": "Hansaplast",
    "thumbNail": "https://static.colruytgroup.com/images/200x200/std.lang.all/21/90/asset-562190.jpg",
    "fullImage": "https://static.colruytgroup.com/images/500x500/std.lang.all/21/90/asset-562190.jpg",
    "squareImage": "https://static.colruytgroup.com/images/500x500sq/std.lang.all/21/90/asset-562190.jpg",
    "content": "2x20st",
    "walkRouteSequenceNumber": 13905,
    "price": {
      "basicPrice": 5.77,
      "recommendedQuantity": "1.0",
      "measurementUnitPrice": 0.145,
      "measurementUnit": "S",
      "isRedPrice": false,
      "pricePerUOM": 0.145,
      "activationDate": "20-03-2024",
      "recordSource": "Folder",
      "isPromoActive": "N",
      "priceChangeCode": "L"
    },
    "isAvailable": true,
    "isPriceAvailable": true,
    "inPromo": false,
    "gtin": [
      "04005800099830",
      "04005801099839",
      "04005802043633",
      "04005800043635"
    ],
    "topCategoryName": "Lichaamsverzorging/Parfumerie",
    "topCategoryId": "591",
    "businessDomain": "NON_FOOD",
    "IsPrivateLabel": false,
    "IsBiffe": false,
    "IsWeightArticle": false,
    "RecentQuanityOfStockUnits": "1,1",
    "LongName": "HANSAPLAST Universal Waterbest. 2x20st",
    "IsBio": false,
    "AlcoholVolume": "0",
    "CountryOfOrigin": "SPANJE",
    "FicCode": "N",
    "OrderUnit": "P",
    "ShortName": "HSPL.UNIVER.PLEIS 40ST",
    "IsNew": false
  },
  {
    "productId": "26566",
    "technicalArticleNumber": "1892737",
    "commercialArticleNumber": "720665",
    "name": "oogcontourcrème Q10Plus",
    "description": "*Oogcontourcrème\n*15 ml\n*Anti-rimpel",
    "brand": "NIVEA",
    "seoBrand": "Nivea",
    "thumbNail": "https://static.colruytgroup.com/images/200x200/std.lang.all/34/55/asset-1953455.jpg",
    "fullImage": "https://static.colruytgroup.com/images/500x500/std.lang.all/34/55/asset-1953455.jpg",
    "squareImage": "https://static.colruytgroup.com/images/500x500sq/std.lang.all/34/55/asset-1953455.jpg",
    "content": "15ml",
    "walkRouteSequenceNumber": 15623,
    "price": {
      "basicPrice": 12.39,
      "recommendedQuantity": "1.0",
      "measurementUnitPrice": 826,
      "measurementUnit": "L",
      "isRedPrice": false,
      "pricePerUOM": 826,
      "activationDate": "16-03-2024",
      "recordSource": "Offline",
      "isPromoActive": "N",
      "priceChangeCode": "H"
    },
    "isAvailable": true,
    "isPriceAvailable": true,
    "inPromo": false,
    "gtin": [
      "04005900895349",
      "04005900895356",
      "04005808760244",
      "04005808179749",
      "54005808179744",
      "24005808179743",
      "17319470010861",
      "14005808179746",
      "04005900693914",
      "04005900242112",
      "04005808760275"
    ],
    "topCategoryName": "Lichaamsverzorging/Parfumerie",
    "topCategoryId": "591",
    "businessDomain": "NON_FOOD",
    "IsPrivateLabel": false,
    "IsBiffe": false,
    "IsWeightArticle": false,
    "RecentQuanityOfStockUnits": "1",
    "LongName": "NIVEA oogcontourcrème Q10Plus 15ml",
    "IsBio": false,
    "CountryOfOrigin": "BELGIË",
    "FicCode": "N",
    "OrderUnit": "P",
    "ShortName": "NIV.VIS.OOGCONTOUR Q10",
    "IsNew": false
  },
  {
    "productId": "140231",
    "technicalArticleNumber": "3138818",
    "commercialArticleNumber": "282559",
    "name": "gehoorbescherming huidskleur",
    "brand": "QUIES",
    "seoBrand": "Quies",
    "thumbNail": "https://static.colruytgroup.com/images/200x200/std.lang.all/98/11/asset-2719811.jpg",
    "fullImage": "https://static.colruytgroup.com/images/500x500/std.lang.all/98/11/asset-2719811.jpg",
    "squareImage": "https://static.colruytgroup.com/images/500x500sq/std.lang.all/98/11/asset-2719811.jpg",
    "content": "8p",
    "walkRouteSequenceNumber": 14016,
    "price": {
      "basicPrice": 10.79,
      "recommendedQuantity": "1.0",
      "measurementUnitPrice": 0.68,
      "measurementUnit": "S",
      "isRedPrice": false,
      "pricePerUOM": 0.68,
      "activationDate": "20-03-2024",
      "recordSource": "Online",
      "isPromoActive": "N",
      "priceChangeCode": "E"
    },
    "isAvailable": true,
    "isPriceAvailable": true,
    "inPromo": false,
    "gtin": [
      "03435171196141",
      "03435171193263",
      "03435171193034",
      "03435171190170"
    ],
    "topCategoryName": "Lichaamsverzorging/Parfumerie",
    "topCategoryId": "591",
    "businessDomain": "NON_FOOD",
    "IsPrivateLabel": false,
    "IsBiffe": false,
    "IsWeightArticle": false,
    "RecentQuanityOfStockUnits": "1",
    "LongName": "QUIES gehoorbescherming huidskleur 8p",
    "IsBio": false,
    "CountryOfOrigin": "FRANKRIJK",
    "FicCode": "N",
    "OrderUnit": "P",
    "ShortName": "QUIES OORDOP SCHUIM 16P",
    "IsNew": false
  },
  {
    "productId": "16261",
    "technicalArticleNumber": "1428991",
    "commercialArticleNumber": "7589",
    "name": "Luiers L",
    "description": "*Luiers L (10s)\n*Matig urineverlies\n*Triple Protection\n*Odour Control\n*Parfumvrij",
    "brand": "TENA",
    "seoBrand": "Tena Pants",
    "thumbNail": "https://static.colruytgroup.com/images/200x200/std.lang.all/61/14/asset-3016114.jpg",
    "fullImage": "https://static.colruytgroup.com/images/500x500/std.lang.all/61/14/asset-3016114.jpg",
    "squareImage": "https://static.colruytgroup.com/images/500x500sq/std.lang.all/61/14/asset-3016114.jpg",
    "content": "10st",
    "walkRouteSequenceNumber": 13960,
    "price": {
      "basicPrice": 9.71,
      "recommendedQuantity": "1.0",
      "measurementUnitPrice": 0.98,
      "measurementUnit": "S",
      "isRedPrice": false,
      "pricePerUOM": 0.98,
      "activationDate": "21-03-2024",
      "recordSource": "Folder",
      "isPromoActive": "N",
      "priceChangeCode": "L"
    },
    "isAvailable": true,
    "isPriceAvailable": true,
    "inPromo": true,
    "promotion": [
      {
        "techPromoId": "100838COLR",
        "promotionId": "100838",
        "promotionType": "3",
        "isPersonalized": "N",
        "publicationStartDate": "13-03-2024",
        "publicationEndDate": "26-03-2024"
      }
    ],
    "gtin": [
      "07322540002836",
      "07322540005813"
    ],
    "topCategoryName": "Lichaamsverzorging/Parfumerie",
    "topCategoryId": "591",
    "businessDomain": "RETAIL_BE",
    "IsPrivateLabel": false,
    "IsBiffe": false,
    "WeightconversionFactor": "0",
    "IsWeightArticle": false,
    "IsBio": false,
    "CountryOfOrigin": "NEDERLAND",
    "IsExclusivelySoldInLuxembourg": false,
    "OrderUnit": "P",
    "ShortName": "TENA DISCR.BRK LARGE 10",
    "InSeason": true,
    "IsNew": false,
    "RecentQuanityOfStockUnits": "1",
    "LongName": "TENA Luiers L 10st",
    "AlcoholVolume": "0",
    "StartSeasonDate": "02/03/2007",
    "FicCode": "N"
  },
  {
    "productId": "140231",
    "technicalArticleNumber": "3138818",
    "commercialArticleNumber": "282559",
    "name": "gehoorbescherming huidskleur",
    "brand": "QUIES",
    "seoBrand": "Quies",
    "thumbNail": "https://static.colruytgroup.com/images/200x200/std.lang.all/98/11/asset-2719811.jpg",
    "fullImage": "https://static.colruytgroup.com/images/500x500/std.lang.all/98/11/asset-2719811.jpg",
    "squareImage": "https://static.colruytgroup.com/images/500x500sq/std.lang.all/98/11/asset-2719811.jpg",
    "content": "8p",
    "walkRouteSequenceNumber": 14016,
    "price": {
      "basicPrice": 10.79,
      "recommendedQuantity": "1.0",
      "measurementUnitPrice": 0.68,
      "measurementUnit": "S",
      "isRedPrice": false,
      "pricePerUOM": 0.68,
      "activationDate": "20-03-2024",
      "recordSource": "Online",
      "isPromoActive": "N",
      "priceChangeCode": "E"
    },
    "isAvailable": true,
    "isPriceAvailable": true,
    "inPromo": false,
    "gtin": [
      "03435171196141",
      "03435171193263",
      "03435171193034",
      "03435171190170"
    ],
    "topCategoryName": "Lichaamsverzorging/Parfumerie",
    "topCategoryId": "591",
    "businessDomain": "NON_FOOD",
    "IsPrivateLabel": false,
    "IsBiffe": false,
    "IsWeightArticle": false,
    "RecentQuanityOfStockUnits": "1",
    "LongName": "QUIES gehoorbescherming huidskleur 8p",
    "IsBio": false,
    "CountryOfOrigin": "FRANKRIJK",
    "FicCode": "N",
    "OrderUnit": "P",
    "ShortName": "QUIES OORDOP SCHUIM 16P",
    "IsNew": false
  },
  {
    "productId": "256755",
    "technicalArticleNumber": "3583315",
    "commercialArticleNumber": "282198",
    "name": "micellair water normale huid",
    "description": "*Micellair water\n*400ml\n*Normale huid 3-in-1",
    "brand": "NIVEA",
    "seoBrand": "Nivea",
    "thumbNail": "https://static.colruytgroup.com/images/200x200/std.lang.all/99/41/asset-1619941.jpg",
    "fullImage": "https://static.colruytgroup.com/images/500x500/std.lang.all/99/41/asset-1619941.jpg",
    "squareImage": "https://static.colruytgroup.com/images/500x500sq/std.lang.all/99/41/asset-1619941.jpg",
    "content": "400ml",
    "walkRouteSequenceNumber": 15640,
    "price": {
      "basicPrice": 5.38,
      "recommendedQuantity": "1.0",
      "measurementUnitPrice": 13.45,
      "measurementUnit": "L",
      "isRedPrice": false,
      "pricePerUOM": 13.45,
      "activationDate": "23-03-2024",
      "recordSource": "Folder",
      "isPromoActive": "N",
      "priceChangeCode": "E"
    },
    "isAvailable": true,
    "isPriceAvailable": true,
    "inPromo": false,
    "gtin": [
      "04005900334749",
      "04005900651013",
      "04005900651006",
      "04005900334756",
      "04005900334732"
    ],
    "topCategoryName": "Lichaamsverzorging/Parfumerie",
    "topCategoryId": "591",
    "businessDomain": "NON_FOOD",
    "IsPrivateLabel": false,
    "IsBiffe": false,
    "IsWeightArticle": false,
    "RecentQuanityOfStockUnits": "1",
    "LongName": "NIVEA micellair water normale huid 400ml",
    "IsBio": false,
    "CountryOfOrigin": "BELGIË",
    "FicCode": "N",
    "OrderUnit": "P",
    "ShortName": "NIV.VIS.MIC.W.NORM HUID",
    "IsNew": false
  },
  {
    "productId": "599529",
    "technicalArticleNumber": "4264130",
    "commercialArticleNumber": "14203",
    "name": "shampoo papaya/watermel.",
    "description": "*Shampoo\n*Assorti:\n-Papaya\n-Watermeloen",
    "brand": "FRUCTIS",
    "seoBrand": "Fructis",
    "thumbNail": "https://static.colruytgroup.com/images/200x200/std.lang.all/73/91/asset-2537391.jpg",
    "fullImage": "https://static.colruytgroup.com/images/500x500/std.lang.all/73/91/asset-2537391.jpg",
    "squareImage": "https://static.colruytgroup.com/images/500x500sq/std.lang.all/73/91/asset-2537391.jpg",
    "content": "350ml",
    "walkRouteSequenceNumber": 15106,
    "price": {
      "basicPrice": 5.99,
      "recommendedQuantity": "1.0",
      "measurementUnitPrice": 17.12,
      "measurementUnit": "L",
      "isRedPrice": false,
      "pricePerUOM": 17.12,
      "activationDate": "19-03-2024",
      "recordSource": "Offline",
      "isPromoActive": "N",
      "priceChangeCode": "E"
    },
    "isAvailable": true,
    "isPriceAvailable": true,
    "inPromo": false,
    "gtin": [
      "03600542389204",
      "75410103851579",
      "03600542315531",
      "03600542315470",
      "03600542315364",
      "03600542315340"
    ],
    "topCategoryName": "Lichaamsverzorging/Parfumerie",
    "topCategoryId": "591",
    "businessDomain": "RETAIL_BE",
    "IsPrivateLabel": false,
    "IsBiffe": false,
    "WeightconversionFactor": "0",
    "IsWeightArticle": false,
    "IsBio": false,
    "CountryOfOrigin": "ITALIË",
    "IsExclusivelySoldInLuxembourg": false,
    "OrderUnit": "P",
    "ShortName": "FRUC SH HF PAP/WAT350",
    "IsNew": false,
    "RecentQuanityOfStockUnits": "1,1,1",
    "LongName": "FRUCTIS shampoo papaya/watermel. 350ml",
    "FicCode": "N"
  },
  {
    "productId": "15397",
    "technicalArticleNumber": "1598951",
    "commercialArticleNumber": "654655",
    "name": "Zwart 900",
    "description": "PALETTE NR 900\nZWART\n90 ML",
    "brand": "POLY PALETTE",
    "seoBrand": "Poly Palette",
    "thumbNail": "https://static.colruytgroup.com/images/200x200/std.lang.all/26/03/asset-1202603.jpg",
    "fullImage": "https://static.colruytgroup.com/images/500x500/std.lang.all/26/03/asset-1202603.jpg",
    "squareImage": "https://static.colruytgroup.com/images/500x500sq/std.lang.all/26/03/asset-1202603.jpg",
    "price": {
      "basicPrice": 5.19,
      "recommendedQuantity": "1.0",
      "measurementUnitPrice": 5.19,
      "measurementUnit": "S",
      "isRedPrice": false,
      "pricePerUOM": 5.19,
      "activationDate": "01-03-2024",
      "recordSource": "Offline",
      "isPromoActive": "N",
      "priceChangeCode": "L"
    },
    "isAvailable": true,
    "isPriceAvailable": true,
    "inPromo": false,
    "gtin": [
      "05410091639631",
      "05410091719999",
      "05412530686589",
      "05412530834423",
      "05412530834416",
      "08718900001790"
    ],
    "topCategoryName": "Lichaamsverzorging/Parfumerie",
    "topCategoryId": "591",
    "businessDomain": "NON_FOOD",
    "IsPrivateLabel": false,
    "IsBiffe": false,
    "IsWeightArticle": false,
    "RecentQuanityOfStockUnits": "1",
    "LongName": "POLY PALETTE Zwart 900",
    "IsBio": false,
    "AlcoholVolume": "0",
    "CountryOfOrigin": "DUITSLAND",
    "FicCode": "N",
    "OrderUnit": "P",
    "ShortName": "PALETTE ZWART 900",
    "IsNew": false
  },
  {
    "productId": "337600",
    "technicalArticleNumber": "3821529",
    "commercialArticleNumber": "346998",
    "name": "Pure Active Charcoal 3in1",
    "description": "*Scrub\n*150 ml\n*3in1",
    "brand": "GARNIER",
    "seoBrand": "Garnier",
    "thumbNail": "https://static.colruytgroup.com/images/200x200/std.lang.all/58/07/asset-1425807.jpg",
    "fullImage": "https://static.colruytgroup.com/images/500x500/std.lang.all/58/07/asset-1425807.jpg",
    "squareImage": "https://static.colruytgroup.com/images/500x500sq/std.lang.all/58/07/asset-1425807.jpg",
    "content": "150ml",
    "walkRouteSequenceNumber": 15493,
    "price": {
      "basicPrice": 5.69,
      "recommendedQuantity": "1.0",
      "measurementUnitPrice": 37.94,
      "measurementUnit": "L",
      "isRedPrice": false,
      "pricePerUOM": 37.94,
      "activationDate": "23-03-2024",
      "recordSource": "Folder",
      "isPromoActive": "N",
      "priceChangeCode": "E"
    },
    "isAvailable": true,
    "isPriceAvailable": true,
    "inPromo": false,
    "gtin": [
      "03600541895553",
      "03600541895621"
    ],
    "topCategoryName": "Lichaamsverzorging/Parfumerie",
    "topCategoryId": "591",
    "businessDomain": "NON_FOOD",
    "IsPrivateLabel": false,
    "IsBiffe": false,
    "IsWeightArticle": false,
    "RecentQuanityOfStockUnits": "1",
    "LongName": "GARNIER Pure Active Charcoal 3in1 150ml",
    "IsBio": false,
    "CountryOfOrigin": "BELGIË",
    "FicCode": "N",
    "OrderUnit": "P",
    "ShortName": "GAR.PURE CHARCOAL SCRUB",
    "IsNew": false
  },
  {
    "productId": "801507",
    "technicalArticleNumber": "4616806",
    "commercialArticleNumber": "10665",
    "name": "nav.dch met verkw.bio hout",
    "brand": "TAHITI",
    "seoBrand": "Tahiti",
    "thumbNail": "https://static.colruytgroup.com/images/200x200/std.lang.all/33/46/asset-3193346.jpg",
    "fullImage": "https://static.colruytgroup.com/images/500x500/std.lang.all/33/46/asset-3193346.jpg",
    "squareImage": "https://static.colruytgroup.com/images/500x500sq/std.lang.all/33/46/asset-3193346.jpg",
    "content": "500ml",
    "walkRouteSequenceNumber": 14632,
    "price": {
      "basicPrice": 4.19,
      "recommendedQuantity": "1.0",
      "measurementUnitPrice": 8.38,
      "measurementUnit": "L",
      "isRedPrice": false,
      "pricePerUOM": 8.38,
      "activationDate": "16-03-2024",
      "recordSource": "Offline",
      "isPromoActive": "N",
      "priceChangeCode": "H"
    },
    "isAvailable": true,
    "isPriceAvailable": true,
    "inPromo": false,
    "gtin": [
      "08718951488502",
      "08718951488496"
    ],
    "topCategoryName": "Lichaamsverzorging/Parfumerie",
    "topCategoryId": "591",
    "businessDomain": "RETAIL_BE",
    "IsPrivateLabel": false,
    "IsBiffe": false,
    "WeightconversionFactor": "0",
    "IsWeightArticle": false,
    "IsBio": false,
    "CountryOfOrigin": "ITALIË",
    "IsExclusivelySoldInLuxembourg": false,
    "OrderUnit": "P",
    "ShortName": "TAHI NAV.TROPENHOUT 500",
    "IsNew": false,
    "RecentQuanityOfStockUnits": "1",
    "LongName": "TAHITI nav.dch met verkw.bio hout 500ml",
    "FicCode": "N"
  },
  {
    "productId": "5030",
    "technicalArticleNumber": "282251",
    "commercialArticleNumber": "282251",
    "name": "Fresh Step 24H deo schoenen",
    "description": "*Schoenendeo\n*Spray\n*Blijft 24u",
    "brand": "SCHOLL",
    "seoBrand": "Scholl",
    "thumbNail": "https://static.colruytgroup.com/images/200x200/std.lang.all/54/52/asset-375452.jpg",
    "fullImage": "https://static.colruytgroup.com/images/500x500/std.lang.all/54/52/asset-375452.jpg",
    "squareImage": "https://static.colruytgroup.com/images/500x500sq/std.lang.all/54/52/asset-375452.jpg",
    "walkRouteSequenceNumber": 14086,
    "price": {
      "basicPrice": 6.14,
      "recommendedQuantity": "1.0",
      "measurementUnitPrice": 40.94,
      "measurementUnit": "L",
      "isRedPrice": false,
      "pricePerUOM": 40.94,
      "activationDate": "12-03-2024",
      "recordSource": "Folder",
      "isPromoActive": "N",
      "priceChangeCode": "L"
    },
    "isAvailable": true,
    "isPriceAvailable": true,
    "inPromo": false,
    "gtin": [
      "05038483677681",
      "05038483204702",
      "05038483204719",
      "05052197013597",
      "05052197016673"
    ],
    "topCategoryName": "Lichaamsverzorging/Parfumerie",
    "topCategoryId": "591",
    "businessDomain": "NON_FOOD",
    "IsPrivateLabel": false,
    "IsBiffe": false,
    "IsWeightArticle": false,
    "RecentQuanityOfStockUnits": "1",
    "LongName": "SCHOLL Fresh Step 24H deo schoenen",
    "IsBio": false,
    "AlcoholVolume": "0",
    "CountryOfOrigin": "BELGIË",
    "FicCode": "N",
    "OrderUnit": "P",
    "ShortName": "SCHOLL DEO SCHOENEN",
    "IsNew": false
  },
  {
    "productId": "140291",
    "technicalArticleNumber": "3174304",
    "commercialArticleNumber": "282603",
    "name": "Glijmiddel Play Sensitive",
    "brand": "DUREX",
    "seoBrand": "Durex",
    "thumbNail": "https://static.colruytgroup.com/images/200x200/std.lang.all/93/19/asset-379319.jpg",
    "fullImage": "https://static.colruytgroup.com/images/500x500/std.lang.all/93/19/asset-379319.jpg",
    "squareImage": "https://static.colruytgroup.com/images/500x500sq/std.lang.all/93/19/asset-379319.jpg",
    "content": "100ml",
    "walkRouteSequenceNumber": 14567,
    "price": {
      "basicPrice": 13.99,
      "recommendedQuantity": "1.0",
      "measurementUnitPrice": 139.9,
      "measurementUnit": "L",
      "isRedPrice": false,
      "pricePerUOM": 139.9,
      "activationDate": "21-03-2024",
      "recordSource": "Offline",
      "isPromoActive": "N",
      "priceChangeCode": "L"
    },
    "isAvailable": true,
    "isPriceAvailable": true,
    "inPromo": false,
    "gtin": [
      "05052197009620",
      "05052197009644",
      "05052197009637"
    ],
    "topCategoryName": "Lichaamsverzorging/Parfumerie",
    "topCategoryId": "591",
    "businessDomain": "NON_FOOD",
    "IsPrivateLabel": false,
    "IsBiffe": false,
    "IsWeightArticle": false,
    "RecentQuanityOfStockUnits": "1",
    "LongName": "DUREX Glijmiddel Play Sensitive 100ml",
    "IsBio": false,
    "CountryOfOrigin": "BELGIË",
    "FicCode": "N",
    "OrderUnit": "P",
    "ShortName": "DUREX PLAY SENSITIVE100",
    "IsNew": false
  },
  {
    "productId": "174161",
    "technicalArticleNumber": "3336478",
    "commercialArticleNumber": "346090",
    "name": "uni.wateraf.pleisters",
    "description": "*Pleister\n*Waterafstotend",
    "brand": "BONI",
    "seoBrand": "Boni Selection",
    "thumbNail": "https://static.colruytgroup.com/images/200x200/std.lang.all/65/17/asset-1156517.jpg",
    "fullImage": "https://static.colruytgroup.com/images/500x500/std.lang.all/65/17/asset-1156517.jpg",
    "squareImage": "https://static.colruytgroup.com/images/500x500sq/std.lang.all/65/17/asset-1156517.jpg",
    "content": "20st",
    "walkRouteSequenceNumber": 13928,
    "price": {
      "basicPrice": 3.18,
      "recommendedQuantity": "1.0",
      "measurementUnitPrice": 0.159,
      "measurementUnit": "S",
      "isRedPrice": false,
      "pricePerUOM": 0.159,
      "activationDate": "02-02-2024",
      "recordSource": "Offline",
      "isPromoActive": "N",
      "priceChangeCode": "E"
    },
    "isAvailable": true,
    "isPriceAvailable": true,
    "inPromo": false,
    "gtin": [
      "05400141339819",
      "15400141848851"
    ],
    "topCategoryName": "Lichaamsverzorging/Parfumerie",
    "topCategoryId": "591",
    "businessDomain": "NON_FOOD",
    "IsPrivateLabel": true,
    "IsBiffe": false,
    "IsWeightArticle": false,
    "RecentQuanityOfStockUnits": "1",
    "LongName": "BONI uni.wateraf.pleisters 20st",
    "IsBio": false,
    "CountryOfOrigin": "FILIPIJNEN",
    "FicCode": "N",
    "OrderUnit": "P",
    "ShortName": "BONI.UNI.WATER 10X6",
    "IsNew": false
  },
  {
    "productId": "276405",
    "technicalArticleNumber": "3664968",
    "commercialArticleNumber": "21756",
    "name": "Titanium Sens. 5+2gr",
    "description": "*Navulling met\n4-voudig mesje\n*5+2 stuks\n*voor app 21759",
    "brand": "WILKINSON SWORD",
    "seoBrand": "Wilkinson Sword",
    "thumbNail": "https://static.colruytgroup.com/images/200x200/std.lang.all/37/00/asset-1183700.jpg",
    "fullImage": "https://static.colruytgroup.com/images/500x500/std.lang.all/37/00/asset-1183700.jpg",
    "squareImage": "https://static.colruytgroup.com/images/500x500sq/std.lang.all/37/00/asset-1183700.jpg",
    "content": "7st",
    "walkRouteSequenceNumber": 18199,
    "price": {
      "basicPrice": 13.69,
      "recommendedQuantity": "1.0",
      "measurementUnitPrice": 1.96,
      "measurementUnit": "S",
      "isRedPrice": false,
      "pricePerUOM": 1.96,
      "activationDate": "22-03-2024",
      "recordSource": "Offline",
      "isPromoActive": "N",
      "priceChangeCode": "E"
    },
    "isAvailable": true,
    "isPriceAvailable": true,
    "inPromo": false,
    "gtin": [
      "04027800899838",
      "04027800899845",
      "04027800899852"
    ],
    "topCategoryName": "Lichaamsverzorging/Parfumerie",
    "topCategoryId": "591",
    "businessDomain": "RETAIL_BE",
    "IsPrivateLabel": false,
    "IsBiffe": false,
    "WeightconversionFactor": "0",
    "IsWeightArticle": false,
    "IsBio": false,
    "CountryOfOrigin": "DUITSLAND",
    "IsExclusivelySoldInLuxembourg": false,
    "OrderUnit": "P",
    "ShortName": "WILK QUA.TI.SEN.5MESJ+2",
    "IsNew": false,
    "RecentQuanityOfStockUnits": "1",
    "LongName": "WILKINSON SWORD Titanium Sens. 5+2gr 7st",
    "AlcoholVolume": "0",
    "FicCode": "N"
  },
  {
    "productId": "95728",
    "technicalArticleNumber": "2900668",
    "commercialArticleNumber": "952658",
    "name": "intensive gezichtscrème",
    "description": "*Gezichtscrème\n*50 ml\n*Droge huid",
    "brand": "NIVEA MEN",
    "seoBrand": "Nivea Men",
    "thumbNail": "https://static.colruytgroup.com/images/200x200/std.lang.all/39/81/asset-1433981.jpg",
    "fullImage": "https://static.colruytgroup.com/images/500x500/std.lang.all/39/81/asset-1433981.jpg",
    "squareImage": "https://static.colruytgroup.com/images/500x500sq/std.lang.all/39/81/asset-1433981.jpg",
    "content": "50ml",
    "walkRouteSequenceNumber": 15193,
    "price": {
      "basicPrice": 5.99,
      "recommendedQuantity": "1.0",
      "measurementUnitPrice": 119.8,
      "measurementUnit": "L",
      "isRedPrice": false,
      "pricePerUOM": 119.8,
      "activationDate": "19-03-2024",
      "recordSource": "Folder",
      "isPromoActive": "N",
      "priceChangeCode": "L"
    },
    "isAvailable": true,
    "isPriceAvailable": true,
    "inPromo": false,
    "gtin": [
      "17319470007946",
      "04005808223701",
      "17319470007939"
    ],
    "topCategoryName": "Lichaamsverzorging/Parfumerie",
    "topCategoryId": "591",
    "businessDomain": "NON_FOOD",
    "IsPrivateLabel": false,
    "IsBiffe": false,
    "IsWeightArticle": false,
    "RecentQuanityOfStockUnits": "1",
    "LongName": "NIVEA MEN intensive gezichtscrème 50ml",
    "IsBio": false,
    "CountryOfOrigin": "BELGIË",
    "FicCode": "N",
    "OrderUnit": "P",
    "ShortName": "NIV.MEN INTENSIVE CREME",
    "IsNew": false
  },
  {
    "productId": "43323",
    "technicalArticleNumber": "2505473",
    "commercialArticleNumber": "832826",
    "name": "Handcrème",
    "description": "*Handcrème\n*75 ml\n*Zeer droge huid",
    "brand": "PETIT MARSEILLAIS",
    "seoBrand": "Petit Marseillais",
    "thumbNail": "https://static.colruytgroup.com/images/200x200/std.lang.all/33/42/asset-1613342.jpg",
    "fullImage": "https://static.colruytgroup.com/images/500x500/std.lang.all/33/42/asset-1613342.jpg",
    "squareImage": "https://static.colruytgroup.com/images/500x500sq/std.lang.all/33/42/asset-1613342.jpg",
    "content": "75ml",
    "walkRouteSequenceNumber": 15272,
    "price": {
      "basicPrice": 4.45,
      "recommendedQuantity": "1.0",
      "measurementUnitPrice": 59.34,
      "measurementUnit": "L",
      "isRedPrice": false,
      "pricePerUOM": 59.34,
      "activationDate": "16-02-2024",
      "recordSource": "Offline",
      "isPromoActive": "N",
      "priceChangeCode": "H"
    },
    "isAvailable": true,
    "isPriceAvailable": true,
    "inPromo": false,
    "gtin": [
      "13251241042050",
      "03251241042053"
    ],
    "topCategoryName": "Lichaamsverzorging/Parfumerie",
    "topCategoryId": "591",
    "businessDomain": "NON_FOOD",
    "IsPrivateLabel": false,
    "IsBiffe": false,
    "IsWeightArticle": false,
    "RecentQuanityOfStockUnits": "1",
    "LongName": "PETIT MARSEILLAIS Handcrème 75ml",
    "IsBio": false,
    "CountryOfOrigin": "BELGIË",
    "FicCode": "N",
    "OrderUnit": "P",
    "ShortName": "LPM HANDCREME NUTRI 75",
    "IsNew": false
  },
  {
    "productId": "752613",
    "technicalArticleNumber": "4525809",
    "commercialArticleNumber": "22057",
    "name": "Plus Night Large broek",
    "description": "*Luiers 12st\n*Plus Night Large",
    "brand": "TENA",
    "seoBrand": "Tena",
    "thumbNail": "https://static.colruytgroup.com/images/200x200/std.lang.all/28/59/asset-2862859.jpg",
    "fullImage": "https://static.colruytgroup.com/images/500x500/std.lang.all/28/59/asset-2862859.jpg",
    "squareImage": "https://static.colruytgroup.com/images/500x500sq/std.lang.all/28/59/asset-2862859.jpg",
    "content": "12st",
    "walkRouteSequenceNumber": 13964,
    "price": {
      "basicPrice": 24.95,
      "recommendedQuantity": "1.0",
      "measurementUnitPrice": 2.08,
      "measurementUnit": "S",
      "isRedPrice": false,
      "pricePerUOM": 2.08,
      "activationDate": "13-03-2024",
      "recordSource": "Offline",
      "isPromoActive": "N",
      "priceChangeCode": "E"
    },
    "isAvailable": true,
    "isPriceAvailable": true,
    "inPromo": true,
    "promotion": [
      {
        "techPromoId": "100838COLR",
        "promotionId": "100838",
        "promotionType": "3",
        "isPersonalized": "N",
        "publicationStartDate": "13-03-2024",
        "publicationEndDate": "26-03-2024"
      }
    ],
    "gtin": [
      "07322540838466",
      "07322540839920"
    ],
    "topCategoryName": "Lichaamsverzorging/Parfumerie",
    "topCategoryId": "591",
    "businessDomain": "RETAIL_BE",
    "IsPrivateLabel": false,
    "IsBiffe": false,
    "WeightconversionFactor": "0",
    "IsWeightArticle": false,
    "IsBio": false,
    "CountryOfOrigin": "NEDERLAND",
    "IsExclusivelySoldInLuxembourg": false,
    "OrderUnit": "P",
    "ShortName": "TENA LUIERS PL.NI.L.12S",
    "IsNew": false,
    "RecentQuanityOfStockUnits": "1",
    "LongName": "TENA Plus Night Large broek 12st",
    "FicCode": "N"
  },
  {
    "productId": "5539",
    "technicalArticleNumber": "346707",
    "commercialArticleNumber": "346707",
    "name": "Elastic 1mx8cm",
    "description": "*Pleister",
    "brand": "HANSAPLAST",
    "seoBrand": "Hansaplast",
    "thumbNail": "https://static.colruytgroup.com/images/200x200/std.lang.all/56/83/asset-1385683.jpg",
    "fullImage": "https://static.colruytgroup.com/images/500x500/std.lang.all/56/83/asset-1385683.jpg",
    "squareImage": "https://static.colruytgroup.com/images/500x500sq/std.lang.all/56/83/asset-1385683.jpg",
    "content": "2st",
    "walkRouteSequenceNumber": 13903,
    "price": {
      "basicPrice": 7.78,
      "recommendedQuantity": "1.0",
      "measurementUnitPrice": 3.89,
      "measurementUnit": "S",
      "isRedPrice": false,
      "pricePerUOM": 3.89,
      "activationDate": "06-03-2024",
      "recordSource": "Online",
      "isPromoActive": "N",
      "priceChangeCode": "H"
    },
    "isAvailable": true,
    "isPriceAvailable": true,
    "inPromo": false,
    "gtin": [
      "04005802215269",
      "04005800175336"
    ],
    "topCategoryName": "Lichaamsverzorging/Parfumerie",
    "topCategoryId": "591",
    "businessDomain": "NON_FOOD",
    "IsPrivateLabel": false,
    "IsBiffe": false,
    "IsWeightArticle": false,
    "RecentQuanityOfStockUnits": "1",
    "LongName": "HANSAPLAST Elastic 1mx8cm 2st",
    "IsBio": false,
    "AlcoholVolume": "0",
    "CountryOfOrigin": "SPANJE",
    "FicCode": "N",
    "OrderUnit": "P",
    "ShortName": "HSPL.ELASTIC 8CM 2X",
    "IsNew": false
  },
  {
    "productId": "10544",
    "technicalArticleNumber": "1394820",
    "commercialArticleNumber": "605376",
    "name": "Uiercrème het hele lichaam",
    "thumbNail": "https://static.colruytgroup.com/images/200x200/std.lang.all/03/44/asset-350344.jpg",
    "fullImage": "https://static.colruytgroup.com/images/500x500/std.lang.all/03/44/asset-350344.jpg",
    "squareImage": "https://static.colruytgroup.com/images/500x500sq/std.lang.all/03/44/asset-350344.jpg",
    "content": "500ml",
    "walkRouteSequenceNumber": 15289,
    "price": {
      "basicPrice": 5.85,
      "recommendedQuantity": "1.0",
      "measurementUnitPrice": 11.7,
      "measurementUnit": "L",
      "isRedPrice": false,
      "pricePerUOM": 11.7,
      "activationDate": "14-11-2023",
      "isPromoActive": "N",
      "priceChangeCode": "E"
    },
    "isAvailable": true,
    "isPriceAvailable": true,
    "inPromo": false,
    "gtin": [
      "05412359767797",
      "05412359720051"
    ],
    "topCategoryName": "Lichaamsverzorging/Parfumerie",
    "topCategoryId": "591",
    "businessDomain": "NON_FOOD",
    "IsPrivateLabel": false,
    "IsBiffe": false,
    "IsWeightArticle": false,
    "RecentQuanityOfStockUnits": "1",
    "LongName": "Uiercrème het hele lichaam 500ml",
    "IsBio": false,
    "AlcoholVolume": "0",
    "CountryOfOrigin": "BELGIË",
    "FicCode": "N",
    "OrderUnit": "P",
    "ShortName": "UIERCREME 500ML",
    "IsNew": false
  },
  {
    "productId": "6207",
    "technicalArticleNumber": "308194",
    "commercialArticleNumber": "308194",
    "name": "Belle Color Lichtbruin 20",
    "brand": "GARNIER",
    "seoBrand": "Garnier Belle Color",
    "thumbNail": "https://static.colruytgroup.com/images/200x200/std.lang.all/17/19/asset-3271719.jpg",
    "fullImage": "https://static.colruytgroup.com/images/500x500/std.lang.all/17/19/asset-3271719.jpg",
    "squareImage": "https://static.colruytgroup.com/images/500x500sq/std.lang.all/17/19/asset-3271719.jpg",
    "price": {
      "basicPrice": 5.24,
      "recommendedQuantity": "1.0",
      "measurementUnitPrice": 5.24,
      "measurementUnit": "S",
      "isRedPrice": false,
      "pricePerUOM": 5.24,
      "activationDate": "23-03-2024",
      "recordSource": "Folder",
      "isPromoActive": "N",
      "priceChangeCode": "L"
    },
    "isAvailable": true,
    "isPriceAvailable": true,
    "inPromo": false,
    "gtin": [
      "03600540057440",
      "03600540480750",
      "03600541866973",
      "03600541866980",
      "03600542351379",
      "05410103043074",
      "05410103051093",
      "55410103130472"
    ],
    "topCategoryName": "Lichaamsverzorging/Parfumerie",
    "topCategoryId": "591",
    "businessDomain": "NON_FOOD",
    "IsPrivateLabel": false,
    "IsBiffe": false,
    "IsWeightArticle": false,
    "RecentQuanityOfStockUnits": "1",
    "LongName": "GARNIER Belle Color Lichtbruin 20",
    "IsBio": false,
    "AlcoholVolume": "0",
    "CountryOfOrigin": "BELGIË",
    "FicCode": "N",
    "OrderUnit": "P",
    "ShortName": "BELLE COLOR NR 20",
    "IsNew": false
  },
  {
    "productId": "16262",
    "technicalArticleNumber": "1428992",
    "commercialArticleNumber": "7590",
    "name": "luiers M",
    "description": "*Luiers M (12s)\n*Matig urineverlies\n*Triple Protection\n*Odour Control\n*Parfumvrij",
    "brand": "TENA",
    "seoBrand": "Tena Pants",
    "thumbNail": "https://static.colruytgroup.com/images/200x200/std.lang.all/61/15/asset-3016115.jpg",
    "fullImage": "https://static.colruytgroup.com/images/500x500/std.lang.all/61/15/asset-3016115.jpg",
    "squareImage": "https://static.colruytgroup.com/images/500x500sq/std.lang.all/61/15/asset-3016115.jpg",
    "content": "12st",
    "walkRouteSequenceNumber": 13959,
    "price": {
      "basicPrice": 9.71,
      "recommendedQuantity": "1.0",
      "measurementUnitPrice": 0.81,
      "measurementUnit": "S",
      "isRedPrice": false,
      "pricePerUOM": 0.81,
      "activationDate": "21-03-2024",
      "recordSource": "Folder",
      "isPromoActive": "N",
      "priceChangeCode": "L"
    },
    "isAvailable": true,
    "isPriceAvailable": true,
    "inPromo": true,
    "promotion": [
      {
        "techPromoId": "100838COLR",
        "promotionId": "100838",
        "promotionType": "3",
        "isPersonalized": "N",
        "publicationStartDate": "13-03-2024",
        "publicationEndDate": "26-03-2024"
      }
    ],
    "gtin": [
      "07322540005790",
      "07322540002812"
    ],
    "topCategoryName": "Lichaamsverzorging/Parfumerie",
    "topCategoryId": "591",
    "businessDomain": "RETAIL_BE",
    "IsPrivateLabel": false,
    "IsBiffe": false,
    "WeightconversionFactor": "0",
    "IsWeightArticle": false,
    "IsBio": false,
    "CountryOfOrigin": "NEDERLAND",
    "IsExclusivelySoldInLuxembourg": false,
    "OrderUnit": "P",
    "ShortName": "TENA DISCR.BRK.MEDIUM12",
    "InSeason": true,
    "IsNew": false,
    "RecentQuanityOfStockUnits": "4,1",
    "LongName": "TENA luiers M 12st",
    "AlcoholVolume": "0",
    "StartSeasonDate": "02/03/2007",
    "FicCode": "N"
  },
  {
    "productId": "825120",
    "technicalArticleNumber": "4661738",
    "commercialArticleNumber": "29843",
    "name": "scheergel",
    "description": "-Scheergel 198 ml\n-Verfrissende geur van\ncederhout en sinaasappelschil\n-Beschermt tegen\nscheerirritatie",
    "brand": "GILLETTE LABS",
    "seoBrand": "Gillette",
    "thumbNail": "https://ecgproductmw.colruytgroup.com/ecgproductmw/noPicForArticle_2.jpg",
    "fullImage": "https://ecgproductmw.colruytgroup.com/ecgproductmw/noPicForArticle_5.jpg",
    "squareImage": "https://ecgproductmw.colruytgroup.com/ecgproductmw/noPicForArticle_5.jpg",
    "content": "198ml",
    "walkRouteSequenceNumber": 15216,
    "price": {
      "basicPrice": 6.99,
      "recommendedQuantity": "1.0",
      "quantityPrice": 4.66,
      "quantityPriceQuantity": "3.0",
      "measurementUnitPrice": 35.31,
      "measurementUnitQuantityPrice": 23.54,
      "measurementUnit": "L",
      "isRedPrice": false,
      "pricePerUOM": 35.31,
      "activationDate": "23-03-2024",
      "recordSource": "Offline",
      "isPromoActive": "N",
      "priceChangeCode": "E",
      "quantityPricePerUOM": 23.54,
      "quantityActivationDate": "23-03-2024",
      "quantityPriceChangeCode": "E"
    },
    "isAvailable": true,
    "isPriceAvailable": true,
    "inPromo": false,
    "gtin": [
      "08006540663998",
      "08006540663981",
      "25400141677854"
    ],
    "topCategoryName": "Lichaamsverzorging/Parfumerie",
    "topCategoryId": "591",
    "businessDomain": "RETAIL_BE",
    "IsPrivateLabel": false,
    "IsBiffe": false,
    "WeightconversionFactor": "0",
    "IsWeightArticle": false,
    "IsBio": false,
    "CountryOfOrigin": "VERENIGDE STATEN VAN AMERIKA",
    "IsExclusivelySoldInLuxembourg": false,
    "OrderUnit": "P",
    "ShortName": "GILL.LABS SCHEERGEL 198",
    "IsNew": false,
    "RecentQuanityOfStockUnits": "1,2",
    "LongName": "GILLETTE LABS scheergel 198ml",
    "FicCode": "N"
  },
  {
    "productId": "36035",
    "technicalArticleNumber": "1812147",
    "commercialArticleNumber": "720365",
    "name": "Clean Deeper reinigingsscrub",
    "description": "*Reinigingsscrub\n*150 ml\n*Voor zuivere huid",
    "brand": "NIVEA",
    "seoBrand": "Nivea",
    "thumbNail": "https://static.colruytgroup.com/images/200x200/std.lang.all/00/08/asset-360008.jpg",
    "fullImage": "https://static.colruytgroup.com/images/500x500/std.lang.all/00/08/asset-360008.jpg",
    "squareImage": "https://static.colruytgroup.com/images/500x500sq/std.lang.all/00/08/asset-360008.jpg",
    "content": "150ml",
    "walkRouteSequenceNumber": 15601,
    "price": {
      "basicPrice": 9.75,
      "recommendedQuantity": "1.0",
      "measurementUnitPrice": 65,
      "measurementUnit": "L",
      "isRedPrice": false,
      "pricePerUOM": 65,
      "activationDate": "11-03-2024",
      "recordSource": "Offline",
      "isPromoActive": "N",
      "priceChangeCode": "H"
    },
    "isAvailable": true,
    "isPriceAvailable": true,
    "inPromo": false,
    "gtin": [
      "04005808148868",
      "04005808979318",
      "54005808148863",
      "04005808979332",
      "14005808148865",
      "24005808148862",
      "04005808979325"
    ],
    "topCategoryName": "Lichaamsverzorging/Parfumerie",
    "topCategoryId": "591",
    "businessDomain": "NON_FOOD",
    "IsPrivateLabel": false,
    "IsBiffe": false,
    "IsWeightArticle": false,
    "RecentQuanityOfStockUnits": "1",
    "LongName": "NIVEA Clean Deeper reinigingsscrub 150ml",
    "IsBio": false,
    "CountryOfOrigin": "BELGIË",
    "FicCode": "N",
    "OrderUnit": "P",
    "ShortName": "NIV.YOUNG CLEAN DEEPER",
    "IsNew": false
  },
  {
    "productId": "341501",
    "technicalArticleNumber": "3820657",
    "commercialArticleNumber": "346974",
    "name": "Inst.Age Rewind Eraser Light",
    "brand": "MAYBELLINE",
    "seoBrand": "Maybelline",
    "thumbNail": "https://static.colruytgroup.com/images/200x200/std.lang.all/33/10/asset-1563310.jpg",
    "fullImage": "https://static.colruytgroup.com/images/500x500/std.lang.all/33/10/asset-1563310.jpg",
    "squareImage": "https://static.colruytgroup.com/images/500x500sq/std.lang.all/33/10/asset-1563310.jpg",
    "walkRouteSequenceNumber": 15832,
    "price": {
      "basicPrice": 9.99,
      "recommendedQuantity": "1.0",
      "measurementUnitPrice": 9.99,
      "measurementUnit": "S",
      "isRedPrice": false,
      "pricePerUOM": 9.99,
      "activationDate": "23-03-2024",
      "recordSource": "Folder",
      "isPromoActive": "N",
      "priceChangeCode": "E"
    },
    "isAvailable": true,
    "isPriceAvailable": true,
    "inPromo": false,
    "gtin": [
      "03600531397845",
      "03600531397838",
      "03600530734047"
    ],
    "topCategoryName": "Lichaamsverzorging/Parfumerie",
    "topCategoryId": "591",
    "businessDomain": "NON_FOOD",
    "IsPrivateLabel": false,
    "IsBiffe": false,
    "IsWeightArticle": false,
    "RecentQuanityOfStockUnits": "1",
    "LongName": "MAYBELLINE Inst.Age Rewind Eraser Light",
    "IsBio": false,
    "CountryOfOrigin": "BELGIË",
    "FicCode": "N",
    "OrderUnit": "P",
    "ShortName": "MAY.INST.ERASER LIGHT",
    "IsNew": false
  },
  {
    "productId": "17041",
    "technicalArticleNumber": "1553070",
    "commercialArticleNumber": "654405",
    "name": "Body herstellend ahornsap",
    "description": "*Bodylotion\n*Zeer droge huid",
    "brand": "GARNIER",
    "seoBrand": "Garnier",
    "thumbNail": "https://static.colruytgroup.com/images/200x200/std.lang.all/02/66/asset-3340266.jpg",
    "fullImage": "https://static.colruytgroup.com/images/500x500/std.lang.all/02/66/asset-3340266.jpg",
    "squareImage": "https://static.colruytgroup.com/images/500x500sq/std.lang.all/02/66/asset-3340266.jpg",
    "content": "400ml",
    "walkRouteSequenceNumber": 15524,
    "price": {
      "basicPrice": 6.85,
      "recommendedQuantity": "1.0",
      "measurementUnitPrice": 17.13,
      "measurementUnit": "L",
      "isRedPrice": false,
      "pricePerUOM": 17.13,
      "activationDate": "05-03-2024",
      "recordSource": "Offline",
      "isPromoActive": "N",
      "priceChangeCode": "H"
    },
    "isAvailable": true,
    "isPriceAvailable": true,
    "inPromo": false,
    "gtin": [
      "03600540299444",
      "03600541027459",
      "03600540299420",
      "55410103129681",
      "05410103050423",
      "03600540299178",
      "03600541027428"
    ],
    "topCategoryName": "Lichaamsverzorging/Parfumerie",
    "topCategoryId": "591",
    "businessDomain": "NON_FOOD",
    "IsPrivateLabel": false,
    "IsBiffe": false,
    "IsWeightArticle": false,
    "RecentQuanityOfStockUnits": "1,1",
    "LongName": "GARNIER Body herstellend ahornsap 400ml",
    "IsBio": false,
    "CountryOfOrigin": "POLEN",
    "FicCode": "N",
    "OrderUnit": "P",
    "ShortName": "GAR REPAIR AHORNSAP",
    "IsNew": false
  },
  {
    "productId": "58002",
    "technicalArticleNumber": "2348598",
    "commercialArticleNumber": "832324",
    "name": "Casting Crème Gloss bruin 400",
    "brand": "L'OREAL",
    "seoBrand": "L'Oréal Paris",
    "thumbNail": "https://static.colruytgroup.com/images/200x200/std.lang.all/20/55/asset-3272055.jpg",
    "fullImage": "https://static.colruytgroup.com/images/500x500/std.lang.all/20/55/asset-3272055.jpg",
    "squareImage": "https://static.colruytgroup.com/images/500x500sq/std.lang.all/20/55/asset-3272055.jpg",
    "walkRouteSequenceNumber": 15458,
    "price": {
      "basicPrice": 9,
      "recommendedQuantity": "1.0",
      "measurementUnitPrice": 9,
      "measurementUnit": "S",
      "isRedPrice": false,
      "pricePerUOM": 9,
      "activationDate": "23-03-2024",
      "recordSource": "Folder",
      "isPromoActive": "N",
      "priceChangeCode": "E"
    },
    "isAvailable": true,
    "isPriceAvailable": true,
    "inPromo": false,
    "gtin": [
      "03600523836499",
      "03600520985633",
      "03600520985374",
      "03600520985114"
    ],
    "topCategoryName": "Lichaamsverzorging/Parfumerie",
    "topCategoryId": "591",
    "businessDomain": "NON_FOOD",
    "IsPrivateLabel": false,
    "IsBiffe": false,
    "IsWeightArticle": false,
    "RecentQuanityOfStockUnits": "1",
    "LongName": "L'OREAL Casting Crème Gloss bruin 400",
    "IsBio": false,
    "CountryOfOrigin": "BELGIË",
    "FicCode": "N",
    "OrderUnit": "P",
    "ShortName": "CASTING CREME NR400",
    "IsNew": false
  },
  {
    "productId": "825861",
    "technicalArticleNumber": "4663002",
    "commercialArticleNumber": "29919",
    "name": "sh inten.lime oil",
    "description": "*Anti-roos shampoo\n*Pure Intense\n*Lime oil\n*Sebo regelaar\n*72U anti-roos besch",
    "brand": "HEAD & SHOULDERS",
    "seoBrand": "head&shoulders",
    "thumbNail": "https://static.colruytgroup.com/images/200x200/std.lang.all/48/65/asset-2964865.jpg",
    "fullImage": "https://static.colruytgroup.com/images/500x500/std.lang.all/48/65/asset-2964865.jpg",
    "squareImage": "https://static.colruytgroup.com/images/500x500sq/std.lang.all/48/65/asset-2964865.jpg",
    "content": "250ml",
    "walkRouteSequenceNumber": 15033,
    "price": {
      "basicPrice": 4.99,
      "recommendedQuantity": "1.0",
      "quantityPrice": 3.33,
      "quantityPriceQuantity": "3.0",
      "measurementUnitPrice": 19.96,
      "measurementUnitQuantityPrice": 13.32,
      "measurementUnit": "L",
      "isRedPrice": false,
      "pricePerUOM": 19.96,
      "activationDate": "21-03-2024",
      "recordSource": "Offline",
      "isPromoActive": "N",
      "priceChangeCode": "E",
      "quantityPricePerUOM": 13.32,
      "quantityActivationDate": "21-03-2024",
      "quantityPriceChangeCode": "L"
    },
    "isAvailable": true,
    "isPriceAvailable": true,
    "inPromo": false,
    "gtin": [
      "15400141432784",
      "08006540692004",
      "08006540691991",
      "55400141517731"
    ],
    "topCategoryName": "Lichaamsverzorging/Parfumerie",
    "topCategoryId": "591",
    "businessDomain": "RETAIL_BE",
    "IsPrivateLabel": false,
    "IsBiffe": false,
    "WeightconversionFactor": "0",
    "IsWeightArticle": false,
    "IsBio": false,
    "CountryOfOrigin": "FRANKRIJK",
    "IsExclusivelySoldInLuxembourg": false,
    "OrderUnit": "P",
    "ShortName": "HS SH INT.LIME OIL 250",
    "IsNew": false,
    "RecentQuanityOfStockUnits": "1,3",
    "LongName": "HEAD & SHOULDERS sh inten.lime oil 250ml",
    "FicCode": "N"
  },
  {
    "productId": "208060",
    "technicalArticleNumber": "3500063",
    "commercialArticleNumber": "346477",
    "name": "dagcrème anti-age",
    "brand": "BONI",
    "seoBrand": "Boni Selection",
    "thumbNail": "https://static.colruytgroup.com/images/200x200/std.lang.all/31/16/asset-2503116.jpg",
    "fullImage": "https://static.colruytgroup.com/images/500x500/std.lang.all/31/16/asset-2503116.jpg",
    "squareImage": "https://static.colruytgroup.com/images/500x500sq/std.lang.all/31/16/asset-2503116.jpg",
    "content": "50ml",
    "walkRouteSequenceNumber": 15530,
    "price": {
      "basicPrice": 2.59,
      "recommendedQuantity": "1.0",
      "measurementUnitPrice": 51.8,
      "measurementUnit": "L",
      "isRedPrice": false,
      "pricePerUOM": 51.8,
      "activationDate": "30-01-2024",
      "recordSource": "Offline",
      "isPromoActive": "N",
      "priceChangeCode": "H"
    },
    "isAvailable": true,
    "isPriceAvailable": true,
    "inPromo": false,
    "gtin": [
      "05400141957730",
      "15400141957737",
      "15400141817185",
      "05400141411966"
    ],
    "topCategoryName": "Lichaamsverzorging/Parfumerie",
    "topCategoryId": "591",
    "businessDomain": "NON_FOOD",
    "IsPrivateLabel": true,
    "IsBiffe": false,
    "IsWeightArticle": false,
    "RecentQuanityOfStockUnits": "1",
    "LongName": "BONI dagcrème anti-age 50ml",
    "IsBio": false,
    "CountryOfOrigin": "BELGIË",
    "FicCode": "N",
    "OrderUnit": "P",
    "ShortName": "BONI DAGCREME ANTI-AGE",
    "IsNew": false
  },
  {
    "productId": "15396",
    "technicalArticleNumber": "1598950",
    "commercialArticleNumber": "654654",
    "name": "Donkerbruin 800",
    "description": "PALETTE NR 800\nDONKERBRUIN\n90 ML",
    "brand": "POLY PALETTE",
    "seoBrand": "Poly Palette",
    "thumbNail": "https://static.colruytgroup.com/images/200x200/std.lang.all/26/02/asset-1202602.jpg",
    "fullImage": "https://static.colruytgroup.com/images/500x500/std.lang.all/26/02/asset-1202602.jpg",
    "squareImage": "https://static.colruytgroup.com/images/500x500sq/std.lang.all/26/02/asset-1202602.jpg",
    "walkRouteSequenceNumber": 15447,
    "price": {
      "basicPrice": 5.19,
      "recommendedQuantity": "1.0",
      "measurementUnitPrice": 5.19,
      "measurementUnit": "S",
      "isRedPrice": false,
      "pricePerUOM": 5.19,
      "activationDate": "01-03-2024",
      "recordSource": "Offline",
      "isPromoActive": "N",
      "priceChangeCode": "L"
    },
    "isAvailable": true,
    "isPriceAvailable": true,
    "inPromo": false,
    "gtin": [
      "05410091639556",
      "08718900001714",
      "05412530834324",
      "05410091719944",
      "05412530686503",
      "05412530834317"
    ],
    "topCategoryName": "Lichaamsverzorging/Parfumerie",
    "topCategoryId": "591",
    "businessDomain": "NON_FOOD",
    "IsPrivateLabel": false,
    "IsBiffe": false,
    "IsWeightArticle": false,
    "RecentQuanityOfStockUnits": "1",
    "LongName": "POLY PALETTE Donkerbruin 800",
    "IsBio": false,
    "AlcoholVolume": "0",
    "CountryOfOrigin": "DUITSLAND",
    "FicCode": "N",
    "OrderUnit": "P",
    "ShortName": "PALETTE DONK.BRUIN 800",
    "IsNew": false
  },
  {
    "productId": "743828",
    "technicalArticleNumber": "4510866",
    "commercialArticleNumber": "2354",
    "name": "tampon organic normal",
    "description": "*zonder applicator\n*100% organic cotton\ntampons",
    "brand": "OB",
    "seoBrand": "O.B.",
    "thumbNail": "https://static.colruytgroup.com/images/200x200/std.lang.all/72/01/asset-2667201.jpg",
    "fullImage": "https://static.colruytgroup.com/images/500x500/std.lang.all/72/01/asset-2667201.jpg",
    "squareImage": "https://static.colruytgroup.com/images/500x500sq/std.lang.all/72/01/asset-2667201.jpg",
    "content": "16st",
    "walkRouteSequenceNumber": 14414,
    "price": {
      "basicPrice": 3.99,
      "recommendedQuantity": "2.0",
      "quantityPrice": 2.66,
      "quantityPriceQuantity": "3.0",
      "measurementUnitPrice": 0.25,
      "measurementUnitQuantityPrice": 0.167,
      "measurementUnit": "S",
      "isRedPrice": false,
      "pricePerUOM": 0.25,
      "activationDate": "23-03-2024",
      "recordSource": "Offline",
      "isPromoActive": "N",
      "priceChangeCode": "E",
      "quantityPricePerUOM": 0.167,
      "quantityActivationDate": "23-03-2024",
      "quantityPriceChangeCode": "E"
    },
    "isAvailable": true,
    "isPriceAvailable": true,
    "inPromo": false,
    "gtin": [
      "03574661654010",
      "03574661654003",
      "03574661654621",
      "65400141905795"
    ],
    "topCategoryName": "Lichaamsverzorging/Parfumerie",
    "topCategoryId": "591",
    "businessDomain": "RETAIL_BE",
    "IsPrivateLabel": false,
    "IsBiffe": false,
    "WeightconversionFactor": "0",
    "IsWeightArticle": false,
    "IsBio": false,
    "CountryOfOrigin": "FRANKRIJK",
    "IsExclusivelySoldInLuxembourg": false,
    "OrderUnit": "P",
    "ShortName": "OB TAMP ORGA NROM. 16ST",
    "IsNew": false,
    "RecentQuanityOfStockUnits": "2,1,6",
    "LongName": "OB tampon organic normal 16st",
    "FicCode": "N"
  },
  {
    "productId": "101833",
    "technicalArticleNumber": "3100652",
    "commercialArticleNumber": "282438",
    "name": "cleansing milk",
    "description": "*Reinigingsmelk\n*200 ml",
    "brand": "BONI",
    "seoBrand": "Boni Selection",
    "thumbNail": "https://static.colruytgroup.com/images/200x200/std.lang.all/63/76/asset-2066376.jpg",
    "fullImage": "https://static.colruytgroup.com/images/500x500/std.lang.all/63/76/asset-2066376.jpg",
    "squareImage": "https://static.colruytgroup.com/images/500x500sq/std.lang.all/63/76/asset-2066376.jpg",
    "content": "200ml",
    "walkRouteSequenceNumber": 15531,
    "price": {
      "basicPrice": 1.32,
      "recommendedQuantity": "1.0",
      "measurementUnitPrice": 6.6,
      "measurementUnit": "L",
      "isRedPrice": false,
      "pricePerUOM": 6.6,
      "activationDate": "23-03-2024",
      "recordSource": "Folder",
      "isPromoActive": "N",
      "priceChangeCode": "E"
    },
    "isAvailable": true,
    "isPriceAvailable": true,
    "inPromo": false,
    "gtin": [
      "05400141024241",
      "15400141024248"
    ],
    "topCategoryName": "Lichaamsverzorging/Parfumerie",
    "topCategoryId": "591",
    "businessDomain": "NON_FOOD",
    "IsPrivateLabel": true,
    "IsBiffe": false,
    "IsWeightArticle": false,
    "RecentQuanityOfStockUnits": "1",
    "LongName": "BONI cleansing milk 200ml",
    "IsBio": false,
    "CountryOfOrigin": "BELGIË",
    "FicCode": "N",
    "OrderUnit": "P",
    "ShortName": "BONI CLEANSING MILK",
    "IsNew": false
  },
  {
    "productId": "256770",
    "technicalArticleNumber": "3583331",
    "commercialArticleNumber": "282360",
    "name": "Micellair water droge huid",
    "description": "*Micellair water\n*400ml\n*Droge huid 3-in-1",
    "brand": "NIVEA",
    "seoBrand": "Nivea",
    "thumbNail": "https://static.colruytgroup.com/images/200x200/std.lang.all/99/42/asset-1619942.jpg",
    "fullImage": "https://static.colruytgroup.com/images/500x500/std.lang.all/99/42/asset-1619942.jpg",
    "squareImage": "https://static.colruytgroup.com/images/500x500sq/std.lang.all/99/42/asset-1619942.jpg",
    "content": "400ml",
    "walkRouteSequenceNumber": 15642,
    "price": {
      "basicPrice": 6.49,
      "recommendedQuantity": "1.0",
      "measurementUnitPrice": 16.23,
      "measurementUnit": "L",
      "isRedPrice": false,
      "pricePerUOM": 16.23,
      "activationDate": "05-03-2024",
      "recordSource": "Offline",
      "isPromoActive": "N",
      "priceChangeCode": "E"
    },
    "isAvailable": true,
    "isPriceAvailable": true,
    "inPromo": false,
    "gtin": [
      "04005900330505",
      "04005900330482",
      "04005900651037",
      "04005900330499",
      "04005900651020"
    ],
    "topCategoryName": "Lichaamsverzorging/Parfumerie",
    "topCategoryId": "591",
    "businessDomain": "NON_FOOD",
    "IsPrivateLabel": false,
    "IsBiffe": false,
    "IsWeightArticle": false,
    "RecentQuanityOfStockUnits": "1",
    "LongName": "NIVEA Micellair water droge huid 400ml",
    "IsBio": false,
    "CountryOfOrigin": "BELGIË",
    "FicCode": "N",
    "OrderUnit": "P",
    "ShortName": "NIV.VIS.MIC.W.SENSITIVE",
    "IsNew": false
  },
  {
    "productId": "329864",
    "technicalArticleNumber": "3811964",
    "commercialArticleNumber": "16575",
    "name": "Men Active Fit pants M",
    "description": "*Pants Men M (9s)\n*Zwaar urineverlies\n*Triple Protection\n*Odour Control\n*Parfumvrij",
    "brand": "TENA",
    "seoBrand": "Tena Men",
    "thumbNail": "https://static.colruytgroup.com/images/200x200/std.lang.all/30/13/asset-3273013.jpg",
    "fullImage": "https://static.colruytgroup.com/images/500x500/std.lang.all/30/13/asset-3273013.jpg",
    "squareImage": "https://static.colruytgroup.com/images/500x500sq/std.lang.all/30/13/asset-3273013.jpg",
    "content": "9st",
    "walkRouteSequenceNumber": 14273,
    "price": {
      "basicPrice": 9.63,
      "recommendedQuantity": "1.0",
      "measurementUnitPrice": 1.07,
      "measurementUnit": "S",
      "isRedPrice": false,
      "pricePerUOM": 1.07,
      "activationDate": "21-03-2024",
      "recordSource": "Folder",
      "isPromoActive": "N",
      "priceChangeCode": "L"
    },
    "isAvailable": true,
    "isPriceAvailable": true,
    "inPromo": true,
    "promotion": [
      {
        "techPromoId": "100838COLR",
        "promotionId": "100838",
        "promotionType": "3",
        "isPersonalized": "N",
        "publicationStartDate": "13-03-2024",
        "publicationEndDate": "26-03-2024"
      }
    ],
    "gtin": [
      "07322540887624",
      "07322540887631"
    ],
    "topCategoryName": "Lichaamsverzorging/Parfumerie",
    "topCategoryId": "591",
    "businessDomain": "RETAIL_BE",
    "IsPrivateLabel": false,
    "IsBiffe": false,
    "WeightconversionFactor": "0",
    "IsWeightArticle": false,
    "IsBio": false,
    "CountryOfOrigin": "POLEN",
    "IsExclusivelySoldInLuxembourg": false,
    "OrderUnit": "P",
    "ShortName": "TENA MEN ACT.FIT MED.9S",
    "IsNew": false,
    "RecentQuanityOfStockUnits": "4,1",
    "LongName": "TENA Men Active Fit pants M 9st",
    "AlcoholVolume": "0",
    "FicCode": "N"
  },
  {
    "productId": "23426",
    "technicalArticleNumber": "1886162",
    "commercialArticleNumber": "720589",
    "name": "Casting Crème Gloss bruin 300",
    "brand": "L'OREAL",
    "seoBrand": "L'Oréal Paris",
    "thumbNail": "https://static.colruytgroup.com/images/200x200/std.lang.all/19/01/asset-3271901.jpg",
    "fullImage": "https://static.colruytgroup.com/images/500x500/std.lang.all/19/01/asset-3271901.jpg",
    "squareImage": "https://static.colruytgroup.com/images/500x500sq/std.lang.all/19/01/asset-3271901.jpg",
    "walkRouteSequenceNumber": 15453,
    "price": {
      "basicPrice": 9,
      "recommendedQuantity": "1.0",
      "measurementUnitPrice": 9,
      "measurementUnit": "S",
      "isRedPrice": false,
      "pricePerUOM": 9,
      "activationDate": "23-03-2024",
      "recordSource": "Folder",
      "isPromoActive": "N",
      "priceChangeCode": "E"
    },
    "isAvailable": true,
    "isPriceAvailable": true,
    "inPromo": false,
    "gtin": [
      "03600520985091",
      "03600520985350",
      "03600523836437",
      "03600520985619"
    ],
    "topCategoryName": "Lichaamsverzorging/Parfumerie",
    "topCategoryId": "591",
    "businessDomain": "NON_FOOD",
    "IsPrivateLabel": false,
    "IsBiffe": false,
    "IsWeightArticle": false,
    "RecentQuanityOfStockUnits": "1",
    "LongName": "L'OREAL Casting Crème Gloss bruin 300",
    "IsBio": false,
    "CountryOfOrigin": "BELGIË",
    "FicCode": "N",
    "OrderUnit": "P",
    "ShortName": "CASTING CREME GLOSS 300",
    "IsNew": false
  },
  {
    "productId": "566476",
    "technicalArticleNumber": "4208737",
    "commercialArticleNumber": "282003",
    "name": "Dagcrème Q10 anti-rimpel",
    "description": "*Dagcrème\n*50ml",
    "brand": "NIVEA",
    "seoBrand": "Nivea",
    "thumbNail": "https://static.colruytgroup.com/images/200x200/std.lang.all/36/02/asset-1953602.jpg",
    "fullImage": "https://static.colruytgroup.com/images/500x500/std.lang.all/36/02/asset-1953602.jpg",
    "squareImage": "https://static.colruytgroup.com/images/500x500sq/std.lang.all/36/02/asset-1953602.jpg",
    "content": "50ml",
    "walkRouteSequenceNumber": 15617,
    "price": {
      "basicPrice": 16.25,
      "recommendedQuantity": "1.0",
      "measurementUnitPrice": 325,
      "measurementUnit": "L",
      "isRedPrice": false,
      "pricePerUOM": 325,
      "activationDate": "28-02-2024",
      "recordSource": "Offline",
      "isPromoActive": "N",
      "priceChangeCode": "H"
    },
    "isAvailable": true,
    "isPriceAvailable": true,
    "inPromo": false,
    "gtin": [
      "04005900659781",
      "04005900659774",
      "04005900659767"
    ],
    "topCategoryName": "Lichaamsverzorging/Parfumerie",
    "topCategoryId": "591",
    "businessDomain": "NON_FOOD",
    "IsPrivateLabel": false,
    "IsBiffe": false,
    "IsWeightArticle": false,
    "RecentQuanityOfStockUnits": "1",
    "LongName": "NIVEA Dagcrème Q10 anti-rimpel 50ml",
    "IsBio": false,
    "CountryOfOrigin": "BELGIË",
    "FicCode": "N",
    "OrderUnit": "P",
    "ShortName": "NIV.DAGCR.Q10 F15 50ML",
    "IsNew": false
  },
  {
    "productId": "6211",
    "technicalArticleNumber": "308198",
    "commercialArticleNumber": "308198",
    "name": "Belle Color Donkerbruin 24",
    "brand": "GARNIER",
    "seoBrand": "Garnier Belle Color",
    "thumbNail": "https://static.colruytgroup.com/images/200x200/std.lang.all/17/23/asset-3271723.jpg",
    "fullImage": "https://static.colruytgroup.com/images/500x500/std.lang.all/17/23/asset-3271723.jpg",
    "squareImage": "https://static.colruytgroup.com/images/500x500sq/std.lang.all/17/23/asset-3271723.jpg",
    "walkRouteSequenceNumber": 15425,
    "price": {
      "basicPrice": 5.24,
      "recommendedQuantity": "1.0",
      "measurementUnitPrice": 5.24,
      "measurementUnit": "S",
      "isRedPrice": false,
      "pricePerUOM": 5.24,
      "activationDate": "23-03-2024",
      "recordSource": "Folder",
      "isPromoActive": "N",
      "priceChangeCode": "L"
    },
    "isAvailable": true,
    "isPriceAvailable": true,
    "inPromo": false,
    "gtin": [
      "03600542351492",
      "05410103043111",
      "05410103051130",
      "45410103043119",
      "55410103130519",
      "03600540057488",
      "03600540480798",
      "03600541867130",
      "03600541867147"
    ],
    "topCategoryName": "Lichaamsverzorging/Parfumerie",
    "topCategoryId": "591",
    "businessDomain": "NON_FOOD",
    "IsPrivateLabel": false,
    "IsBiffe": false,
    "IsWeightArticle": false,
    "RecentQuanityOfStockUnits": "1",
    "LongName": "GARNIER Belle Color Donkerbruin 24",
    "IsBio": false,
    "AlcoholVolume": "0",
    "CountryOfOrigin": "BELGIË",
    "FicCode": "N",
    "OrderUnit": "P",
    "ShortName": "BELLE COLOR NR 24",
    "IsNew": false
  },
  {
    "productId": "100439",
    "technicalArticleNumber": "2858792",
    "commercialArticleNumber": "952459",
    "name": "handcr. herstell.",
    "description": "*Handcrème\n*75 ml\n*Droge huid",
    "brand": "PETIT MARSEILLAIS",
    "seoBrand": "Petit Marseillais",
    "thumbNail": "https://static.colruytgroup.com/images/200x200/std.lang.all/08/11/asset-350811.jpg",
    "fullImage": "https://static.colruytgroup.com/images/500x500/std.lang.all/08/11/asset-350811.jpg",
    "squareImage": "https://static.colruytgroup.com/images/500x500sq/std.lang.all/08/11/asset-350811.jpg",
    "content": "75ml",
    "walkRouteSequenceNumber": 15273,
    "price": {
      "basicPrice": 4.49,
      "recommendedQuantity": "1.0",
      "measurementUnitPrice": 59.87,
      "measurementUnit": "L",
      "isRedPrice": false,
      "pricePerUOM": 59.87,
      "activationDate": "23-03-2024",
      "recordSource": "Offline",
      "isPromoActive": "N",
      "priceChangeCode": "L"
    },
    "isAvailable": true,
    "isPriceAvailable": true,
    "inPromo": false,
    "gtin": [
      "03574660687620",
      "03574660687637"
    ],
    "topCategoryName": "Lichaamsverzorging/Parfumerie",
    "topCategoryId": "591",
    "businessDomain": "NON_FOOD",
    "IsPrivateLabel": false,
    "IsBiffe": false,
    "IsWeightArticle": false,
    "RecentQuanityOfStockUnits": "1",
    "LongName": "PETIT MARSEILLAIS handcr. herstell. 75ml",
    "IsBio": false,
    "CountryOfOrigin": "BELGIË",
    "FicCode": "N",
    "OrderUnit": "P",
    "ShortName": "LPM HERSTELLENDE HANDCR",
    "IsNew": false
  },
  {
    "productId": "5534",
    "technicalArticleNumber": "346414",
    "commercialArticleNumber": "346414",
    "name": "pneuma. borstel 3065",
    "description": "x",
    "brand": "GDD",
    "seoBrand": "Gauthier De Duyck",
    "thumbNail": "https://static.colruytgroup.com/images/200x200/std.lang.all/41/22/asset-574122.jpg",
    "fullImage": "https://static.colruytgroup.com/images/500x500/std.lang.all/41/22/asset-574122.jpg",
    "squareImage": "https://static.colruytgroup.com/images/500x500sq/std.lang.all/41/22/asset-574122.jpg",
    "walkRouteSequenceNumber": 15327,
    "price": {
      "basicPrice": 9.99,
      "recommendedQuantity": "1.0",
      "measurementUnitPrice": 9.99,
      "measurementUnit": "S",
      "isRedPrice": false,
      "pricePerUOM": 9.99,
      "activationDate": "09-11-2022",
      "isPromoActive": "N",
      "priceChangeCode": "E"
    },
    "isAvailable": true,
    "isPriceAvailable": true,
    "inPromo": false,
    "gtin": [
      "05425001928743",
      "15425001928740"
    ],
    "topCategoryName": "Lichaamsverzorging/Parfumerie",
    "topCategoryId": "591",
    "businessDomain": "NON_FOOD",
    "IsPrivateLabel": false,
    "IsBiffe": false,
    "IsWeightArticle": false,
    "RecentQuanityOfStockUnits": "1",
    "LongName": "GDD pneuma. borstel 3065",
    "IsBio": false,
    "CountryOfOrigin": "BELGIË",
    "FicCode": "N",
    "OrderUnit": "P",
    "ShortName": "GDD PNEUMA.BORSTEL",
    "IsNew": false
  },
  {
    "productId": "41120",
    "technicalArticleNumber": "2444884",
    "commercialArticleNumber": "832595",
    "name": "tijgerbalsem wit",
    "description": "*Verlicht&ontspant\n*Verkoelt&verzacht\n*Vrije ademhaling",
    "brand": "TIGER BALM",
    "seoBrand": "Tiger Balm",
    "thumbNail": "https://static.colruytgroup.com/images/200x200/std.lang.all/76/49/asset-1507649.jpg",
    "fullImage": "https://static.colruytgroup.com/images/500x500/std.lang.all/76/49/asset-1507649.jpg",
    "squareImage": "https://static.colruytgroup.com/images/500x500sq/std.lang.all/76/49/asset-1507649.jpg",
    "content": "30g",
    "walkRouteSequenceNumber": 14064,
    "price": {
      "basicPrice": 9.46,
      "recommendedQuantity": "1.0",
      "measurementUnitPrice": 315.34,
      "measurementUnit": "K",
      "isRedPrice": false,
      "pricePerUOM": 315.34,
      "activationDate": "23-03-2024",
      "recordSource": "Folder",
      "isPromoActive": "N",
      "priceChangeCode": "E"
    },
    "isAvailable": true,
    "isPriceAvailable": true,
    "inPromo": false,
    "gtin": [
      "08888650321544",
      "05412360003280",
      "08888650414024"
    ],
    "topCategoryName": "Lichaamsverzorging/Parfumerie",
    "topCategoryId": "591",
    "businessDomain": "NON_FOOD",
    "IsPrivateLabel": false,
    "IsBiffe": false,
    "IsWeightArticle": false,
    "RecentQuanityOfStockUnits": "1",
    "LongName": "TIGER BALM tijgerbalsem wit 30g",
    "IsBio": false,
    "CountryOfOrigin": "BELGIË",
    "FicCode": "N",
    "OrderUnit": "P",
    "ShortName": "TIGER BALSEM WIT 30GR",
    "IsNew": false
  },
  {
    "productId": "174322",
    "technicalArticleNumber": "3354756",
    "commercialArticleNumber": "346162",
    "name": "DermaSpa Summer Revive lotion",
    "description": "*Lichaamscrème\n*Lotion droge huid\n*Voedende verzorging",
    "brand": "DOVE",
    "seoBrand": "Dove",
    "thumbNail": "https://static.colruytgroup.com/images/200x200/std.lang.all/65/96/asset-676596.jpg",
    "fullImage": "https://static.colruytgroup.com/images/500x500/std.lang.all/65/96/asset-676596.jpg",
    "squareImage": "https://static.colruytgroup.com/images/500x500sq/std.lang.all/65/96/asset-676596.jpg",
    "content": "200ml",
    "walkRouteSequenceNumber": 15270,
    "price": {
      "basicPrice": 4.44,
      "recommendedQuantity": "1.0",
      "measurementUnitPrice": 22.2,
      "measurementUnit": "L",
      "isRedPrice": false,
      "pricePerUOM": 22.2,
      "activationDate": "23-03-2024",
      "recordSource": "Folder",
      "isPromoActive": "N",
      "priceChangeCode": "E"
    },
    "isAvailable": true,
    "isPriceAvailable": true,
    "inPromo": false,
    "gtin": [
      "08712561980722",
      "08712561982450",
      "08720181260513",
      "08720181260780"
    ],
    "topCategoryName": "Lichaamsverzorging/Parfumerie",
    "topCategoryId": "591",
    "businessDomain": "NON_FOOD",
    "IsPrivateLabel": false,
    "IsBiffe": false,
    "IsWeightArticle": false,
    "RecentQuanityOfStockUnits": "1,1",
    "LongName": "DOVE DermaSpa Summer Revive lotion 200ml",
    "IsBio": false,
    "AlcoholVolume": "0",
    "CountryOfOrigin": "BELGIË",
    "FicCode": "N",
    "OrderUnit": "P",
    "ShortName": "DOVE LOT.SUMMER REVIVED",
    "IsNew": false
  },
  {
    "productId": "53164",
    "technicalArticleNumber": "2185115",
    "commercialArticleNumber": "720995",
    "name": "ontharingsspraygev. huid",
    "description": "*Ontharingsspray\n*Gevoelige huid",
    "brand": "VEET",
    "seoBrand": "Veet",
    "thumbNail": "https://static.colruytgroup.com/images/200x200/std.lang.all/19/86/asset-1491986.jpg",
    "fullImage": "https://static.colruytgroup.com/images/500x500/std.lang.all/19/86/asset-1491986.jpg",
    "squareImage": "https://static.colruytgroup.com/images/500x500sq/std.lang.all/19/86/asset-1491986.jpg",
    "content": "150ml",
    "walkRouteSequenceNumber": 15146,
    "price": {
      "basicPrice": 8.15,
      "recommendedQuantity": "1.0",
      "measurementUnitPrice": 54.34,
      "measurementUnit": "L",
      "isRedPrice": false,
      "pricePerUOM": 54.34,
      "activationDate": "17-02-2024",
      "recordSource": "Offline",
      "isPromoActive": "N",
      "priceChangeCode": "H"
    },
    "isAvailable": true,
    "isPriceAvailable": true,
    "inPromo": false,
    "gtin": [
      "03059944021845",
      "15410036489694",
      "15410036143190",
      "03059944021852"
    ],
    "topCategoryName": "Lichaamsverzorging/Parfumerie",
    "topCategoryId": "591",
    "businessDomain": "NON_FOOD",
    "IsPrivateLabel": false,
    "IsBiffe": false,
    "IsWeightArticle": false,
    "RecentQuanityOfStockUnits": "1",
    "LongName": "VEET ontharingsspraygev. huid 150ml",
    "IsBio": false,
    "AlcoholVolume": "0",
    "CountryOfOrigin": "BELGIË",
    "FicCode": "N",
    "OrderUnit": "P",
    "ShortName": "VEET ONTH.SPRAY GEV.H",
    "IsNew": false
  },
  {
    "productId": "197526",
    "technicalArticleNumber": "3440813",
    "commercialArticleNumber": "346313",
    "name": "Age Perfect Gold dag",
    "description": "*Dagcrème\n*50 ml",
    "brand": "L'OREAL",
    "seoBrand": "L'Oréal Paris",
    "thumbNail": "https://static.colruytgroup.com/images/200x200/std.lang.all/26/46/asset-1582646.jpg",
    "fullImage": "https://static.colruytgroup.com/images/500x500/std.lang.all/26/46/asset-1582646.jpg",
    "squareImage": "https://static.colruytgroup.com/images/500x500sq/std.lang.all/26/46/asset-1582646.jpg",
    "content": "50ml",
    "walkRouteSequenceNumber": 15250,
    "price": {
      "basicPrice": 14.51,
      "recommendedQuantity": "1.0",
      "measurementUnitPrice": 290.2,
      "measurementUnit": "L",
      "isRedPrice": false,
      "pricePerUOM": 290.2,
      "activationDate": "21-03-2024",
      "recordSource": "Folder",
      "isPromoActive": "N",
      "priceChangeCode": "L"
    },
    "isAvailable": true,
    "isPriceAvailable": true,
    "inPromo": true,
    "promotion": [
      {
        "techPromoId": "100883COLR",
        "promotionId": "100883",
        "promotionType": "4",
        "isPersonalized": "N",
        "publicationStartDate": "13-03-2024",
        "publicationEndDate": "26-03-2024"
      }
    ],
    "gtin": [
      "03600523221462",
      "03600523216291"
    ],
    "topCategoryName": "Lichaamsverzorging/Parfumerie",
    "topCategoryId": "591",
    "businessDomain": "NON_FOOD",
    "IsPrivateLabel": false,
    "IsBiffe": false,
    "IsWeightArticle": false,
    "RecentQuanityOfStockUnits": "1",
    "LongName": "L'OREAL Age Perfect Gold dag 50ml",
    "IsBio": false,
    "CountryOfOrigin": "BELGIË",
    "FicCode": "N",
    "OrderUnit": "P",
    "ShortName": "LOR.AGE PERF.GOLDEN DAG",
    "IsNew": false
  },
  {
    "productId": "847550",
    "technicalArticleNumber": "4693963",
    "commercialArticleNumber": "21037",
    "name": "mesjes",
    "description": "*Navulling met\n3-voudig mesjes\n*12stuks",
    "brand": "GILLETTE FUSION5",
    "seoBrand": "Gillette",
    "thumbNail": "https://static.colruytgroup.com/images/200x200/std.lang.all/17/89/asset-3161789.jpg",
    "fullImage": "https://static.colruytgroup.com/images/500x500/std.lang.all/17/89/asset-3161789.jpg",
    "squareImage": "https://static.colruytgroup.com/images/500x500sq/std.lang.all/17/89/asset-3161789.jpg",
    "content": "12st",
    "walkRouteSequenceNumber": 18184,
    "price": {
      "basicPrice": 58.49,
      "recommendedQuantity": "1.0",
      "measurementUnitPrice": 4.88,
      "measurementUnit": "S",
      "isRedPrice": false,
      "pricePerUOM": 4.88,
      "activationDate": "11-03-2024",
      "isPromoActive": "N",
      "priceChangeCode": "H"
    },
    "isAvailable": true,
    "isPriceAvailable": true,
    "inPromo": false,
    "gtin": [
      "08001090420190",
      "08001090420084"
    ],
    "topCategoryName": "Lichaamsverzorging/Parfumerie",
    "topCategoryId": "591",
    "businessDomain": "RETAIL_BE",
    "IsPrivateLabel": false,
    "IsBiffe": false,
    "WeightconversionFactor": "0",
    "IsWeightArticle": false,
    "IsBio": false,
    "CountryOfOrigin": "DUITSLAND",
    "IsExclusivelySoldInLuxembourg": false,
    "OrderUnit": "P",
    "ShortName": "GILL FUSION 12 MES",
    "IsNew": false,
    "RecentQuanityOfStockUnits": "1",
    "LongName": "GILLETTE FUSION5 mesjes 12st",
    "FicCode": "N"
  },
  {
    "productId": "594013",
    "technicalArticleNumber": "4254226",
    "commercialArticleNumber": "21582",
    "name": "normale fixatie",
    "description": "*Haarlak\n*400ml\n*Normale fixatie",
    "brand": "ELNETT",
    "seoBrand": "Elnett",
    "thumbNail": "https://static.colruytgroup.com/images/200x200/std.lang.all/41/88/asset-2064188.jpg",
    "fullImage": "https://static.colruytgroup.com/images/500x500/std.lang.all/41/88/asset-2064188.jpg",
    "squareImage": "https://static.colruytgroup.com/images/500x500sq/std.lang.all/41/88/asset-2064188.jpg",
    "content": "400ml",
    "walkRouteSequenceNumber": 15345,
    "price": {
      "basicPrice": 6.14,
      "recommendedQuantity": "1.0",
      "measurementUnitPrice": 15.35,
      "measurementUnit": "L",
      "isRedPrice": false,
      "pricePerUOM": 15.35,
      "activationDate": "20-03-2024",
      "recordSource": "Offline",
      "isPromoActive": "N",
      "priceChangeCode": "E"
    },
    "isAvailable": true,
    "isPriceAvailable": true,
    "inPromo": false,
    "gtin": [
      "03600523793075",
      "03600523793662"
    ],
    "topCategoryName": "Lichaamsverzorging/Parfumerie",
    "topCategoryId": "591",
    "businessDomain": "RETAIL_BE",
    "IsPrivateLabel": false,
    "IsBiffe": false,
    "WeightconversionFactor": "0",
    "IsWeightArticle": false,
    "IsBio": false,
    "CountryOfOrigin": "BELGIË",
    "IsExclusivelySoldInLuxembourg": false,
    "OrderUnit": "P",
    "ShortName": "ELNE NORMAAL FIXAT.400",
    "IsNew": false,
    "RecentQuanityOfStockUnits": "1",
    "LongName": "ELNETT normale fixatie 400ml",
    "FicCode": "N"
  },
  {
    "productId": "593612",
    "technicalArticleNumber": "4253349",
    "commercialArticleNumber": "21263",
    "name": "kleurbescherming",
    "description": "*Haarlak\n*400ml\n*Gekleurd haar\n*Sterke fixatie",
    "brand": "ELNETT",
    "seoBrand": "Elnett",
    "thumbNail": "https://static.colruytgroup.com/images/200x200/std.lang.all/41/82/asset-2064182.jpg",
    "fullImage": "https://static.colruytgroup.com/images/500x500/std.lang.all/41/82/asset-2064182.jpg",
    "squareImage": "https://static.colruytgroup.com/images/500x500sq/std.lang.all/41/82/asset-2064182.jpg",
    "content": "400ml",
    "walkRouteSequenceNumber": 15343,
    "price": {
      "basicPrice": 7.65,
      "recommendedQuantity": "1.0",
      "measurementUnitPrice": 19.13,
      "measurementUnit": "L",
      "isRedPrice": false,
      "pricePerUOM": 19.13,
      "activationDate": "09-03-2024",
      "recordSource": "Offline",
      "isPromoActive": "N",
      "priceChangeCode": "H"
    },
    "isAvailable": true,
    "isPriceAvailable": true,
    "inPromo": false,
    "gtin": [
      "03600523793044",
      "03600523793570"
    ],
    "topCategoryName": "Lichaamsverzorging/Parfumerie",
    "topCategoryId": "591",
    "businessDomain": "RETAIL_BE",
    "IsPrivateLabel": false,
    "IsBiffe": false,
    "WeightconversionFactor": "0",
    "IsWeightArticle": false,
    "IsBio": false,
    "CountryOfOrigin": "BELGIË",
    "IsExclusivelySoldInLuxembourg": false,
    "OrderUnit": "P",
    "ShortName": "ELNE KLEURBESCHERM.400",
    "IsNew": false,
    "RecentQuanityOfStockUnits": "1",
    "LongName": "ELNETT kleurbescherming 400ml",
    "FicCode": "N"
  },
  {
    "productId": "847845",
    "technicalArticleNumber": "4694625",
    "commercialArticleNumber": "22513",
    "name": "fusion power xl mes",
    "description": "*Navulling met\n5-voudig mesje en\nprecisiemesje, voor\nFusion apparaten\n*8 stuks",
    "brand": "GILLETTE",
    "seoBrand": "Gillette",
    "thumbNail": "https://ecgproductmw.colruytgroup.com/ecgproductmw/noPicForArticle_2.jpg",
    "fullImage": "https://ecgproductmw.colruytgroup.com/ecgproductmw/noPicForArticle_5.jpg",
    "squareImage": "https://ecgproductmw.colruytgroup.com/ecgproductmw/noPicForArticle_5.jpg",
    "content": "8st",
    "walkRouteSequenceNumber": 18183,
    "price": {
      "basicPrice": 45.08,
      "recommendedQuantity": "1.0",
      "quantityPrice": 30.05,
      "quantityPriceQuantity": "3.0",
      "measurementUnitPrice": 5.64,
      "measurementUnitQuantityPrice": 3.76,
      "measurementUnit": "S",
      "isRedPrice": false,
      "pricePerUOM": 5.64,
      "activationDate": "23-03-2024",
      "recordSource": "Offline",
      "isPromoActive": "N",
      "priceChangeCode": "E",
      "quantityPricePerUOM": 3.76,
      "quantityActivationDate": "23-03-2024",
      "quantityPriceChangeCode": "E"
    },
    "isAvailable": true,
    "isPriceAvailable": true,
    "inPromo": false,
    "gtin": [
      "08001090420497",
      "08001090420473"
    ],
    "topCategoryName": "Lichaamsverzorging/Parfumerie",
    "topCategoryId": "591",
    "businessDomain": "RETAIL_BE",
    "IsPrivateLabel": false,
    "IsBiffe": false,
    "WeightconversionFactor": "0",
    "IsWeightArticle": false,
    "IsBio": false,
    "CountryOfOrigin": "DUITSLAND",
    "IsExclusivelySoldInLuxembourg": false,
    "OrderUnit": "P",
    "ShortName": "GILL FUSION POW.XL 8MES",
    "IsNew": false,
    "RecentQuanityOfStockUnits": "1",
    "LongName": "GILLETTE fusion power xl mes 8st",
    "FicCode": "N"
  },
  {
    "productId": "35938",
    "technicalArticleNumber": "1862544",
    "commercialArticleNumber": "720586",
    "name": "Hyaluron gezichtscrème",
    "description": "*Gezichtscrème\n*50 ml\n*Anti-rimpel",
    "brand": "NIVEA MEN",
    "seoBrand": "Nivea Men",
    "thumbNail": "https://static.colruytgroup.com/images/200x200/std.lang.all/79/35/asset-2417935.jpg",
    "fullImage": "https://static.colruytgroup.com/images/500x500/std.lang.all/79/35/asset-2417935.jpg",
    "squareImage": "https://static.colruytgroup.com/images/500x500sq/std.lang.all/79/35/asset-2417935.jpg",
    "content": "50ml",
    "walkRouteSequenceNumber": 15194,
    "price": {
      "basicPrice": 9.39,
      "recommendedQuantity": "1.0",
      "measurementUnitPrice": 187.8,
      "measurementUnit": "L",
      "isRedPrice": false,
      "pricePerUOM": 187.8,
      "activationDate": "13-03-2024",
      "recordSource": "Folder",
      "isPromoActive": "N",
      "priceChangeCode": "L"
    },
    "isAvailable": true,
    "isPriceAvailable": true,
    "inPromo": false,
    "gtin": [
      "88412300868163",
      "04005808192137",
      "04005808207053",
      "17319470007830",
      "05400141720587",
      "04005808840311",
      "04005808840120",
      "04005808840113",
      "04005805002736"
    ],
    "topCategoryName": "Lichaamsverzorging/Parfumerie",
    "topCategoryId": "591",
    "businessDomain": "NON_FOOD",
    "IsPrivateLabel": false,
    "IsBiffe": false,
    "IsWeightArticle": false,
    "RecentQuanityOfStockUnits": "1",
    "LongName": "NIVEA MEN Hyaluron gezichtscrème 50ml",
    "IsBio": false,
    "CountryOfOrigin": "BELGIË",
    "FicCode": "N",
    "OrderUnit": "P",
    "ShortName": "NIV.MEN HYA AA CREME",
    "IsNew": false
  },
  {
    "productId": "490147",
    "technicalArticleNumber": "4042809",
    "commercialArticleNumber": "378196",
    "name": "Body Soufflé Cherry&Jojoba",
    "brand": "NIVEA",
    "seoBrand": "Nivea",
    "thumbNail": "https://static.colruytgroup.com/images/200x200/std.lang.all/17/32/asset-3361732.jpg",
    "fullImage": "https://static.colruytgroup.com/images/500x500/std.lang.all/17/32/asset-3361732.jpg",
    "squareImage": "https://static.colruytgroup.com/images/500x500sq/std.lang.all/17/32/asset-3361732.jpg",
    "content": "200ml",
    "walkRouteSequenceNumber": 15651,
    "price": {
      "basicPrice": 5.89,
      "recommendedQuantity": "1.0",
      "measurementUnitPrice": 29.45,
      "measurementUnit": "L",
      "isRedPrice": false,
      "pricePerUOM": 29.45,
      "activationDate": "14-03-2024",
      "recordSource": "Offline",
      "isPromoActive": "N",
      "priceChangeCode": "E"
    },
    "isAvailable": true,
    "isPriceAvailable": true,
    "inPromo": false,
    "gtin": [
      "04005900629821",
      "04005900629838",
      "00000040063126"
    ],
    "topCategoryName": "Lichaamsverzorging/Parfumerie",
    "topCategoryId": "591",
    "businessDomain": "NON_FOOD",
    "IsPrivateLabel": false,
    "IsBiffe": false,
    "IsWeightArticle": false,
    "RecentQuanityOfStockUnits": "1",
    "LongName": "NIVEA Body Soufflé Cherry&Jojoba 200ml",
    "IsBio": false,
    "CountryOfOrigin": "SPANJE",
    "FicCode": "N",
    "OrderUnit": "P",
    "ShortName": "NIV.BODY SOUFFLE CHERRY",
    "IsNew": false
  },
  {
    "productId": "5979",
    "technicalArticleNumber": "1156950",
    "commercialArticleNumber": "533465",
    "name": "Age Perfect dag",
    "description": "*Dagcrème\n*50 ml\n*Rijpe huid",
    "brand": "L'OREAL",
    "seoBrand": "L'Oréal Paris",
    "thumbNail": "https://static.colruytgroup.com/images/200x200/nl_be/05/08/asset-650508.jpg",
    "fullImage": "https://static.colruytgroup.com/images/500x500/nl_be/05/08/asset-650508.jpg",
    "squareImage": "https://static.colruytgroup.com/images/500x500sq/nl_be/05/08/asset-650508.jpg",
    "content": "50ml",
    "walkRouteSequenceNumber": 15259,
    "price": {
      "basicPrice": 13.66,
      "recommendedQuantity": "1.0",
      "measurementUnitPrice": 273.2,
      "measurementUnit": "L",
      "isRedPrice": false,
      "pricePerUOM": 273.2,
      "activationDate": "21-03-2024",
      "recordSource": "Folder",
      "isPromoActive": "N",
      "priceChangeCode": "L"
    },
    "isAvailable": true,
    "isPriceAvailable": true,
    "inPromo": true,
    "promotion": [
      {
        "techPromoId": "100883COLR",
        "promotionId": "100883",
        "promotionType": "4",
        "isPersonalized": "N",
        "publicationStartDate": "13-03-2024",
        "publicationEndDate": "26-03-2024"
      }
    ],
    "gtin": [
      "05410103016351",
      "03600520133867"
    ],
    "topCategoryName": "Lichaamsverzorging/Parfumerie",
    "topCategoryId": "591",
    "businessDomain": "NON_FOOD",
    "IsPrivateLabel": false,
    "IsBiffe": false,
    "IsWeightArticle": false,
    "RecentQuanityOfStockUnits": "1",
    "LongName": "L'OREAL Age Perfect dag 50ml",
    "IsBio": false,
    "AlcoholVolume": "0",
    "CountryOfOrigin": "BELGIË",
    "FicCode": "N",
    "OrderUnit": "P",
    "ShortName": "LOR.AGE PERF.DAGCREME",
    "IsNew": false
  },
  {
    "productId": "432637",
    "technicalArticleNumber": "3969592",
    "commercialArticleNumber": "282527",
    "name": "Visage Q10 Verzachtend",
    "description": "*Crème\n*50ml",
    "brand": "NIVEA",
    "seoBrand": "Nivea",
    "thumbNail": "https://static.colruytgroup.com/images/200x200/std.lang.all/82/68/asset-2428268.jpg",
    "fullImage": "https://static.colruytgroup.com/images/500x500/std.lang.all/82/68/asset-2428268.jpg",
    "squareImage": "https://static.colruytgroup.com/images/500x500sq/std.lang.all/82/68/asset-2428268.jpg",
    "content": "50ml",
    "walkRouteSequenceNumber": 15625,
    "price": {
      "basicPrice": 14.95,
      "recommendedQuantity": "1.0",
      "measurementUnitPrice": 299,
      "measurementUnit": "L",
      "isRedPrice": false,
      "pricePerUOM": 299,
      "activationDate": "28-02-2024",
      "recordSource": "Offline",
      "isPromoActive": "N",
      "priceChangeCode": "H"
    },
    "isAvailable": true,
    "isPriceAvailable": true,
    "inPromo": false,
    "gtin": [
      "04005900545572",
      "04005900545565",
      "04005900545558"
    ],
    "topCategoryName": "Lichaamsverzorging/Parfumerie",
    "topCategoryId": "591",
    "businessDomain": "NON_FOOD",
    "IsPrivateLabel": false,
    "IsBiffe": false,
    "IsWeightArticle": false,
    "RecentQuanityOfStockUnits": "1",
    "LongName": "NIVEA Visage Q10 Verzachtend 50ml",
    "IsBio": false,
    "CountryOfOrigin": "POLEN",
    "FicCode": "N",
    "OrderUnit": "P",
    "ShortName": "NIV.VIS.Q10 DAGCREME GH",
    "IsNew": false
  },
  {
    "productId": "120017",
    "technicalArticleNumber": "3073010",
    "commercialArticleNumber": "282372",
    "name": "nek & schouders",
    "description": "*Ontspannend effect\n*Trekt snel in\n*Aangename geur",
    "brand": "TIGER BALM",
    "seoBrand": "Tiger Balm",
    "thumbNail": "https://static.colruytgroup.com/images/200x200/std.lang.all/04/88/asset-370488.jpg",
    "fullImage": "https://static.colruytgroup.com/images/500x500/std.lang.all/04/88/asset-370488.jpg",
    "squareImage": "https://static.colruytgroup.com/images/500x500sq/std.lang.all/04/88/asset-370488.jpg",
    "content": "50g",
    "walkRouteSequenceNumber": 14067,
    "price": {
      "basicPrice": 7.49,
      "recommendedQuantity": "1.0",
      "measurementUnitPrice": 149.8,
      "measurementUnit": "K",
      "isRedPrice": false,
      "pricePerUOM": 149.8,
      "activationDate": "23-03-2024",
      "recordSource": "Folder",
      "isPromoActive": "N",
      "priceChangeCode": "E"
    },
    "isAvailable": true,
    "isPriceAvailable": true,
    "inPromo": false,
    "gtin": [
      "18888650407191",
      "08888650400416",
      "08888650400423"
    ],
    "topCategoryName": "Lichaamsverzorging/Parfumerie",
    "topCategoryId": "591",
    "businessDomain": "NON_FOOD",
    "IsPrivateLabel": false,
    "IsBiffe": false,
    "IsWeightArticle": false,
    "RecentQuanityOfStockUnits": "1",
    "LongName": "TIGER BALM nek & schouders 50g",
    "IsBio": false,
    "CountryOfOrigin": "BELGIË",
    "FicCode": "N",
    "OrderUnit": "P",
    "ShortName": "TIGERBALS.NEK&SCHOUDER",
    "IsNew": false
  },
  {
    "productId": "208063",
    "technicalArticleNumber": "3500066",
    "commercialArticleNumber": "346478",
    "name": "Nachtcrème anti-age",
    "brand": "BONI",
    "seoBrand": "Boni Selection",
    "thumbNail": "https://static.colruytgroup.com/images/200x200/std.lang.all/31/19/asset-2503119.jpg",
    "fullImage": "https://static.colruytgroup.com/images/500x500/std.lang.all/31/19/asset-2503119.jpg",
    "squareImage": "https://static.colruytgroup.com/images/500x500sq/std.lang.all/31/19/asset-2503119.jpg",
    "content": "50ml",
    "walkRouteSequenceNumber": 15529,
    "price": {
      "basicPrice": 2.59,
      "recommendedQuantity": "1.0",
      "measurementUnitPrice": 51.8,
      "measurementUnit": "L",
      "isRedPrice": false,
      "pricePerUOM": 51.8,
      "activationDate": "30-01-2024",
      "recordSource": "Offline",
      "isPromoActive": "N",
      "priceChangeCode": "H"
    },
    "isAvailable": true,
    "isPriceAvailable": true,
    "inPromo": false,
    "gtin": [
      "15400141958109",
      "05400141958102",
      "15400141817192",
      "05400141411980"
    ],
    "topCategoryName": "Lichaamsverzorging/Parfumerie",
    "topCategoryId": "591",
    "businessDomain": "NON_FOOD",
    "IsPrivateLabel": true,
    "IsBiffe": false,
    "IsWeightArticle": false,
    "RecentQuanityOfStockUnits": "1",
    "LongName": "BONI Nachtcrème anti-age 50ml",
    "IsBio": false,
    "CountryOfOrigin": "BELGIË",
    "FicCode": "N",
    "OrderUnit": "P",
    "ShortName": "BONI NACHTCR. ANTI-AGE",
    "IsNew": false
  },
  {
    "productId": "847854",
    "technicalArticleNumber": "4694638",
    "commercialArticleNumber": "22862",
    "name": "fusion proglide mes",
    "description": "*Navulling met\n5-voudig mesje en\nprecisiemesje, voor\nFusion apparaten\n*6 stuks",
    "brand": "GILLETTE",
    "seoBrand": "Gillette",
    "thumbNail": "https://static.colruytgroup.com/images/200x200/std.lang.all/17/96/asset-3161796.jpg",
    "fullImage": "https://static.colruytgroup.com/images/500x500/std.lang.all/17/96/asset-3161796.jpg",
    "squareImage": "https://static.colruytgroup.com/images/500x500sq/std.lang.all/17/96/asset-3161796.jpg",
    "content": "6st",
    "walkRouteSequenceNumber": 15049,
    "price": {
      "basicPrice": 34.95,
      "recommendedQuantity": "1.0",
      "measurementUnitPrice": 5.83,
      "measurementUnit": "S",
      "isRedPrice": false,
      "pricePerUOM": 5.83,
      "activationDate": "21-03-2024",
      "recordSource": "Offline",
      "isPromoActive": "N",
      "priceChangeCode": "E"
    },
    "isAvailable": true,
    "isPriceAvailable": true,
    "inPromo": false,
    "gtin": [
      "08001090457998",
      "08001090457905"
    ],
    "topCategoryName": "Lichaamsverzorging/Parfumerie",
    "topCategoryId": "591",
    "businessDomain": "RETAIL_BE",
    "IsPrivateLabel": false,
    "IsBiffe": false,
    "WeightconversionFactor": "0",
    "IsWeightArticle": false,
    "IsBio": false,
    "CountryOfOrigin": "DUITSLAND",
    "IsExclusivelySoldInLuxembourg": false,
    "OrderUnit": "P",
    "ShortName": "GILL FUS.PRO.GL.MES 6",
    "IsNew": false,
    "RecentQuanityOfStockUnits": "1",
    "LongName": "GILLETTE fusion proglide mes 6st",
    "FicCode": "N"
  },
  {
    "productId": "6205",
    "technicalArticleNumber": "308191",
    "commercialArticleNumber": "308191",
    "name": "Belle Color Donkerblond 5",
    "brand": "GARNIER",
    "seoBrand": "Garnier Belle Color",
    "thumbNail": "https://static.colruytgroup.com/images/200x200/std.lang.all/17/80/asset-3271780.jpg",
    "fullImage": "https://static.colruytgroup.com/images/500x500/std.lang.all/17/80/asset-3271780.jpg",
    "squareImage": "https://static.colruytgroup.com/images/500x500sq/std.lang.all/17/80/asset-3271780.jpg",
    "walkRouteSequenceNumber": 15422,
    "price": {
      "basicPrice": 5.24,
      "recommendedQuantity": "1.0",
      "measurementUnitPrice": 5.24,
      "measurementUnit": "S",
      "isRedPrice": false,
      "pricePerUOM": 5.24,
      "activationDate": "23-03-2024",
      "recordSource": "Folder",
      "isPromoActive": "N",
      "priceChangeCode": "L"
    },
    "isAvailable": true,
    "isPriceAvailable": true,
    "inPromo": false,
    "gtin": [
      "03600540057389",
      "03600540480705",
      "03600541866812",
      "03600541866829",
      "03600542351256",
      "05410103043050",
      "05410103051161",
      "05410103053066",
      "45410103008583",
      "55410103130540",
      "05410103014517"
    ],
    "topCategoryName": "Lichaamsverzorging/Parfumerie",
    "topCategoryId": "591",
    "businessDomain": "NON_FOOD",
    "IsPrivateLabel": false,
    "IsBiffe": false,
    "IsWeightArticle": false,
    "RecentQuanityOfStockUnits": "1",
    "LongName": "GARNIER Belle Color Donkerblond 5",
    "IsBio": false,
    "AlcoholVolume": "0",
    "CountryOfOrigin": "BELGIË",
    "FicCode": "N",
    "OrderUnit": "P",
    "ShortName": "BELLE COLOR NR 5",
    "IsNew": false
  },
  {
    "productId": "2449",
    "technicalArticleNumber": "473533",
    "commercialArticleNumber": "473533",
    "name": "zuiverende Clear-Up strips",
    "description": "*Clear-up strips\n*Elk huidtype",
    "brand": "NIVEA",
    "seoBrand": "Nivea",
    "thumbNail": "https://static.colruytgroup.com/images/200x200/std.lang.all/08/46/asset-1880846.jpg",
    "fullImage": "https://static.colruytgroup.com/images/500x500/std.lang.all/08/46/asset-1880846.jpg",
    "squareImage": "https://static.colruytgroup.com/images/500x500sq/std.lang.all/08/46/asset-1880846.jpg",
    "content": "6st",
    "walkRouteSequenceNumber": 15602,
    "price": {
      "basicPrice": 8.95,
      "recommendedQuantity": "1.0",
      "measurementUnitPrice": 8.95,
      "measurementUnit": "S",
      "isRedPrice": false,
      "pricePerUOM": 8.95,
      "activationDate": "15-03-2024",
      "recordSource": "Offline",
      "isPromoActive": "N",
      "priceChangeCode": "H"
    },
    "isAvailable": true,
    "isPriceAvailable": true,
    "inPromo": false,
    "gtin": [
      "04005808185573",
      "04005808864010",
      "04005900666529",
      "04005900666536",
      "04005900666543",
      "14005808185570",
      "14005808864017",
      "24005808185577",
      "54005808185578",
      "54005808864015"
    ],
    "topCategoryName": "Lichaamsverzorging/Parfumerie",
    "topCategoryId": "591",
    "businessDomain": "NON_FOOD",
    "IsPrivateLabel": false,
    "IsBiffe": false,
    "IsWeightArticle": false,
    "RecentQuanityOfStockUnits": "1",
    "LongName": "NIVEA zuiverende Clear-Up strips 6st",
    "IsBio": false,
    "AlcoholVolume": "0",
    "CountryOfOrigin": "JAPAN",
    "FicCode": "N",
    "OrderUnit": "P",
    "ShortName": "NIV.VIS. CLEAR-UP STRIP",
    "IsNew": false
  },
  {
    "productId": "19494",
    "technicalArticleNumber": "1671340",
    "commercialArticleNumber": "654892",
    "name": "bodylotion hydro voeding",
    "description": "*Lichaamscrème\n*Lotion droge huid\n*Voedende verzorging",
    "brand": "DOVE",
    "seoBrand": "Dove",
    "thumbNail": "https://static.colruytgroup.com/images/200x200/std.lang.all/81/53/asset-1818153.jpg",
    "fullImage": "https://static.colruytgroup.com/images/500x500/std.lang.all/81/53/asset-1818153.jpg",
    "squareImage": "https://static.colruytgroup.com/images/500x500sq/std.lang.all/81/53/asset-1818153.jpg",
    "content": "400ml",
    "walkRouteSequenceNumber": 15269,
    "price": {
      "basicPrice": 4.49,
      "recommendedQuantity": "1.0",
      "measurementUnitPrice": 11.23,
      "measurementUnit": "L",
      "isRedPrice": false,
      "pricePerUOM": 11.23,
      "activationDate": "23-03-2024",
      "recordSource": "Folder",
      "isPromoActive": "N",
      "priceChangeCode": "E"
    },
    "isAvailable": true,
    "isPriceAvailable": true,
    "inPromo": false,
    "gtin": [
      "08717644126905",
      "08717644126899",
      "08717163560471",
      "08711600563643",
      "08711600369443",
      "08718114230146",
      "08718114230139",
      "04000388563902",
      "04000388563919",
      "04000388563964",
      "04000388171107"
    ],
    "topCategoryName": "Lichaamsverzorging/Parfumerie",
    "topCategoryId": "591",
    "businessDomain": "NON_FOOD",
    "IsPrivateLabel": false,
    "IsBiffe": false,
    "IsWeightArticle": false,
    "RecentQuanityOfStockUnits": "1",
    "LongName": "DOVE bodylotion hydro voeding 400ml",
    "IsBio": false,
    "CountryOfOrigin": "BELGIË",
    "FicCode": "N",
    "OrderUnit": "P",
    "ShortName": "DOVE BODY LOTION HYDRO",
    "IsNew": false
  },
  {
    "productId": "847207",
    "technicalArticleNumber": "4693557",
    "commercialArticleNumber": "17169",
    "name": "base mesjes",
    "description": "*Navulling met\n3-voudig mesje voor\nMach 3 apparaten\n*22 stuks",
    "brand": "GILLETTE",
    "seoBrand": "Gillette Mach3",
    "thumbNail": "https://static.colruytgroup.com/images/200x200/std.lang.all/17/85/asset-3161785.jpg",
    "fullImage": "https://static.colruytgroup.com/images/500x500/std.lang.all/17/85/asset-3161785.jpg",
    "squareImage": "https://static.colruytgroup.com/images/500x500sq/std.lang.all/17/85/asset-3161785.jpg",
    "content": "22st",
    "walkRouteSequenceNumber": 18172,
    "price": {
      "basicPrice": 40,
      "recommendedQuantity": "1.0",
      "measurementUnitPrice": 1.82,
      "measurementUnit": "S",
      "isRedPrice": false,
      "pricePerUOM": 1.82,
      "activationDate": "19-03-2024",
      "recordSource": "Folder",
      "isPromoActive": "N",
      "priceChangeCode": "E"
    },
    "isAvailable": true,
    "isPriceAvailable": true,
    "inPromo": false,
    "gtin": [
      "08001090821829",
      "08001090821843"
    ],
    "topCategoryName": "Lichaamsverzorging/Parfumerie",
    "topCategoryId": "591",
    "businessDomain": "RETAIL_BE",
    "IsPrivateLabel": false,
    "IsBiffe": false,
    "WeightconversionFactor": "0",
    "IsWeightArticle": false,
    "IsBio": false,
    "CountryOfOrigin": "POLEN",
    "IsExclusivelySoldInLuxembourg": false,
    "OrderUnit": "P",
    "ShortName": "GILL.MACH3 BASE 22MES",
    "IsNew": false,
    "RecentQuanityOfStockUnits": "1",
    "LongName": "GILLETTE base mesjes 22st",
    "FicCode": "N"
  },
  {
    "productId": "341503",
    "technicalArticleNumber": "3820659",
    "commercialArticleNumber": "346975",
    "name": "Inst.Age Rewind Eraser Nude",
    "brand": "MAYBELLINE",
    "seoBrand": "Maybelline",
    "thumbNail": "https://static.colruytgroup.com/images/200x200/std.lang.all/48/48/asset-1424848.jpg",
    "fullImage": "https://static.colruytgroup.com/images/500x500/std.lang.all/48/48/asset-1424848.jpg",
    "squareImage": "https://static.colruytgroup.com/images/500x500sq/std.lang.all/48/48/asset-1424848.jpg",
    "walkRouteSequenceNumber": 15833,
    "price": {
      "basicPrice": 9.99,
      "recommendedQuantity": "1.0",
      "measurementUnitPrice": 9.99,
      "measurementUnit": "S",
      "isRedPrice": false,
      "pricePerUOM": 9.99,
      "activationDate": "23-03-2024",
      "recordSource": "Folder",
      "isPromoActive": "N",
      "priceChangeCode": "E"
    },
    "isAvailable": true,
    "isPriceAvailable": true,
    "inPromo": false,
    "gtin": [
      "03600530734054",
      "03600531397876",
      "03600531397883"
    ],
    "topCategoryName": "Lichaamsverzorging/Parfumerie",
    "topCategoryId": "591",
    "businessDomain": "NON_FOOD",
    "IsPrivateLabel": false,
    "IsBiffe": false,
    "IsWeightArticle": false,
    "RecentQuanityOfStockUnits": "1",
    "LongName": "MAYBELLINE Inst.Age Rewind Eraser Nude",
    "IsBio": false,
    "CountryOfOrigin": "BELGIË",
    "FicCode": "N",
    "OrderUnit": "P",
    "ShortName": "MAY.INSTANT ERASER NUDE",
    "IsNew": false
  },
  {
    "productId": "2351",
    "technicalArticleNumber": "473084",
    "commercialArticleNumber": "473084",
    "name": "ontsmettende oploss.",
    "description": "*Zonder alcohol",
    "brand": "MERCUROCHROME",
    "seoBrand": "Mercurochrome",
    "thumbNail": "https://static.colruytgroup.com/images/200x200/std.lang.all/85/86/asset-528586.jpg",
    "fullImage": "https://static.colruytgroup.com/images/500x500/std.lang.all/85/86/asset-528586.jpg",
    "squareImage": "https://static.colruytgroup.com/images/500x500sq/std.lang.all/85/86/asset-528586.jpg",
    "content": "100ml",
    "walkRouteSequenceNumber": 14004,
    "price": {
      "basicPrice": 4.99,
      "recommendedQuantity": "1.0",
      "measurementUnitPrice": 49.9,
      "measurementUnit": "L",
      "isRedPrice": false,
      "pricePerUOM": 49.9,
      "activationDate": "13-03-2024",
      "recordSource": "Offline",
      "isPromoActive": "N",
      "priceChangeCode": "H"
    },
    "isAvailable": true,
    "isPriceAvailable": true,
    "inPromo": false,
    "gtin": [
      "23160921503118",
      "03160921503114"
    ],
    "topCategoryName": "Lichaamsverzorging/Parfumerie",
    "topCategoryId": "591",
    "businessDomain": "NON_FOOD",
    "IsPrivateLabel": false,
    "IsBiffe": false,
    "IsWeightArticle": false,
    "RecentQuanityOfStockUnits": "1",
    "LongName": "MERCUROCHROME ontsmettende oploss. 100ml",
    "IsBio": false,
    "AlcoholVolume": "0",
    "CountryOfOrigin": "BELGIË",
    "FicCode": "N",
    "OrderUnit": "P",
    "ShortName": "MERCU.OPLOS.KLEURLOOS",
    "IsNew": false
  },
  {
    "productId": "5980",
    "technicalArticleNumber": "1156951",
    "commercialArticleNumber": "533466",
    "name": "Age Perfect nachtcrème",
    "description": "*Nachtcrème\n*50 ml\n*Rijpe huid",
    "brand": "L'OREAL",
    "seoBrand": "L'Oréal Paris",
    "thumbNail": "https://static.colruytgroup.com/images/200x200/nl_be/05/09/asset-650509.jpg",
    "fullImage": "https://static.colruytgroup.com/images/500x500/nl_be/05/09/asset-650509.jpg",
    "squareImage": "https://static.colruytgroup.com/images/500x500sq/nl_be/05/09/asset-650509.jpg",
    "content": "50ml",
    "walkRouteSequenceNumber": 15258,
    "price": {
      "basicPrice": 13.19,
      "recommendedQuantity": "1.0",
      "measurementUnitPrice": 263.8,
      "measurementUnit": "L",
      "isRedPrice": false,
      "pricePerUOM": 263.8,
      "activationDate": "13-02-2024",
      "recordSource": "Offline",
      "isPromoActive": "N",
      "priceChangeCode": "H"
    },
    "isAvailable": true,
    "isPriceAvailable": true,
    "inPromo": true,
    "promotion": [
      {
        "techPromoId": "100883COLR",
        "promotionId": "100883",
        "promotionType": "4",
        "isPersonalized": "N",
        "publicationStartDate": "13-03-2024",
        "publicationEndDate": "26-03-2024"
      }
    ],
    "gtin": [
      "03600520133874",
      "05410103016368"
    ],
    "topCategoryName": "Lichaamsverzorging/Parfumerie",
    "topCategoryId": "591",
    "businessDomain": "NON_FOOD",
    "IsPrivateLabel": false,
    "IsBiffe": false,
    "IsWeightArticle": false,
    "RecentQuanityOfStockUnits": "1",
    "LongName": "L'OREAL Age Perfect nachtcrème 50ml",
    "IsBio": false,
    "AlcoholVolume": "0",
    "CountryOfOrigin": "BELGIË",
    "FicCode": "N",
    "OrderUnit": "P",
    "ShortName": "LOR.AGE PERF.NACHTCREME",
    "IsNew": false
  },
  {
    "productId": "276734",
    "technicalArticleNumber": "3660807",
    "commercialArticleNumber": "346803",
    "name": "zwart 1-1",
    "description": "SYOSS COLOR CREAM\nZWART 1-1\n115 ML",
    "brand": "SYOSS",
    "seoBrand": "Syoss",
    "thumbNail": "https://static.colruytgroup.com/images/200x200/std.lang.all/18/48/asset-1211848.jpg",
    "fullImage": "https://static.colruytgroup.com/images/500x500/std.lang.all/18/48/asset-1211848.jpg",
    "squareImage": "https://static.colruytgroup.com/images/500x500sq/std.lang.all/18/48/asset-1211848.jpg",
    "walkRouteSequenceNumber": 15004,
    "price": {
      "basicPrice": 8.69,
      "recommendedQuantity": "1.0",
      "measurementUnitPrice": 8.69,
      "measurementUnit": "S",
      "isRedPrice": false,
      "pricePerUOM": 8.69,
      "activationDate": "28-02-2024",
      "recordSource": "Offline",
      "isPromoActive": "N",
      "priceChangeCode": "E"
    },
    "isAvailable": true,
    "isPriceAvailable": true,
    "inPromo": false,
    "gtin": [
      "05412530864215",
      "05412530864208",
      "05410091735487"
    ],
    "topCategoryName": "Lichaamsverzorging/Parfumerie",
    "topCategoryId": "591",
    "businessDomain": "NON_FOOD",
    "IsPrivateLabel": false,
    "IsBiffe": false,
    "IsWeightArticle": false,
    "RecentQuanityOfStockUnits": "1",
    "LongName": "SYOSS zwart 1-1",
    "IsBio": false,
    "AlcoholVolume": "0",
    "CountryOfOrigin": "DUITSLAND",
    "FicCode": "N",
    "OrderUnit": "P",
    "ShortName": "SYOSS COL.1-1 ZWART",
    "IsNew": false
  },
  {
    "productId": "41673",
    "technicalArticleNumber": "2424955",
    "commercialArticleNumber": "832552",
    "name": "massage glijmid. Ylang Ylang",
    "description": "*Met ylang-ylang",
    "brand": "DUREX",
    "seoBrand": "Durex",
    "thumbNail": "https://static.colruytgroup.com/images/200x200/std.lang.all/57/24/asset-2785724.jpg",
    "fullImage": "https://static.colruytgroup.com/images/500x500/std.lang.all/57/24/asset-2785724.jpg",
    "squareImage": "https://static.colruytgroup.com/images/500x500sq/std.lang.all/57/24/asset-2785724.jpg",
    "content": "200ml",
    "walkRouteSequenceNumber": 14566,
    "price": {
      "basicPrice": 12.29,
      "recommendedQuantity": "1.0",
      "measurementUnitPrice": 61.45,
      "measurementUnit": "L",
      "isRedPrice": false,
      "pricePerUOM": 61.45,
      "activationDate": "12-03-2024",
      "recordSource": "Offline",
      "isPromoActive": "N",
      "priceChangeCode": "E"
    },
    "isAvailable": true,
    "isPriceAvailable": true,
    "inPromo": false,
    "gtin": [
      "05038483962275",
      "05038483962299",
      "05038483962282"
    ],
    "topCategoryName": "Lichaamsverzorging/Parfumerie",
    "topCategoryId": "591",
    "businessDomain": "NON_FOOD",
    "IsPrivateLabel": false,
    "IsBiffe": false,
    "IsWeightArticle": false,
    "RecentQuanityOfStockUnits": "1",
    "LongName": "DUREX massage glijmid. Ylang Ylang 200ml",
    "IsBio": false,
    "CountryOfOrigin": "THAILAND",
    "FicCode": "N",
    "OrderUnit": "P",
    "ShortName": "DUREX GLIJ-MASS. YLANG",
    "IsNew": false
  },
  {
    "productId": "777452",
    "technicalArticleNumber": "4570167",
    "commercialArticleNumber": "17793",
    "name": "repair treatment7sec ass",
    "description": "*Express Repair\n*Assortiment\n-Oil Nutritive\n-Ultimate Repair\n*7sec haarmasker",
    "brand": "GLISS KUR",
    "seoBrand": "Gliss Kur",
    "thumbNail": "https://static.colruytgroup.com/images/200x200/std.lang.all/78/85/asset-2747885.jpg",
    "fullImage": "https://static.colruytgroup.com/images/500x500/std.lang.all/78/85/asset-2747885.jpg",
    "squareImage": "https://static.colruytgroup.com/images/500x500sq/std.lang.all/78/85/asset-2747885.jpg",
    "content": "200ml",
    "walkRouteSequenceNumber": 15300,
    "price": {
      "basicPrice": 7.99,
      "recommendedQuantity": "1.0",
      "measurementUnitPrice": 39.95,
      "measurementUnit": "L",
      "isRedPrice": false,
      "pricePerUOM": 39.95,
      "activationDate": "11-03-2024",
      "recordSource": "Offline",
      "isPromoActive": "N",
      "priceChangeCode": "H"
    },
    "isAvailable": true,
    "isPriceAvailable": true,
    "inPromo": false,
    "gtin": [
      "05410091737863",
      "05412530867766",
      "05412530867773",
      "05410091737917",
      "85400141473106"
    ],
    "topCategoryName": "Lichaamsverzorging/Parfumerie",
    "topCategoryId": "591",
    "businessDomain": "RETAIL_BE",
    "IsPrivateLabel": false,
    "IsBiffe": false,
    "WeightconversionFactor": "0",
    "IsWeightArticle": false,
    "IsBio": false,
    "CountryOfOrigin": "SLOVENIË",
    "IsExclusivelySoldInLuxembourg": false,
    "OrderUnit": "P",
    "ShortName": "GLIS TR 7 SEC.ASS 200",
    "IsNew": false,
    "RecentQuanityOfStockUnits": "1,1",
    "LongName": "GLISS KUR repair treatment7sec ass 200ml",
    "FicCode": "N"
  },
  {
    "productId": "1786",
    "technicalArticleNumber": "23245",
    "commercialArticleNumber": "23245",
    "name": "deo Dry Comfort Plus roller",
    "description": "*Anti-transpirant\n*Dry Comfort:\n48u bescherming,\nmilde verzorging",
    "brand": "NIVEA",
    "seoBrand": "Nivea",
    "thumbNail": "https://static.colruytgroup.com/images/200x200/std.lang.all/86/41/asset-1508641.jpg",
    "fullImage": "https://static.colruytgroup.com/images/500x500/std.lang.all/86/41/asset-1508641.jpg",
    "squareImage": "https://static.colruytgroup.com/images/500x500sq/std.lang.all/86/41/asset-1508641.jpg",
    "content": "50ml",
    "walkRouteSequenceNumber": 14660,
    "price": {
      "basicPrice": 3.39,
      "recommendedQuantity": "1.0",
      "quantityPrice": 2.03,
      "quantityPriceQuantity": "3.0",
      "measurementUnitPrice": 67.8,
      "measurementUnitQuantityPrice": 40.6,
      "measurementUnit": "L",
      "isRedPrice": false,
      "pricePerUOM": 67.8,
      "activationDate": "23-03-2024",
      "recordSource": "Offline",
      "isPromoActive": "N",
      "priceChangeCode": "E",
      "quantityPricePerUOM": 40.6,
      "quantityActivationDate": "23-03-2024",
      "quantityPriceChangeCode": "E"
    },
    "isAvailable": true,
    "isPriceAvailable": true,
    "inPromo": false,
    "gtin": [
      "04005900278159",
      "04005900457998",
      "05400141232455",
      "05410366200009",
      "15400141596172",
      "00000042237327",
      "00000042345091",
      "04005900088383",
      "04005900088390",
      "04005900088406"
    ],
    "topCategoryName": "Lichaamsverzorging/Parfumerie",
    "topCategoryId": "591",
    "businessDomain": "RETAIL_BE",
    "IsPrivateLabel": false,
    "IsBiffe": false,
    "WeightconversionFactor": "0",
    "IsWeightArticle": false,
    "IsBio": false,
    "CountryOfOrigin": "DUITSLAND",
    "IsExclusivelySoldInLuxembourg": false,
    "OrderUnit": "P",
    "ShortName": "NIVEA ROLL ON DRY 50ML",
    "IsNew": false,
    "RecentQuanityOfStockUnits": "1,2",
    "LongName": "NIVEA deo Dry Comfort Plus roller 50ml",
    "AlcoholVolume": "0",
    "FicCode": "N"
  },
  {
    "productId": "15395",
    "technicalArticleNumber": "1598946",
    "commercialArticleNumber": "654652",
    "name": "Chocoladebruin 750",
    "description": "PALETTE NR 750\nCHOCOLADE BRUIN\n90 ML",
    "brand": "POLY PALETTE",
    "seoBrand": "Poly Palette",
    "thumbNail": "https://static.colruytgroup.com/images/200x200/std.lang.all/26/01/asset-1202601.jpg",
    "fullImage": "https://static.colruytgroup.com/images/500x500/std.lang.all/26/01/asset-1202601.jpg",
    "squareImage": "https://static.colruytgroup.com/images/500x500sq/std.lang.all/26/01/asset-1202601.jpg",
    "price": {
      "basicPrice": 5.19,
      "recommendedQuantity": "1.0",
      "measurementUnitPrice": 5.19,
      "measurementUnit": "S",
      "isRedPrice": false,
      "pricePerUOM": 5.19,
      "activationDate": "01-03-2024",
      "recordSource": "Offline",
      "isPromoActive": "N",
      "priceChangeCode": "L"
    },
    "isAvailable": true,
    "isPriceAvailable": true,
    "inPromo": false,
    "gtin": [
      "05412530834386",
      "05412530834379",
      "05410091639587",
      "05410091719975",
      "05412530686534",
      "08718900001745"
    ],
    "topCategoryName": "Lichaamsverzorging/Parfumerie",
    "topCategoryId": "591",
    "businessDomain": "NON_FOOD",
    "IsPrivateLabel": false,
    "IsBiffe": false,
    "IsWeightArticle": false,
    "RecentQuanityOfStockUnits": "1",
    "LongName": "POLY PALETTE Chocoladebruin 750",
    "IsBio": false,
    "AlcoholVolume": "0",
    "CountryOfOrigin": "DUITSLAND",
    "FicCode": "N",
    "OrderUnit": "P",
    "ShortName": "PALETTE CHOC.BRUIN 750",
    "IsNew": false
  },
  {
    "productId": "691998",
    "technicalArticleNumber": "4419401",
    "commercialArticleNumber": "25615",
    "name": "deo max.protection",
    "description": "*Deodorant spray\n*Langhoudend\n*Frisse geur\n*Tegen zweet\n*Dermatologisch",
    "brand": "REXONA",
    "seoBrand": "Rexona",
    "thumbNail": "https://static.colruytgroup.com/images/200x200/std.lang.all/72/03/asset-2377203.jpg",
    "fullImage": "https://static.colruytgroup.com/images/500x500/std.lang.all/72/03/asset-2377203.jpg",
    "squareImage": "https://static.colruytgroup.com/images/500x500sq/std.lang.all/72/03/asset-2377203.jpg",
    "content": "100ml",
    "walkRouteSequenceNumber": 14726,
    "price": {
      "basicPrice": 7.29,
      "recommendedQuantity": "1.0",
      "measurementUnitPrice": 72.9,
      "measurementUnit": "L",
      "isRedPrice": false,
      "pricePerUOM": 72.9,
      "activationDate": "01-03-2024",
      "recordSource": "Offline",
      "isPromoActive": "N",
      "priceChangeCode": "E"
    },
    "isAvailable": true,
    "isPriceAvailable": true,
    "inPromo": false,
    "gtin": [
      "08710847921124",
      "00000059082927"
    ],
    "topCategoryName": "Lichaamsverzorging/Parfumerie",
    "topCategoryId": "591",
    "businessDomain": "RETAIL_BE",
    "IsPrivateLabel": false,
    "IsBiffe": false,
    "WeightconversionFactor": "0",
    "IsWeightArticle": false,
    "IsBio": false,
    "CountryOfOrigin": "ITALIË",
    "IsExclusivelySoldInLuxembourg": false,
    "OrderUnit": "P",
    "ShortName": "REXO DEO MAX.PROT.100ML",
    "IsNew": false,
    "RecentQuanityOfStockUnits": "1",
    "LongName": "REXONA deo max.protection 100ml",
    "FicCode": "N"
  },
  {
    "productId": "455632",
    "technicalArticleNumber": "4009551",
    "commercialArticleNumber": "282024",
    "name": "Dagcrème Hyaluron Cellular",
    "description": "*Dagcrème\n*SPF30\n*Hyaluron",
    "brand": "NIVEA",
    "seoBrand": "Nivea",
    "thumbNail": "https://static.colruytgroup.com/images/200x200/std.lang.all/90/47/asset-1999047.jpg",
    "fullImage": "https://static.colruytgroup.com/images/500x500/std.lang.all/90/47/asset-1999047.jpg",
    "squareImage": "https://static.colruytgroup.com/images/500x500sq/std.lang.all/90/47/asset-1999047.jpg",
    "content": "50ml",
    "walkRouteSequenceNumber": 15607,
    "price": {
      "basicPrice": 14.99,
      "recommendedQuantity": "1.0",
      "measurementUnitPrice": 299.8,
      "measurementUnit": "L",
      "isRedPrice": false,
      "pricePerUOM": 299.8,
      "activationDate": "22-03-2024",
      "recordSource": "Offline",
      "isPromoActive": "N",
      "priceChangeCode": "L"
    },
    "isAvailable": true,
    "isPriceAvailable": true,
    "inPromo": false,
    "gtin": [
      "04005900599612",
      "04005900599605",
      "04005900599599"
    ],
    "topCategoryName": "Lichaamsverzorging/Parfumerie",
    "topCategoryId": "591",
    "businessDomain": "NON_FOOD",
    "IsPrivateLabel": false,
    "IsBiffe": false,
    "IsWeightArticle": false,
    "RecentQuanityOfStockUnits": "1",
    "LongName": "NIVEA Dagcrème Hyaluron Cellular 50ml",
    "IsBio": false,
    "CountryOfOrigin": "POLEN",
    "FicCode": "N",
    "OrderUnit": "P",
    "ShortName": "NIV.CELL.+ELAST. DAGCR",
    "IsNew": false
  },
  {
    "productId": "6204",
    "technicalArticleNumber": "308190",
    "commercialArticleNumber": "308190",
    "name": "Belle Color Asblond 4",
    "brand": "GARNIER",
    "seoBrand": "Garnier Belle Color",
    "thumbNail": "https://static.colruytgroup.com/images/200x200/std.lang.all/17/79/asset-3271779.jpg",
    "fullImage": "https://static.colruytgroup.com/images/500x500/std.lang.all/17/79/asset-3271779.jpg",
    "squareImage": "https://static.colruytgroup.com/images/500x500sq/std.lang.all/17/79/asset-3271779.jpg",
    "walkRouteSequenceNumber": 15421,
    "price": {
      "basicPrice": 5.24,
      "recommendedQuantity": "1.0",
      "measurementUnitPrice": 5.24,
      "measurementUnit": "S",
      "isRedPrice": false,
      "pricePerUOM": 5.24,
      "activationDate": "23-03-2024",
      "recordSource": "Folder",
      "isPromoActive": "N",
      "priceChangeCode": "L"
    },
    "isAvailable": true,
    "isPriceAvailable": true,
    "inPromo": false,
    "gtin": [
      "03600540057686",
      "03600540480927",
      "03600541867499",
      "03600541867505",
      "03600542351706",
      "05410103043043",
      "05410103051055",
      "55410103130434"
    ],
    "topCategoryName": "Lichaamsverzorging/Parfumerie",
    "topCategoryId": "591",
    "businessDomain": "NON_FOOD",
    "IsPrivateLabel": false,
    "IsBiffe": false,
    "IsWeightArticle": false,
    "RecentQuanityOfStockUnits": "1",
    "LongName": "GARNIER Belle Color Asblond 4",
    "IsBio": false,
    "AlcoholVolume": "0",
    "CountryOfOrigin": "BELGIË",
    "FicCode": "N",
    "OrderUnit": "P",
    "ShortName": "BELLE COLOR NR 4",
    "IsNew": false
  },
  {
    "productId": "489641",
    "technicalArticleNumber": "4042786",
    "commercialArticleNumber": "378195",
    "name": "Body Soufflé Coconut&Monoi",
    "brand": "NIVEA",
    "seoBrand": "Nivea",
    "thumbNail": "https://static.colruytgroup.com/images/200x200/std.lang.all/17/31/asset-3361731.jpg",
    "fullImage": "https://static.colruytgroup.com/images/500x500/std.lang.all/17/31/asset-3361731.jpg",
    "squareImage": "https://static.colruytgroup.com/images/500x500sq/std.lang.all/17/31/asset-3361731.jpg",
    "content": "200ml",
    "walkRouteSequenceNumber": 15652,
    "price": {
      "basicPrice": 5.79,
      "recommendedQuantity": "1.0",
      "measurementUnitPrice": 28.95,
      "measurementUnit": "L",
      "isRedPrice": false,
      "pricePerUOM": 28.95,
      "activationDate": "14-03-2024",
      "recordSource": "Offline",
      "isPromoActive": "N",
      "priceChangeCode": "E"
    },
    "isAvailable": true,
    "isPriceAvailable": true,
    "inPromo": false,
    "gtin": [
      "00000040063119",
      "04005900629807",
      "04005900629791"
    ],
    "topCategoryName": "Lichaamsverzorging/Parfumerie",
    "topCategoryId": "591",
    "businessDomain": "NON_FOOD",
    "IsPrivateLabel": false,
    "IsBiffe": false,
    "IsWeightArticle": false,
    "RecentQuanityOfStockUnits": "1",
    "LongName": "NIVEA Body Soufflé Coconut&Monoi 200ml",
    "IsBio": false,
    "CountryOfOrigin": "BELGIË",
    "FicCode": "N",
    "OrderUnit": "P",
    "ShortName": "NIV.BODY SOUFFL.COCONUT",
    "IsNew": false
  },
  {
    "productId": "10823",
    "technicalArticleNumber": "1366480",
    "commercialArticleNumber": "23514",
    "name": "deo Fresh Active Roller",
    "description": "*Anti-transpirant\n*Fresh Active:\n48u bescherming",
    "brand": "NIVEA MEN",
    "seoBrand": "Nivea",
    "thumbNail": "https://static.colruytgroup.com/images/200x200/std.lang.all/86/44/asset-1508644.jpg",
    "fullImage": "https://static.colruytgroup.com/images/500x500/std.lang.all/86/44/asset-1508644.jpg",
    "squareImage": "https://static.colruytgroup.com/images/500x500sq/std.lang.all/86/44/asset-1508644.jpg",
    "content": "50ml",
    "walkRouteSequenceNumber": 14657,
    "price": {
      "basicPrice": 2.99,
      "recommendedQuantity": "1.0",
      "quantityPrice": 2.27,
      "quantityPriceQuantity": "3.0",
      "measurementUnitPrice": 59.8,
      "measurementUnitQuantityPrice": 45.4,
      "measurementUnit": "L",
      "isRedPrice": false,
      "pricePerUOM": 59.8,
      "activationDate": "23-03-2024",
      "recordSource": "Offline",
      "isPromoActive": "N",
      "priceChangeCode": "E",
      "quantityPricePerUOM": 45.4,
      "quantityActivationDate": "23-03-2024",
      "quantityPriceChangeCode": "E"
    },
    "isAvailable": true,
    "isPriceAvailable": true,
    "inPromo": false,
    "gtin": [
      "00000042241485",
      "04005900278272",
      "04005900458087",
      "05400141335149",
      "15400141596189",
      "00000042345183"
    ],
    "topCategoryName": "Lichaamsverzorging/Parfumerie",
    "topCategoryId": "591",
    "businessDomain": "RETAIL_BE",
    "IsPrivateLabel": false,
    "IsBiffe": false,
    "WeightconversionFactor": "0",
    "IsWeightArticle": false,
    "IsBio": false,
    "CountryOfOrigin": "DUITSLAND",
    "IsExclusivelySoldInLuxembourg": false,
    "OrderUnit": "P",
    "ShortName": "NIVEA ROLON FRESH MEN50",
    "IsNew": false,
    "RecentQuanityOfStockUnits": "2,1",
    "LongName": "NIVEA MEN deo Fresh Active Roller 50ml",
    "AlcoholVolume": "0",
    "FicCode": "N"
  },
  {
    "productId": "270740",
    "technicalArticleNumber": "3625428",
    "commercialArticleNumber": "346691",
    "name": "Rare Flowers reinigingsdoekjes",
    "description": "*Reinigingsdoekjes\n*Dermo Expertise",
    "brand": "L'OREAL",
    "seoBrand": "L'Oréal Paris",
    "thumbNail": "https://static.colruytgroup.com/images/200x200/std.lang.all/33/74/asset-1563374.jpg",
    "fullImage": "https://static.colruytgroup.com/images/500x500/std.lang.all/33/74/asset-1563374.jpg",
    "squareImage": "https://static.colruytgroup.com/images/500x500sq/std.lang.all/33/74/asset-1563374.jpg",
    "walkRouteSequenceNumber": 15716,
    "price": {
      "basicPrice": 4.99,
      "recommendedQuantity": "1.0",
      "measurementUnitPrice": 0.2,
      "measurementUnit": "S",
      "isRedPrice": false,
      "pricePerUOM": 0.2,
      "activationDate": "13-03-2024",
      "recordSource": "Offline",
      "isPromoActive": "N",
      "priceChangeCode": "E"
    },
    "isAvailable": true,
    "isPriceAvailable": true,
    "inPromo": true,
    "promotion": [
      {
        "techPromoId": "100883COLR",
        "promotionId": "100883",
        "promotionType": "4",
        "isPersonalized": "N",
        "publicationStartDate": "13-03-2024",
        "publicationEndDate": "26-03-2024"
      }
    ],
    "gtin": [
      "03600523477791",
      "03600523477784"
    ],
    "topCategoryName": "Lichaamsverzorging/Parfumerie",
    "topCategoryId": "591",
    "businessDomain": "NON_FOOD",
    "IsPrivateLabel": false,
    "IsBiffe": false,
    "IsWeightArticle": false,
    "RecentQuanityOfStockUnits": "1",
    "LongName": "L'OREAL Rare Flowers reinigingsdoekjes",
    "IsBio": false,
    "CountryOfOrigin": "BELGIË",
    "FicCode": "N",
    "OrderUnit": "P",
    "ShortName": "LOR.RARE FL.DOEKJES",
    "IsNew": false
  },
  {
    "productId": "1045237",
    "technicalArticleNumber": "4798044",
    "commercialArticleNumber": "4088",
    "name": "Maanverband Normal",
    "description": "*Voor urineverlies\n*Medisch hulpmiddel",
    "brand": "ALWAYS DISCREET",
    "seoBrand": "Always Discreet",
    "thumbNail": "https://static.colruytgroup.com/images/200x200/nl_be/88/55/asset-3438855.jpg",
    "fullImage": "https://static.colruytgroup.com/images/500x500/nl_be/88/55/asset-3438855.jpg",
    "squareImage": "https://static.colruytgroup.com/images/500x500sq/nl_be/88/55/asset-3438855.jpg",
    "content": "12st",
    "walkRouteSequenceNumber": 14246,
    "price": {
      "basicPrice": 2.99,
      "recommendedQuantity": "1.0",
      "quantityPrice": 2.32,
      "quantityPriceQuantity": "3.0",
      "measurementUnitPrice": 0.25,
      "measurementUnitQuantityPrice": 0.194,
      "measurementUnit": "S",
      "isRedPrice": false,
      "pricePerUOM": 0.25,
      "activationDate": "23-03-2024",
      "recordSource": "Offline",
      "isPromoActive": "N",
      "priceChangeCode": "L",
      "quantityPricePerUOM": 0.194,
      "quantityActivationDate": "23-03-2024",
      "quantityPriceChangeCode": "E"
    },
    "isAvailable": true,
    "isPriceAvailable": true,
    "inPromo": false,
    "gtin": [
      "35400141562607",
      "08700216252812",
      "08700216252836"
    ],
    "topCategoryName": "Lichaamsverzorging/Parfumerie",
    "topCategoryId": "591",
    "businessDomain": "RETAIL_BE",
    "IsPrivateLabel": false,
    "IsBiffe": false,
    "WeightconversionFactor": "0",
    "IsWeightArticle": false,
    "IsBio": false,
    "CountryOfOrigin": "DUITSLAND",
    "IsExclusivelySoldInLuxembourg": false,
    "OrderUnit": "P",
    "ShortName": "ALWA DIS MVB NORMAL 12S",
    "IsNew": true,
    "RecentQuanityOfStockUnits": "1,2,4",
    "LongName": "ALWAYS DISCREET Maanverband Normal 12st",
    "AlcoholVolume": "0",
    "FicCode": "N"
  },
  {
    "productId": "218284",
    "technicalArticleNumber": "3480821",
    "commercialArticleNumber": "346435",
    "name": "antisept.amandelolie",
    "description": "*Zonder alcohol\n*Met vitamine E",
    "brand": "MERCUROCHROME",
    "seoBrand": "Mercurochrome",
    "thumbNail": "https://static.colruytgroup.com/images/200x200/std.lang.all/63/78/asset-2066378.jpg",
    "fullImage": "https://static.colruytgroup.com/images/500x500/std.lang.all/63/78/asset-2066378.jpg",
    "squareImage": "https://static.colruytgroup.com/images/500x500sq/std.lang.all/63/78/asset-2066378.jpg",
    "content": "100ml",
    "walkRouteSequenceNumber": 14002,
    "price": {
      "basicPrice": 4.69,
      "recommendedQuantity": "1.0",
      "measurementUnitPrice": 46.9,
      "measurementUnit": "L",
      "isRedPrice": false,
      "pricePerUOM": 46.9,
      "activationDate": "23-03-2024",
      "recordSource": "Offline",
      "isPromoActive": "N",
      "priceChangeCode": "H"
    },
    "isAvailable": true,
    "isPriceAvailable": true,
    "inPromo": false,
    "gtin": [
      "23160921503705",
      "23160921503712",
      "03160921503718",
      "03160921503701"
    ],
    "topCategoryName": "Lichaamsverzorging/Parfumerie",
    "topCategoryId": "591",
    "businessDomain": "NON_FOOD",
    "IsPrivateLabel": false,
    "IsBiffe": false,
    "IsWeightArticle": false,
    "RecentQuanityOfStockUnits": "1,1",
    "LongName": "MERCUROCHROME antisept.amandelolie 100ml",
    "IsBio": false,
    "CountryOfOrigin": "BELGIË",
    "FicCode": "N",
    "OrderUnit": "P",
    "ShortName": "MERC.AMANDELOLIE 100ML",
    "IsNew": false
  },
  {
    "productId": "777737",
    "technicalArticleNumber": "4570648",
    "commercialArticleNumber": "19930",
    "name": "douche mango & amandel",
    "description": "*Douchegel\n*Zachte huid\n*Voedende verzorging\n*Gehydrateerde huid\n*Ultrafrisse geur",
    "brand": "DOVE",
    "seoBrand": "Dove",
    "thumbNail": "https://static.colruytgroup.com/images/200x200/std.lang.all/80/20/asset-2848020.jpg",
    "fullImage": "https://static.colruytgroup.com/images/500x500/std.lang.all/80/20/asset-2848020.jpg",
    "squareImage": "https://static.colruytgroup.com/images/500x500sq/std.lang.all/80/20/asset-2848020.jpg",
    "content": "225ml",
    "walkRouteSequenceNumber": 14712,
    "price": {
      "basicPrice": 3.63,
      "recommendedQuantity": "1.0",
      "measurementUnitPrice": 16.14,
      "measurementUnit": "L",
      "isRedPrice": false,
      "pricePerUOM": 16.14,
      "activationDate": "21-03-2024",
      "recordSource": "Folder",
      "isPromoActive": "N",
      "priceChangeCode": "H"
    },
    "isAvailable": true,
    "isPriceAvailable": true,
    "inPromo": true,
    "promotion": [
      {
        "techPromoId": "100897COLR",
        "promotionId": "100897",
        "promotionType": "4",
        "isPersonalized": "N",
        "publicationStartDate": "13-03-2024",
        "publicationEndDate": "26-03-2024"
      }
    ],
    "gtin": [
      "08720181222702",
      "08720181224737",
      "08720181223419",
      "55400141473129"
    ],
    "topCategoryName": "Lichaamsverzorging/Parfumerie",
    "topCategoryId": "591",
    "businessDomain": "RETAIL_BE",
    "IsPrivateLabel": false,
    "IsBiffe": false,
    "WeightconversionFactor": "0",
    "IsWeightArticle": false,
    "IsBio": false,
    "CountryOfOrigin": "DUITSLAND",
    "IsExclusivelySoldInLuxembourg": false,
    "OrderUnit": "P",
    "ShortName": "DOVE DCH MANGO&AMAND225",
    "IsNew": false,
    "RecentQuanityOfStockUnits": "2,1",
    "LongName": "DOVE douche mango & amandel 225ml",
    "FicCode": "N"
  },
  {
    "productId": "231498",
    "technicalArticleNumber": "3563076",
    "commercialArticleNumber": "282400",
    "name": "Magic Retouch bruin",
    "brand": "L'OREAL",
    "seoBrand": "L'Oréal Paris",
    "thumbNail": "https://static.colruytgroup.com/images/200x200/std.lang.all/18/41/asset-3271841.jpg",
    "fullImage": "https://static.colruytgroup.com/images/500x500/std.lang.all/18/41/asset-3271841.jpg",
    "squareImage": "https://static.colruytgroup.com/images/500x500sq/std.lang.all/18/41/asset-3271841.jpg",
    "content": "75ml",
    "price": {
      "basicPrice": 9.99,
      "recommendedQuantity": "1.0",
      "measurementUnitPrice": 9.99,
      "measurementUnit": "S",
      "isRedPrice": false,
      "pricePerUOM": 9.99,
      "activationDate": "11-03-2024",
      "recordSource": "Offline",
      "isPromoActive": "N",
      "priceChangeCode": "H"
    },
    "isAvailable": true,
    "isPriceAvailable": true,
    "inPromo": false,
    "gtin": [
      "03600523193592",
      "03600523193448"
    ],
    "topCategoryName": "Lichaamsverzorging/Parfumerie",
    "topCategoryId": "591",
    "businessDomain": "NON_FOOD",
    "IsPrivateLabel": false,
    "IsBiffe": false,
    "IsWeightArticle": false,
    "RecentQuanityOfStockUnits": "1",
    "LongName": "L'OREAL Magic Retouch bruin 75ml",
    "IsBio": false,
    "CountryOfOrigin": "BELGIË",
    "FicCode": "N",
    "OrderUnit": "P",
    "ShortName": "LOR.MAGIC RE.BRUIN 75ML",
    "IsNew": false
  },
  {
    "productId": "5543",
    "technicalArticleNumber": "346713",
    "commercialArticleNumber": "346713",
    "name": "Univ. waterafstotend",
    "description": "*Snelverband\n*Waterbestendig",
    "brand": "HANSAPLAST",
    "seoBrand": "Hansaplast",
    "thumbNail": "https://static.colruytgroup.com/images/200x200/std.lang.all/75/12/asset-3347512.jpg",
    "fullImage": "https://static.colruytgroup.com/images/500x500/std.lang.all/75/12/asset-3347512.jpg",
    "squareImage": "https://static.colruytgroup.com/images/500x500sq/std.lang.all/75/12/asset-3347512.jpg",
    "content": "2x40st",
    "walkRouteSequenceNumber": 13906,
    "price": {
      "basicPrice": 12.98,
      "recommendedQuantity": "1.0",
      "measurementUnitPrice": 0.163,
      "measurementUnit": "S",
      "isRedPrice": false,
      "pricePerUOM": 0.163,
      "activationDate": "23-02-2024",
      "isPromoActive": "N",
      "priceChangeCode": "E"
    },
    "isAvailable": true,
    "isPriceAvailable": true,
    "inPromo": false,
    "gtin": [
      "04005800099984",
      "04005802244665"
    ],
    "topCategoryName": "Lichaamsverzorging/Parfumerie",
    "topCategoryId": "591",
    "businessDomain": "NON_FOOD",
    "IsPrivateLabel": false,
    "IsBiffe": false,
    "IsWeightArticle": false,
    "RecentQuanityOfStockUnits": "1",
    "LongName": "HANSAPLAST Univ. waterafstotend 2x40st",
    "IsBio": false,
    "CountryOfOrigin": "SPANJE",
    "FicCode": "N",
    "OrderUnit": "P",
    "ShortName": "HSPL.UNIVER.WATER.80ST",
    "IsNew": false
  },
  {
    "productId": "11282",
    "technicalArticleNumber": "1351669",
    "commercialArticleNumber": "605008",
    "name": "vaseline huidzalf",
    "description": "*Huidzalf",
    "brand": "EVILINE",
    "seoBrand": "Eviline",
    "thumbNail": "https://static.colruytgroup.com/images/200x200/std.lang.all/65/88/asset-376588.jpg",
    "fullImage": "https://static.colruytgroup.com/images/500x500/std.lang.all/65/88/asset-376588.jpg",
    "squareImage": "https://static.colruytgroup.com/images/500x500sq/std.lang.all/65/88/asset-376588.jpg",
    "content": "200ml",
    "walkRouteSequenceNumber": 15286,
    "price": {
      "basicPrice": 3.49,
      "recommendedQuantity": "1.0",
      "measurementUnitPrice": 17.45,
      "measurementUnit": "K",
      "isRedPrice": false,
      "pricePerUOM": 17.45,
      "activationDate": "22-03-2024",
      "recordSource": "Offline",
      "isPromoActive": "N",
      "priceChangeCode": "H"
    },
    "isAvailable": true,
    "isPriceAvailable": true,
    "inPromo": false,
    "gtin": [
      "05412466998183",
      "05412466100180",
      "05412466998145",
      "05412466100142"
    ],
    "topCategoryName": "Lichaamsverzorging/Parfumerie",
    "topCategoryId": "591",
    "businessDomain": "NON_FOOD",
    "IsPrivateLabel": false,
    "IsBiffe": false,
    "IsWeightArticle": false,
    "RecentQuanityOfStockUnits": "1",
    "LongName": "EVILINE vaseline huidzalf 200ml",
    "IsBio": false,
    "CountryOfOrigin": "BELGIË",
    "FicCode": "N",
    "OrderUnit": "P",
    "ShortName": "VASELINE 200 GR",
    "IsNew": false
  },
  {
    "productId": "214543",
    "technicalArticleNumber": "3478157",
    "commercialArticleNumber": "346112",
    "name": "Revitalift serum",
    "description": "*Revitalift serum\n*30 ml\n*Anti-veroudering",
    "brand": "L'OREAL",
    "seoBrand": "L'Oréal Paris",
    "thumbNail": "https://static.colruytgroup.com/images/200x200/nl_be/87/18/asset-878718.jpg",
    "fullImage": "https://static.colruytgroup.com/images/500x500/nl_be/87/18/asset-878718.jpg",
    "squareImage": "https://static.colruytgroup.com/images/500x500sq/nl_be/87/18/asset-878718.jpg",
    "content": "30ml",
    "walkRouteSequenceNumber": 15241,
    "price": {
      "basicPrice": 12.25,
      "recommendedQuantity": "1.0",
      "measurementUnitPrice": 408.34,
      "measurementUnit": "L",
      "isRedPrice": false,
      "pricePerUOM": 408.34,
      "activationDate": "21-03-2024",
      "recordSource": "Folder",
      "isPromoActive": "N",
      "priceChangeCode": "L"
    },
    "isAvailable": true,
    "isPriceAvailable": true,
    "inPromo": true,
    "promotion": [
      {
        "techPromoId": "100883COLR",
        "promotionId": "100883",
        "promotionType": "4",
        "isPersonalized": "N",
        "publicationStartDate": "13-03-2024",
        "publicationEndDate": "26-03-2024"
      }
    ],
    "gtin": [
      "03600523279418",
      "03600523279326"
    ],
    "topCategoryName": "Lichaamsverzorging/Parfumerie",
    "topCategoryId": "591",
    "businessDomain": "NON_FOOD",
    "IsPrivateLabel": false,
    "IsBiffe": false,
    "IsWeightArticle": false,
    "RecentQuanityOfStockUnits": "1",
    "LongName": "L'OREAL Revitalift serum 30ml",
    "IsBio": false,
    "CountryOfOrigin": "BELGIË",
    "FicCode": "N",
    "OrderUnit": "P",
    "ShortName": "LOR.REVITAL.SERUM 30ML",
    "IsNew": false
  },
  {
    "productId": "847897",
    "technicalArticleNumber": "4694699",
    "commercialArticleNumber": "23675",
    "name": "Fusion 5 apparaat +3 mesjes",
    "description": "*+3 5-voudig mesje\nmet precisiemesje",
    "brand": "GILLETTE",
    "seoBrand": "Gillette",
    "thumbNail": "https://static.colruytgroup.com/images/200x200/std.lang.all/30/95/asset-3193095.jpg",
    "fullImage": "https://static.colruytgroup.com/images/500x500/std.lang.all/30/95/asset-3193095.jpg",
    "squareImage": "https://static.colruytgroup.com/images/500x500sq/std.lang.all/30/95/asset-3193095.jpg",
    "walkRouteSequenceNumber": 18180,
    "price": {
      "basicPrice": 22.99,
      "recommendedQuantity": "1.0",
      "measurementUnitPrice": 22.99,
      "measurementUnit": "S",
      "isRedPrice": false,
      "pricePerUOM": 22.99,
      "activationDate": "20-03-2024",
      "recordSource": "Offline",
      "isPromoActive": "N",
      "priceChangeCode": "L"
    },
    "isAvailable": true,
    "isPriceAvailable": true,
    "inPromo": false,
    "gtin": [
      "08001090421241",
      "08001090421258"
    ],
    "topCategoryName": "Lichaamsverzorging/Parfumerie",
    "topCategoryId": "591",
    "businessDomain": "RETAIL_BE",
    "IsPrivateLabel": false,
    "IsBiffe": false,
    "WeightconversionFactor": "0",
    "IsWeightArticle": false,
    "IsBio": false,
    "CountryOfOrigin": "POLEN",
    "IsExclusivelySoldInLuxembourg": false,
    "OrderUnit": "P",
    "ShortName": "GILL FUS.5 APP.+3MES",
    "IsNew": false,
    "RecentQuanityOfStockUnits": "1",
    "LongName": "GILLETTE Fusion 5 apparaat +3 mesjes",
    "FicCode": "N"
  },
  {
    "productId": "17261",
    "technicalArticleNumber": "1730787",
    "commercialArticleNumber": "720123",
    "name": "Casting Crème Gloss bruin 500",
    "brand": "L'OREAL",
    "seoBrand": "L'Oréal Paris",
    "thumbNail": "https://static.colruytgroup.com/images/200x200/std.lang.all/19/00/asset-3271900.jpg",
    "fullImage": "https://static.colruytgroup.com/images/500x500/std.lang.all/19/00/asset-3271900.jpg",
    "squareImage": "https://static.colruytgroup.com/images/500x500sq/std.lang.all/19/00/asset-3271900.jpg",
    "walkRouteSequenceNumber": 15449,
    "price": {
      "basicPrice": 9,
      "recommendedQuantity": "1.0",
      "measurementUnitPrice": 9,
      "measurementUnit": "S",
      "isRedPrice": false,
      "pricePerUOM": 9,
      "activationDate": "23-03-2024",
      "recordSource": "Folder",
      "isPromoActive": "N",
      "priceChangeCode": "E"
    },
    "isAvailable": true,
    "isPriceAvailable": true,
    "inPromo": false,
    "gtin": [
      "03600520985145",
      "03600520985404",
      "03600523836550",
      "03600520985664"
    ],
    "topCategoryName": "Lichaamsverzorging/Parfumerie",
    "topCategoryId": "591",
    "businessDomain": "NON_FOOD",
    "IsPrivateLabel": false,
    "IsBiffe": false,
    "IsWeightArticle": false,
    "RecentQuanityOfStockUnits": "1",
    "LongName": "L'OREAL Casting Crème Gloss bruin 500",
    "IsBio": false,
    "CountryOfOrigin": "BELGIË",
    "FicCode": "N",
    "OrderUnit": "P",
    "ShortName": "CASTING CREME 500 CHATA",
    "IsNew": false
  },
  {
    "productId": "130531",
    "technicalArticleNumber": "3253342",
    "commercialArticleNumber": "282813",
    "name": "Lash Sensational zwart",
    "brand": "MAYBELLINE",
    "seoBrand": "Maybelline",
    "thumbNail": "https://static.colruytgroup.com/images/200x200/std.lang.all/42/49/asset-574249.jpg",
    "fullImage": "https://static.colruytgroup.com/images/500x500/std.lang.all/42/49/asset-574249.jpg",
    "squareImage": "https://static.colruytgroup.com/images/500x500sq/std.lang.all/42/49/asset-574249.jpg",
    "walkRouteSequenceNumber": 15777,
    "price": {
      "basicPrice": 11.99,
      "recommendedQuantity": "1.0",
      "measurementUnitPrice": 11.99,
      "measurementUnit": "S",
      "isRedPrice": false,
      "pricePerUOM": 11.99,
      "activationDate": "15-03-2024",
      "recordSource": "Offline",
      "isPromoActive": "N",
      "priceChangeCode": "E"
    },
    "isAvailable": true,
    "isPriceAvailable": true,
    "inPromo": false,
    "gtin": [
      "75410103102909",
      "03600531143619",
      "03600531144210",
      "03600531144203"
    ],
    "topCategoryName": "Lichaamsverzorging/Parfumerie",
    "topCategoryId": "591",
    "businessDomain": "NON_FOOD",
    "IsPrivateLabel": false,
    "IsBiffe": false,
    "IsWeightArticle": false,
    "RecentQuanityOfStockUnits": "1",
    "LongName": "MAYBELLINE Lash Sensational zwart",
    "IsBio": false,
    "CountryOfOrigin": "BELGIË",
    "FicCode": "N",
    "OrderUnit": "P",
    "ShortName": "MAYB.MASCARA LASH SENS",
    "IsNew": false
  },
  {
    "productId": "264813",
    "technicalArticleNumber": "3596090",
    "commercialArticleNumber": "346662",
    "name": "Essentials Purifying Strips",
    "brand": "DIADERMINE",
    "seoBrand": "Diadermine",
    "thumbNail": "https://static.colruytgroup.com/images/200x200/std.lang.all/34/65/asset-2823465.jpg",
    "fullImage": "https://static.colruytgroup.com/images/500x500/std.lang.all/34/65/asset-2823465.jpg",
    "squareImage": "https://static.colruytgroup.com/images/500x500sq/std.lang.all/34/65/asset-2823465.jpg",
    "walkRouteSequenceNumber": 15563,
    "price": {
      "basicPrice": 6.09,
      "recommendedQuantity": "1.0",
      "measurementUnitPrice": 6.09,
      "measurementUnit": "S",
      "isRedPrice": false,
      "pricePerUOM": 6.09,
      "activationDate": "15-03-2024",
      "recordSource": "Offline",
      "isPromoActive": "N",
      "priceChangeCode": "L"
    },
    "isAvailable": true,
    "isPriceAvailable": true,
    "inPromo": false,
    "gtin": [
      "05412530852892",
      "05410091730000",
      "03178041153874",
      "03178040202719",
      "05412530907295",
      "05412530868640",
      "03178041467599",
      "03178040713987",
      "05412530852908"
    ],
    "topCategoryName": "Lichaamsverzorging/Parfumerie",
    "topCategoryId": "591",
    "businessDomain": "NON_FOOD",
    "IsPrivateLabel": false,
    "IsBiffe": false,
    "IsWeightArticle": false,
    "RecentQuanityOfStockUnits": "1",
    "LongName": "DIADERMINE Essentials Purifying Strips",
    "IsBio": false,
    "CountryOfOrigin": "BELGIË",
    "FicCode": "N",
    "OrderUnit": "P",
    "ShortName": "DIAD.ESS.PURIF.STRIPS",
    "IsNew": false
  },
  {
    "productId": "15242",
    "technicalArticleNumber": "1579476",
    "commercialArticleNumber": "654584",
    "name": "oogmake-upreiniger",
    "description": "*Oogmake-up reiniger\n*Met lotion",
    "brand": "DEMAK'UP",
    "seoBrand": "Demak'Up",
    "thumbNail": "https://static.colruytgroup.com/images/200x200/std.lang.all/48/52/asset-2354852.jpg",
    "fullImage": "https://static.colruytgroup.com/images/500x500/std.lang.all/48/52/asset-2354852.jpg",
    "squareImage": "https://static.colruytgroup.com/images/500x500sq/std.lang.all/48/52/asset-2354852.jpg",
    "content": "30st",
    "walkRouteSequenceNumber": 15714,
    "price": {
      "basicPrice": 3.99,
      "recommendedQuantity": "1.0",
      "measurementUnitPrice": 0.133,
      "measurementUnit": "S",
      "isRedPrice": false,
      "pricePerUOM": 0.133,
      "activationDate": "12-03-2024",
      "recordSource": "Offline",
      "isPromoActive": "N",
      "priceChangeCode": "H"
    },
    "isAvailable": true,
    "isPriceAvailable": true,
    "inPromo": false,
    "gtin": [
      "03133200001281",
      "03133200001298"
    ],
    "topCategoryName": "Lichaamsverzorging/Parfumerie",
    "topCategoryId": "591",
    "businessDomain": "NON_FOOD",
    "IsPrivateLabel": false,
    "IsBiffe": false,
    "IsWeightArticle": false,
    "RecentQuanityOfStockUnits": "1",
    "LongName": "DEMAK'UP oogmake-upreiniger 30st",
    "IsBio": false,
    "AlcoholVolume": "0",
    "CountryOfOrigin": "BELGIË",
    "FicCode": "N",
    "OrderUnit": "P",
    "ShortName": "DEMAK-UP REINIGER 30S",
    "IsNew": false
  },
  {
    "productId": "157154",
    "technicalArticleNumber": "3267475",
    "commercialArticleNumber": "282844",
    "name": "hydra. reiniging",
    "description": "*Reiningingsdoekjes\n*Hydraterende melk",
    "brand": "DIADERMINE",
    "seoBrand": "Diadermine",
    "thumbNail": "https://static.colruytgroup.com/images/200x200/std.lang.all/42/61/asset-2824261.jpg",
    "fullImage": "https://static.colruytgroup.com/images/500x500/std.lang.all/42/61/asset-2824261.jpg",
    "squareImage": "https://static.colruytgroup.com/images/500x500sq/std.lang.all/42/61/asset-2824261.jpg",
    "content": "40st",
    "walkRouteSequenceNumber": 15717,
    "price": {
      "basicPrice": 4.99,
      "recommendedQuantity": "1.0",
      "measurementUnitPrice": 0.125,
      "measurementUnit": "S",
      "isRedPrice": false,
      "pricePerUOM": 0.125,
      "activationDate": "11-03-2024",
      "recordSource": "Offline",
      "isPromoActive": "N",
      "priceChangeCode": "E"
    },
    "isAvailable": true,
    "isPriceAvailable": true,
    "inPromo": false,
    "gtin": [
      "08410436125024",
      "54125308364034",
      "05412530887108",
      "05412530887092",
      "05412530850430",
      "05412530850423",
      "05412530836403",
      "05410091720568",
      "05410091728847",
      "08410436385275",
      "08410436125031"
    ],
    "topCategoryName": "Lichaamsverzorging/Parfumerie",
    "topCategoryId": "591",
    "businessDomain": "NON_FOOD",
    "IsPrivateLabel": false,
    "IsBiffe": false,
    "IsWeightArticle": false,
    "RecentQuanityOfStockUnits": "1",
    "LongName": "DIADERMINE hydra. reiniging 40st",
    "IsBio": false,
    "CountryOfOrigin": "BELGIË",
    "FicCode": "N",
    "OrderUnit": "P",
    "ShortName": "DIAD.DOEKJES MAXI 40ST",
    "IsNew": false
  },
  {
    "productId": "847196",
    "technicalArticleNumber": "4693541",
    "commercialArticleNumber": "16786",
    "name": "mach 3",
    "description": "*Navulling voor\nMach3\napparaten\n*16 Stuks",
    "brand": "GILLETTE",
    "seoBrand": "Gillette",
    "thumbNail": "https://static.colruytgroup.com/images/200x200/std.lang.all/69/93/asset-3166993.jpg",
    "fullImage": "https://static.colruytgroup.com/images/500x500/std.lang.all/69/93/asset-3166993.jpg",
    "squareImage": "https://static.colruytgroup.com/images/500x500sq/std.lang.all/69/93/asset-3166993.jpg",
    "content": "16st",
    "walkRouteSequenceNumber": 18173,
    "price": {
      "basicPrice": 30,
      "recommendedQuantity": "1.0",
      "measurementUnitPrice": 1.88,
      "measurementUnit": "S",
      "isRedPrice": false,
      "pricePerUOM": 1.88,
      "activationDate": "23-03-2024",
      "recordSource": "Folder",
      "isPromoActive": "N",
      "priceChangeCode": "E"
    },
    "isAvailable": true,
    "isPriceAvailable": true,
    "inPromo": false,
    "gtin": [
      "08001090821966",
      "08001090821959"
    ],
    "topCategoryName": "Lichaamsverzorging/Parfumerie",
    "topCategoryId": "591",
    "businessDomain": "RETAIL_BE",
    "IsPrivateLabel": false,
    "IsBiffe": false,
    "WeightconversionFactor": "0",
    "IsWeightArticle": false,
    "IsBio": false,
    "CountryOfOrigin": "POLEN",
    "IsExclusivelySoldInLuxembourg": false,
    "OrderUnit": "P",
    "ShortName": "GILL MACH3 16ST",
    "IsNew": false,
    "RecentQuanityOfStockUnits": "1",
    "LongName": "GILLETTE mach 3 16st",
    "FicCode": "N"
  },
  {
    "productId": "221642",
    "technicalArticleNumber": "3491611",
    "commercialArticleNumber": "346451",
    "name": "Casting Crème donker blond 600",
    "brand": "L'OREAL",
    "seoBrand": "L'Oréal Paris",
    "thumbNail": "https://static.colruytgroup.com/images/200x200/std.lang.all/20/60/asset-3272060.jpg",
    "fullImage": "https://static.colruytgroup.com/images/500x500/std.lang.all/20/60/asset-3272060.jpg",
    "squareImage": "https://static.colruytgroup.com/images/500x500sq/std.lang.all/20/60/asset-3272060.jpg",
    "walkRouteSequenceNumber": 15434,
    "price": {
      "basicPrice": 9,
      "recommendedQuantity": "1.0",
      "measurementUnitPrice": 9,
      "measurementUnit": "S",
      "isRedPrice": false,
      "pricePerUOM": 9,
      "activationDate": "23-03-2024",
      "recordSource": "Folder",
      "isPromoActive": "N",
      "priceChangeCode": "E"
    },
    "isAvailable": true,
    "isPriceAvailable": true,
    "inPromo": false,
    "gtin": [
      "03600520985206",
      "03600520985466",
      "03600520985725",
      "03600523835683"
    ],
    "topCategoryName": "Lichaamsverzorging/Parfumerie",
    "topCategoryId": "591",
    "businessDomain": "NON_FOOD",
    "IsPrivateLabel": false,
    "IsBiffe": false,
    "IsWeightArticle": false,
    "RecentQuanityOfStockUnits": "1",
    "LongName": "L'OREAL Casting Crème donker blond 600",
    "IsBio": false,
    "CountryOfOrigin": "BELGIË",
    "FicCode": "N",
    "OrderUnit": "P",
    "ShortName": "CASTING CREME NR 600",
    "IsNew": false
  },
  {
    "productId": "6208",
    "technicalArticleNumber": "308195",
    "commercialArticleNumber": "308195",
    "name": "Belle Color licht goudbruin 21",
    "brand": "GARNIER",
    "seoBrand": "Garnier Belle Color",
    "thumbNail": "https://static.colruytgroup.com/images/200x200/std.lang.all/17/20/asset-3271720.jpg",
    "fullImage": "https://static.colruytgroup.com/images/500x500/std.lang.all/17/20/asset-3271720.jpg",
    "squareImage": "https://static.colruytgroup.com/images/500x500sq/std.lang.all/17/20/asset-3271720.jpg",
    "price": {
      "basicPrice": 5.24,
      "recommendedQuantity": "1.0",
      "measurementUnitPrice": 5.24,
      "measurementUnit": "S",
      "isRedPrice": false,
      "pricePerUOM": 5.24,
      "activationDate": "23-03-2024",
      "recordSource": "Folder",
      "isPromoActive": "N",
      "priceChangeCode": "L"
    },
    "isAvailable": true,
    "isPriceAvailable": true,
    "inPromo": false,
    "gtin": [
      "03600540057457",
      "03600540480767",
      "03600541867017",
      "03600541867024",
      "03600542351409",
      "05410103043081",
      "45410103043089"
    ],
    "topCategoryName": "Lichaamsverzorging/Parfumerie",
    "topCategoryId": "591",
    "businessDomain": "NON_FOOD",
    "IsPrivateLabel": false,
    "IsBiffe": false,
    "IsWeightArticle": false,
    "RecentQuanityOfStockUnits": "1",
    "LongName": "GARNIER Belle Color licht goudbruin 21",
    "IsBio": false,
    "AlcoholVolume": "0",
    "CountryOfOrigin": "BELGIË",
    "FicCode": "N",
    "OrderUnit": "P",
    "ShortName": "BELLE COLOR NR 21",
    "IsNew": false
  },
  {
    "productId": "129196",
    "technicalArticleNumber": "3236664",
    "commercialArticleNumber": "282778",
    "name": "condooms Extra Safe",
    "brand": "DUREX",
    "seoBrand": "Durex",
    "thumbNail": "https://static.colruytgroup.com/images/200x200/std.lang.all/76/52/asset-397652.jpg",
    "fullImage": "https://static.colruytgroup.com/images/500x500/std.lang.all/76/52/asset-397652.jpg",
    "squareImage": "https://static.colruytgroup.com/images/500x500sq/std.lang.all/76/52/asset-397652.jpg",
    "content": "12st",
    "walkRouteSequenceNumber": 14599,
    "price": {
      "basicPrice": 12.89,
      "recommendedQuantity": "1.0",
      "measurementUnitPrice": 1.08,
      "measurementUnit": "S",
      "isRedPrice": false,
      "pricePerUOM": 1.08,
      "activationDate": "15-03-2024",
      "recordSource": "Online",
      "isPromoActive": "N",
      "priceChangeCode": "E"
    },
    "isAvailable": true,
    "isPriceAvailable": true,
    "inPromo": false,
    "gtin": [
      "05038483683477",
      "05038483683484",
      "05010232967465"
    ],
    "topCategoryName": "Lichaamsverzorging/Parfumerie",
    "topCategoryId": "591",
    "businessDomain": "NON_FOOD",
    "IsPrivateLabel": false,
    "IsBiffe": false,
    "IsWeightArticle": false,
    "RecentQuanityOfStockUnits": "1",
    "LongName": "DUREX condooms Extra Safe 12st",
    "IsBio": false,
    "CountryOfOrigin": "BELGIË",
    "FicCode": "N",
    "OrderUnit": "P",
    "ShortName": "DUREX EXTRA SAFE 12ST",
    "IsNew": false
  },
  {
    "productId": "6203",
    "technicalArticleNumber": "308189",
    "commercialArticleNumber": "308189",
    "name": "Belle Color Blond 2",
    "description": "KLEUR : 02 - BLOND.",
    "brand": "GARNIER",
    "seoBrand": "Garnier Belle Color",
    "thumbNail": "https://static.colruytgroup.com/images/200x200/std.lang.all/82/75/asset-338275.jpg",
    "fullImage": "https://static.colruytgroup.com/images/500x500/std.lang.all/82/75/asset-338275.jpg",
    "squareImage": "https://static.colruytgroup.com/images/500x500sq/std.lang.all/82/75/asset-338275.jpg",
    "walkRouteSequenceNumber": 15420,
    "price": {
      "basicPrice": 5.24,
      "recommendedQuantity": "1.0",
      "measurementUnitPrice": 5.24,
      "measurementUnit": "S",
      "isRedPrice": false,
      "pricePerUOM": 5.24,
      "activationDate": "23-03-2024",
      "recordSource": "Folder",
      "isPromoActive": "N",
      "priceChangeCode": "L"
    },
    "isAvailable": true,
    "isPriceAvailable": true,
    "inPromo": false,
    "gtin": [
      "03600540057365",
      "03600540480682",
      "03600541866737",
      "03600541866744",
      "03600542351195",
      "05410103043036",
      "05410103051086",
      "55410103130465"
    ],
    "topCategoryName": "Lichaamsverzorging/Parfumerie",
    "topCategoryId": "591",
    "businessDomain": "NON_FOOD",
    "IsPrivateLabel": false,
    "IsBiffe": false,
    "IsWeightArticle": false,
    "RecentQuanityOfStockUnits": "1",
    "LongName": "GARNIER Belle Color Blond 2",
    "IsBio": false,
    "AlcoholVolume": "0",
    "CountryOfOrigin": "BELGIË",
    "FicCode": "N",
    "OrderUnit": "P",
    "ShortName": "BELLE COLOR NR 2",
    "IsNew": false
  },
  {
    "productId": "847893",
    "technicalArticleNumber": "4694694",
    "commercialArticleNumber": "23527",
    "name": "app man. fus.prog.flexball",
    "brand": "GILLETTE",
    "seoBrand": "Gillette Fusion Proglide Fusion5",
    "thumbNail": "https://static.colruytgroup.com/images/200x200/std.lang.all/17/98/asset-3161798.jpg",
    "fullImage": "https://static.colruytgroup.com/images/500x500/std.lang.all/17/98/asset-3161798.jpg",
    "squareImage": "https://static.colruytgroup.com/images/500x500sq/std.lang.all/17/98/asset-3161798.jpg",
    "walkRouteSequenceNumber": 15050,
    "price": {
      "basicPrice": 19.49,
      "recommendedQuantity": "1.0",
      "quantityPrice": 12.99,
      "quantityPriceQuantity": "3.0",
      "measurementUnitPrice": 19.49,
      "measurementUnitQuantityPrice": 12.99,
      "measurementUnit": "S",
      "isRedPrice": false,
      "pricePerUOM": 19.49,
      "activationDate": "23-03-2024",
      "recordSource": "Offline",
      "isPromoActive": "N",
      "priceChangeCode": "E",
      "quantityPricePerUOM": 12.99,
      "quantityActivationDate": "23-03-2024",
      "quantityPriceChangeCode": "E"
    },
    "isAvailable": true,
    "isPriceAvailable": true,
    "inPromo": false,
    "gtin": [
      "08001090446404",
      "08001090446367"
    ],
    "topCategoryName": "Lichaamsverzorging/Parfumerie",
    "topCategoryId": "591",
    "businessDomain": "RETAIL_BE",
    "IsPrivateLabel": false,
    "IsBiffe": false,
    "WeightconversionFactor": "0",
    "IsWeightArticle": false,
    "IsBio": false,
    "CountryOfOrigin": "POLEN",
    "IsExclusivelySoldInLuxembourg": false,
    "OrderUnit": "P",
    "ShortName": "GILL FUS5 PROGL.APP+MES",
    "IsNew": false,
    "RecentQuanityOfStockUnits": "1",
    "LongName": "GILLETTE app man. fus.prog.flexball",
    "AlcoholVolume": "0",
    "FicCode": "N"
  },
  {
    "productId": "110730",
    "technicalArticleNumber": "3113699",
    "commercialArticleNumber": "43936",
    "name": "No-Touch zeepverdeler + vulling",
    "description": "*Parfum:\n-Inox: Aloë Vera",
    "brand": "DETTOL",
    "seoBrand": "Dettol",
    "thumbNail": "https://static.colruytgroup.com/images/200x200/std.lang.all/29/33/asset-3212933.jpg",
    "fullImage": "https://static.colruytgroup.com/images/500x500/std.lang.all/29/33/asset-3212933.jpg",
    "squareImage": "https://static.colruytgroup.com/images/500x500sq/std.lang.all/29/33/asset-3212933.jpg",
    "walkRouteSequenceNumber": 15067,
    "price": {
      "basicPrice": 12.49,
      "recommendedQuantity": "1.0",
      "measurementUnitPrice": 49.96,
      "measurementUnit": "L",
      "isRedPrice": false,
      "pricePerUOM": 49.96,
      "activationDate": "16-03-2024",
      "recordSource": "Offline",
      "isPromoActive": "N",
      "priceChangeCode": "H"
    },
    "isAvailable": true,
    "isPriceAvailable": true,
    "inPromo": false,
    "gtin": [
      "05400141439366",
      "08710552285139",
      "15410036205928",
      "08710552580425",
      "05410036303238",
      "03059947000953",
      "23059947000957",
      "05410036303221",
      "15410036205904"
    ],
    "topCategoryName": "Lichaamsverzorging/Parfumerie",
    "topCategoryId": "591",
    "businessDomain": "RETAIL_BE",
    "IsPrivateLabel": false,
    "IsBiffe": false,
    "WeightconversionFactor": "0",
    "IsWeightArticle": false,
    "IsBio": false,
    "CountryOfOrigin": "HONGARIJE",
    "IsExclusivelySoldInLuxembourg": false,
    "OrderUnit": "P",
    "ShortName": "DETT.NO TCH APP+VUL",
    "InSeason": true,
    "IsNew": false,
    "RecentQuanityOfStockUnits": "1,1",
    "LongName": "DETTOL No-Touch zeepverdeler + vulling",
    "AlcoholVolume": "0",
    "StartSeasonDate": "26/10/2017",
    "FicCode": "N"
  },
  {
    "productId": "6213",
    "technicalArticleNumber": "308203",
    "commercialArticleNumber": "308203",
    "name": "Belle Color zwart 80",
    "description": "KLEUR : 80 - ZWART",
    "brand": "GARNIER",
    "seoBrand": "Garnier Belle Color",
    "thumbNail": "https://static.colruytgroup.com/images/200x200/std.lang.all/17/92/asset-3271792.jpg",
    "fullImage": "https://static.colruytgroup.com/images/500x500/std.lang.all/17/92/asset-3271792.jpg",
    "squareImage": "https://static.colruytgroup.com/images/500x500sq/std.lang.all/17/92/asset-3271792.jpg",
    "price": {
      "basicPrice": 5.24,
      "recommendedQuantity": "1.0",
      "measurementUnitPrice": 5.24,
      "measurementUnit": "S",
      "isRedPrice": false,
      "pricePerUOM": 5.24,
      "activationDate": "23-03-2024",
      "recordSource": "Folder",
      "isPromoActive": "N",
      "priceChangeCode": "L"
    },
    "isAvailable": true,
    "isPriceAvailable": true,
    "inPromo": false,
    "gtin": [
      "05410103043135",
      "05410103051192",
      "45410103043133",
      "55410103130571",
      "03600540057600",
      "03600540480873",
      "03600541867291",
      "03600541867307",
      "03600542351584"
    ],
    "topCategoryName": "Lichaamsverzorging/Parfumerie",
    "topCategoryId": "591",
    "businessDomain": "NON_FOOD",
    "IsPrivateLabel": false,
    "IsBiffe": false,
    "IsWeightArticle": false,
    "RecentQuanityOfStockUnits": "1",
    "LongName": "GARNIER Belle Color zwart 80",
    "IsBio": false,
    "AlcoholVolume": "0",
    "CountryOfOrigin": "BELGIË",
    "FicCode": "N",
    "OrderUnit": "P",
    "ShortName": "BELLE COLOR NR 80",
    "IsNew": false
  },
  {
    "productId": "346498",
    "technicalArticleNumber": "3820538",
    "commercialArticleNumber": "346973",
    "name": "Fresh Step deodorant spray",
    "brand": "SCHOLL",
    "seoBrand": "Scholl",
    "thumbNail": "https://static.colruytgroup.com/images/200x200/std.lang.all/54/32/asset-1685432.jpg",
    "fullImage": "https://static.colruytgroup.com/images/500x500/std.lang.all/54/32/asset-1685432.jpg",
    "squareImage": "https://static.colruytgroup.com/images/500x500sq/std.lang.all/54/32/asset-1685432.jpg",
    "content": "150ml",
    "walkRouteSequenceNumber": 14085,
    "price": {
      "basicPrice": 5.99,
      "recommendedQuantity": "1.0",
      "measurementUnitPrice": 39.94,
      "measurementUnit": "L",
      "isRedPrice": false,
      "pricePerUOM": 39.94,
      "activationDate": "23-03-2024",
      "recordSource": "Folder",
      "isPromoActive": "N",
      "priceChangeCode": "E"
    },
    "isAvailable": true,
    "isPriceAvailable": true,
    "inPromo": false,
    "gtin": [
      "05052197013498",
      "05052197013481",
      "05052197013504"
    ],
    "topCategoryName": "Lichaamsverzorging/Parfumerie",
    "topCategoryId": "591",
    "businessDomain": "NON_FOOD",
    "IsPrivateLabel": false,
    "IsBiffe": false,
    "IsWeightArticle": false,
    "RecentQuanityOfStockUnits": "1",
    "LongName": "SCHOLL Fresh Step deodorant spray 150ml",
    "IsBio": false,
    "AlcoholVolume": "0",
    "CountryOfOrigin": "BELGIË",
    "FicCode": "N",
    "OrderUnit": "P",
    "ShortName": "SCHOLL FRESH DEO SPRAY",
    "IsNew": false
  },
  {
    "productId": "16116",
    "technicalArticleNumber": "1426307",
    "commercialArticleNumber": "605630",
    "name": "eau de toilette",
    "brand": "VANDERBILT",
    "seoBrand": "Gloria Vanderbilt",
    "thumbNail": "https://static.colruytgroup.com/images/200x200/std.lang.all/20/48/asset-392048.jpg",
    "fullImage": "https://static.colruytgroup.com/images/500x500/std.lang.all/20/48/asset-392048.jpg",
    "squareImage": "https://static.colruytgroup.com/images/500x500sq/std.lang.all/20/48/asset-392048.jpg",
    "content": "100ml",
    "walkRouteSequenceNumber": 15166,
    "price": {
      "basicPrice": 7.95,
      "recommendedQuantity": "1.0",
      "measurementUnitPrice": 79.5,
      "measurementUnit": "L",
      "isRedPrice": false,
      "pricePerUOM": 79.5,
      "activationDate": "05-03-2024",
      "recordSource": "Offline",
      "isPromoActive": "N",
      "priceChangeCode": "L"
    },
    "isAvailable": true,
    "isPriceAvailable": true,
    "inPromo": false,
    "gtin": [
      "03600550670035",
      "03600550012408",
      "03357554720012"
    ],
    "topCategoryName": "Lichaamsverzorging/Parfumerie",
    "topCategoryId": "591",
    "businessDomain": "NON_FOOD",
    "IsPrivateLabel": false,
    "IsBiffe": false,
    "IsWeightArticle": false,
    "RecentQuanityOfStockUnits": "1",
    "LongName": "VANDERBILT eau de toilette 100ml",
    "IsBio": false,
    "CountryOfOrigin": "NEDERLAND",
    "FicCode": "N",
    "OrderUnit": "P",
    "ShortName": "VANDERBILT EDT 100ML",
    "IsNew": false
  },
  {
    "productId": "303058",
    "technicalArticleNumber": "3711071",
    "commercialArticleNumber": "346371",
    "name": "Love condooms",
    "brand": "DUREX",
    "seoBrand": "Durex",
    "thumbNail": "https://static.colruytgroup.com/images/200x200/std.lang.all/60/62/asset-1556062.jpg",
    "fullImage": "https://static.colruytgroup.com/images/500x500/std.lang.all/60/62/asset-1556062.jpg",
    "squareImage": "https://static.colruytgroup.com/images/500x500sq/std.lang.all/60/62/asset-1556062.jpg",
    "content": "6st",
    "walkRouteSequenceNumber": 14601,
    "price": {
      "basicPrice": 5.68,
      "recommendedQuantity": "1.0",
      "measurementUnitPrice": 0.95,
      "measurementUnit": "S",
      "isRedPrice": false,
      "pricePerUOM": 0.95,
      "activationDate": "29-02-2024",
      "recordSource": "Online",
      "isPromoActive": "N",
      "priceChangeCode": "L"
    },
    "isAvailable": true,
    "isPriceAvailable": true,
    "inPromo": false,
    "gtin": [
      "05038483587560",
      "05038483225400",
      "05038483587577"
    ],
    "topCategoryName": "Lichaamsverzorging/Parfumerie",
    "topCategoryId": "591",
    "businessDomain": "NON_FOOD",
    "IsPrivateLabel": false,
    "IsBiffe": false,
    "IsWeightArticle": false,
    "RecentQuanityOfStockUnits": "1",
    "LongName": "DUREX Love condooms 6st",
    "IsBio": false,
    "CountryOfOrigin": "BELGIË",
    "FicCode": "N",
    "OrderUnit": "P",
    "ShortName": "DUREX LOVE 6 CONDOOMS",
    "IsNew": false
  },
  {
    "productId": "709778",
    "technicalArticleNumber": "4450047",
    "commercialArticleNumber": "26420",
    "name": "Hydro 5 skin protection",
    "description": "*Navulling met\n5-voudig mesje,\nvoor alle Hydro\napparaten\n*8 stuks",
    "brand": "WILKINSON",
    "seoBrand": "Wilkinson Sword",
    "thumbNail": "https://static.colruytgroup.com/images/200x200/std.lang.all/36/16/asset-2453616.jpg",
    "fullImage": "https://static.colruytgroup.com/images/500x500/std.lang.all/36/16/asset-2453616.jpg",
    "squareImage": "https://static.colruytgroup.com/images/500x500sq/std.lang.all/36/16/asset-2453616.jpg",
    "content": "8st",
    "walkRouteSequenceNumber": 18196,
    "price": {
      "basicPrice": 31.34,
      "recommendedQuantity": "1.0",
      "measurementUnitPrice": 3.92,
      "measurementUnit": "S",
      "isRedPrice": false,
      "pricePerUOM": 3.92,
      "activationDate": "20-03-2024",
      "recordSource": "Offline",
      "isPromoActive": "N",
      "priceChangeCode": "E"
    },
    "isAvailable": true,
    "isPriceAvailable": true,
    "inPromo": false,
    "gtin": [
      "04027800402397",
      "04027800402380",
      "04027800402373"
    ],
    "topCategoryName": "Lichaamsverzorging/Parfumerie",
    "topCategoryId": "591",
    "businessDomain": "RETAIL_BE",
    "IsPrivateLabel": false,
    "IsBiffe": false,
    "WeightconversionFactor": "0",
    "IsWeightArticle": false,
    "IsBio": false,
    "CountryOfOrigin": "CHINA (VOLKSREBUPLIEK)",
    "IsExclusivelySoldInLuxembourg": false,
    "OrderUnit": "P",
    "ShortName": "WILK HYDRO5 SKIN 8MES",
    "IsNew": false,
    "RecentQuanityOfStockUnits": "1",
    "LongName": "WILKINSON Hydro 5 skin protection 8st",
    "FicCode": "N"
  },
  {
    "productId": "18033",
    "technicalArticleNumber": "1710172",
    "commercialArticleNumber": "720066",
    "name": "crème tegen hielkloven",
    "description": "*Herstellende crème\nvoor voetkloven",
    "brand": "SCHOLL",
    "seoBrand": "Scholl",
    "thumbNail": "https://static.colruytgroup.com/images/200x200/std.lang.all/15/33/asset-2871533.jpg",
    "fullImage": "https://static.colruytgroup.com/images/500x500/std.lang.all/15/33/asset-2871533.jpg",
    "squareImage": "https://static.colruytgroup.com/images/500x500sq/std.lang.all/15/33/asset-2871533.jpg",
    "content": "60ml",
    "walkRouteSequenceNumber": 14108,
    "price": {
      "basicPrice": 9.39,
      "recommendedQuantity": "1.0",
      "measurementUnitPrice": 156.5,
      "measurementUnit": "L",
      "isRedPrice": false,
      "pricePerUOM": 156.5,
      "activationDate": "19-03-2024",
      "recordSource": "Offline",
      "isPromoActive": "N",
      "priceChangeCode": "H"
    },
    "isAvailable": true,
    "isPriceAvailable": true,
    "inPromo": false,
    "gtin": [
      "03059949932900",
      "23059949932904",
      "63059949932902",
      "05038483970515",
      "05038483970522",
      "05038483446805",
      "63059949931592",
      "23059949931594",
      "05038483446799",
      "05038483446782",
      "05038483256411",
      "05038483256404",
      "05038483256398",
      "03059949931590",
      "15410036206123",
      "15410036206109"
    ],
    "topCategoryName": "Lichaamsverzorging/Parfumerie",
    "topCategoryId": "591",
    "businessDomain": "NON_FOOD",
    "IsPrivateLabel": false,
    "IsBiffe": false,
    "IsWeightArticle": false,
    "RecentQuanityOfStockUnits": "1",
    "LongName": "SCHOLL crème tegen hielkloven 60ml",
    "IsBio": false,
    "CountryOfOrigin": "INDIA",
    "FicCode": "N",
    "OrderUnit": "P",
    "ShortName": "SCHOLL CREME HIELKLOVEN",
    "IsNew": false
  },
  {
    "productId": "4911",
    "technicalArticleNumber": "436178",
    "commercialArticleNumber": "436178",
    "name": "Excellence middenblond 7",
    "brand": "L'OREAL",
    "seoBrand": "L'Oréal Paris",
    "thumbNail": "https://static.colruytgroup.com/images/200x200/std.lang.all/16/83/asset-3271683.jpg",
    "fullImage": "https://static.colruytgroup.com/images/500x500/std.lang.all/16/83/asset-3271683.jpg",
    "squareImage": "https://static.colruytgroup.com/images/500x500sq/std.lang.all/16/83/asset-3271683.jpg",
    "price": {
      "basicPrice": 10.49,
      "recommendedQuantity": "1.0",
      "measurementUnitPrice": 10.49,
      "measurementUnit": "S",
      "isRedPrice": false,
      "pricePerUOM": 10.49,
      "activationDate": "23-03-2024",
      "recordSource": "Folder",
      "isPromoActive": "N",
      "priceChangeCode": "E"
    },
    "isAvailable": true,
    "isPriceAvailable": true,
    "inPromo": false,
    "gtin": [
      "03600521171455",
      "03600523853045",
      "05410103002064",
      "05410103046488",
      "55410103002069",
      "55410103057076"
    ],
    "topCategoryName": "Lichaamsverzorging/Parfumerie",
    "topCategoryId": "591",
    "businessDomain": "NON_FOOD",
    "IsPrivateLabel": false,
    "IsBiffe": false,
    "IsWeightArticle": false,
    "RecentQuanityOfStockUnits": "1",
    "LongName": "L'OREAL Excellence middenblond 7",
    "IsBio": false,
    "CountryOfOrigin": "BELGIË",
    "FicCode": "N",
    "OrderUnit": "P",
    "ShortName": "EXCELLENCE NR 7",
    "IsNew": false
  },
  {
    "productId": "642614",
    "technicalArticleNumber": "4336924",
    "commercialArticleNumber": "346553",
    "name": "Q10 Dagcrème Plus C Energy",
    "description": "*Dagcrème\n*50ml",
    "brand": "NIVEA",
    "seoBrand": "Nivea",
    "thumbNail": "https://static.colruytgroup.com/images/200x200/std.lang.all/20/34/asset-2332034.jpg",
    "fullImage": "https://static.colruytgroup.com/images/500x500/std.lang.all/20/34/asset-2332034.jpg",
    "squareImage": "https://static.colruytgroup.com/images/500x500sq/std.lang.all/20/34/asset-2332034.jpg",
    "content": "50ml",
    "walkRouteSequenceNumber": 15627,
    "price": {
      "basicPrice": 10.99,
      "recommendedQuantity": "1.0",
      "measurementUnitPrice": 219.8,
      "measurementUnit": "L",
      "isRedPrice": false,
      "pricePerUOM": 219.8,
      "activationDate": "20-02-2024",
      "recordSource": "Offline",
      "isPromoActive": "N",
      "priceChangeCode": "E"
    },
    "isAvailable": true,
    "isPriceAvailable": true,
    "inPromo": false,
    "gtin": [
      "04005900775979",
      "04005900775986",
      "04005900775962"
    ],
    "topCategoryName": "Lichaamsverzorging/Parfumerie",
    "topCategoryId": "591",
    "businessDomain": "NON_FOOD",
    "IsPrivateLabel": false,
    "IsBiffe": false,
    "IsWeightArticle": false,
    "RecentQuanityOfStockUnits": "1",
    "LongName": "NIVEA Q10 Dagcrème Plus C Energy 50ml",
    "IsBio": false,
    "AlcoholVolume": "0",
    "CountryOfOrigin": "POLEN",
    "FicCode": "N",
    "OrderUnit": "P",
    "ShortName": "NIV.DAG Q10 ENERGY 50ML",
    "IsNew": false
  },
  {
    "productId": "4912",
    "technicalArticleNumber": "436179",
    "commercialArticleNumber": "436179",
    "name": "Excellence donkerblond 6",
    "brand": "L'OREAL",
    "seoBrand": "L'Oréal Paris",
    "thumbNail": "https://static.colruytgroup.com/images/200x200/std.lang.all/17/68/asset-3271768.jpg",
    "fullImage": "https://static.colruytgroup.com/images/500x500/std.lang.all/17/68/asset-3271768.jpg",
    "squareImage": "https://static.colruytgroup.com/images/500x500sq/std.lang.all/17/68/asset-3271768.jpg",
    "walkRouteSequenceNumber": 15376,
    "price": {
      "basicPrice": 10.49,
      "recommendedQuantity": "1.0",
      "measurementUnitPrice": 10.49,
      "measurementUnit": "S",
      "isRedPrice": false,
      "pricePerUOM": 10.49,
      "activationDate": "23-03-2024",
      "recordSource": "Folder",
      "isPromoActive": "N",
      "priceChangeCode": "E"
    },
    "isAvailable": true,
    "isPriceAvailable": true,
    "inPromo": false,
    "gtin": [
      "03600521171431",
      "03600523852987",
      "05410103002095",
      "05410103038018",
      "45410103019626",
      "55410103002090",
      "55410103106583"
    ],
    "topCategoryName": "Lichaamsverzorging/Parfumerie",
    "topCategoryId": "591",
    "businessDomain": "NON_FOOD",
    "IsPrivateLabel": false,
    "IsBiffe": false,
    "IsWeightArticle": false,
    "RecentQuanityOfStockUnits": "1",
    "LongName": "L'OREAL Excellence donkerblond 6",
    "IsBio": false,
    "CountryOfOrigin": "BELGIË",
    "FicCode": "N",
    "OrderUnit": "P",
    "ShortName": "EXCELLENCE NR 6",
    "IsNew": false
  },
  {
    "productId": "709764",
    "technicalArticleNumber": "4450033",
    "commercialArticleNumber": "26416",
    "name": "Hydro5 skin protect.app.",
    "description": "*Scheermes met\n5-voudig mesje\nvervangmesjes:\nalle Hydro 3&5",
    "brand": "WILKINSON",
    "seoBrand": "Wilkinson Sword",
    "thumbNail": "https://static.colruytgroup.com/images/200x200/std.lang.all/72/96/asset-2747296.jpg",
    "fullImage": "https://static.colruytgroup.com/images/500x500/std.lang.all/72/96/asset-2747296.jpg",
    "squareImage": "https://static.colruytgroup.com/images/500x500sq/std.lang.all/72/96/asset-2747296.jpg",
    "walkRouteSequenceNumber": 18195,
    "price": {
      "basicPrice": 10.09,
      "recommendedQuantity": "1.0",
      "measurementUnitPrice": 10.09,
      "measurementUnit": "S",
      "isRedPrice": false,
      "pricePerUOM": 10.09,
      "activationDate": "13-02-2024",
      "recordSource": "Offline",
      "isPromoActive": "N",
      "priceChangeCode": "E"
    },
    "isAvailable": true,
    "isPriceAvailable": true,
    "inPromo": false,
    "gtin": [
      "04027800439935",
      "04027800439942",
      "04027800439959",
      "05410921014645"
    ],
    "topCategoryName": "Lichaamsverzorging/Parfumerie",
    "topCategoryId": "591",
    "businessDomain": "RETAIL_BE",
    "IsPrivateLabel": false,
    "IsBiffe": false,
    "WeightconversionFactor": "0",
    "IsWeightArticle": false,
    "IsBio": false,
    "CountryOfOrigin": "CHINA (VOLKSREBUPLIEK)",
    "IsExclusivelySoldInLuxembourg": false,
    "OrderUnit": "P",
    "ShortName": "WILK HYDRO5 SK.PROT.APP",
    "IsNew": false,
    "RecentQuanityOfStockUnits": "1",
    "LongName": "WILKINSON Hydro5 skin protect.app.",
    "FicCode": "N"
  },
  {
    "productId": "276739",
    "technicalArticleNumber": "3660813",
    "commercialArticleNumber": "346804",
    "name": "donkerbruin 3-1",
    "description": "SYOSS COLOR CREAM\nDONKERBRUIN 3-1\n115 ML",
    "brand": "SYOSS",
    "seoBrand": "Syoss",
    "thumbNail": "https://static.colruytgroup.com/images/200x200/std.lang.all/18/49/asset-1211849.jpg",
    "fullImage": "https://static.colruytgroup.com/images/500x500/std.lang.all/18/49/asset-1211849.jpg",
    "squareImage": "https://static.colruytgroup.com/images/500x500sq/std.lang.all/18/49/asset-1211849.jpg",
    "walkRouteSequenceNumber": 15003,
    "price": {
      "basicPrice": 8.69,
      "recommendedQuantity": "1.0",
      "measurementUnitPrice": 8.69,
      "measurementUnit": "S",
      "isRedPrice": false,
      "pricePerUOM": 8.69,
      "activationDate": "28-02-2024",
      "recordSource": "Offline",
      "isPromoActive": "N",
      "priceChangeCode": "E"
    },
    "isAvailable": true,
    "isPriceAvailable": true,
    "inPromo": false,
    "gtin": [
      "05410091735463",
      "05412530864154",
      "05412530864161"
    ],
    "topCategoryName": "Lichaamsverzorging/Parfumerie",
    "topCategoryId": "591",
    "businessDomain": "NON_FOOD",
    "IsPrivateLabel": false,
    "IsBiffe": false,
    "IsWeightArticle": false,
    "RecentQuanityOfStockUnits": "1",
    "LongName": "SYOSS donkerbruin 3-1",
    "IsBio": false,
    "AlcoholVolume": "0",
    "CountryOfOrigin": "BELGIË",
    "FicCode": "N",
    "OrderUnit": "P",
    "ShortName": "SYOSS COL.3-1 DON.BRUIN",
    "IsNew": false
  },
  {
    "productId": "60797",
    "technicalArticleNumber": "2765043",
    "commercialArticleNumber": "952161",
    "name": "BB Mirac.dagcr.getinte huid",
    "description": "*Dagcrème\n*50 ml\n*Normale huid",
    "brand": "GARNIER",
    "seoBrand": "Garnier",
    "thumbNail": "https://static.colruytgroup.com/images/200x200/std.lang.all/14/99/asset-381499.jpg",
    "fullImage": "https://static.colruytgroup.com/images/500x500/std.lang.all/14/99/asset-381499.jpg",
    "squareImage": "https://static.colruytgroup.com/images/500x500sq/std.lang.all/14/99/asset-381499.jpg",
    "content": "50ml",
    "walkRouteSequenceNumber": 15502,
    "price": {
      "basicPrice": 12.49,
      "recommendedQuantity": "1.0",
      "measurementUnitPrice": 249.8,
      "measurementUnit": "L",
      "isRedPrice": false,
      "pricePerUOM": 249.8,
      "activationDate": "13-03-2024",
      "recordSource": "Offline",
      "isPromoActive": "N",
      "priceChangeCode": "E"
    },
    "isAvailable": true,
    "isPriceAvailable": true,
    "inPromo": false,
    "gtin": [
      "03600541116474",
      "03600541116498",
      "03600542041294"
    ],
    "topCategoryName": "Lichaamsverzorging/Parfumerie",
    "topCategoryId": "591",
    "businessDomain": "NON_FOOD",
    "IsPrivateLabel": false,
    "IsBiffe": false,
    "IsWeightArticle": false,
    "RecentQuanityOfStockUnits": "1",
    "LongName": "GARNIER BB Mirac.dagcr.getinte huid 50ml",
    "IsBio": false,
    "CountryOfOrigin": "BELGIË",
    "FicCode": "N",
    "OrderUnit": "P",
    "ShortName": "GAR.MIRAC.BB CREAM GH",
    "IsNew": false
  },
  {
    "productId": "919913",
    "technicalArticleNumber": "4762241",
    "commercialArticleNumber": "18068",
    "name": "Shampoo Hyaluron",
    "brand": "NIVEA",
    "seoBrand": "Nivea",
    "thumbNail": "https://static.colruytgroup.com/images/200x200/std.lang.all/80/52/asset-3348052.jpg",
    "fullImage": "https://static.colruytgroup.com/images/500x500/std.lang.all/80/52/asset-3348052.jpg",
    "squareImage": "https://static.colruytgroup.com/images/500x500sq/std.lang.all/80/52/asset-3348052.jpg",
    "content": "250ml",
    "walkRouteSequenceNumber": 15008,
    "price": {
      "basicPrice": 4.09,
      "recommendedQuantity": "1.0",
      "measurementUnitPrice": 16.36,
      "measurementUnit": "L",
      "isRedPrice": false,
      "pricePerUOM": 16.36,
      "activationDate": "27-02-2024",
      "recordSource": "Offline",
      "isPromoActive": "N",
      "priceChangeCode": "E"
    },
    "isAvailable": true,
    "isPriceAvailable": true,
    "inPromo": false,
    "gtin": [
      "04006000029702",
      "04006000029719",
      "04006000029726",
      "75400141617312"
    ],
    "topCategoryName": "Lichaamsverzorging/Parfumerie",
    "topCategoryId": "591",
    "businessDomain": "RETAIL_BE",
    "IsPrivateLabel": false,
    "IsBiffe": false,
    "WeightconversionFactor": "0",
    "IsWeightArticle": false,
    "IsBio": false,
    "CountryOfOrigin": "DUITSLAND",
    "IsExclusivelySoldInLuxembourg": false,
    "OrderUnit": "P",
    "ShortName": "NIVE SH.HYALURON 250ML",
    "IsNew": false,
    "RecentQuanityOfStockUnits": "1,2",
    "LongName": "NIVEA Shampoo Hyaluron 250ml",
    "FicCode": "N"
  },
  {
    "productId": "140293",
    "technicalArticleNumber": "3174306",
    "commercialArticleNumber": "282604",
    "name": "Glijmiddel Play Tingle",
    "description": "*Parabenenvrij",
    "brand": "DUREX",
    "seoBrand": "Durex",
    "thumbNail": "https://static.colruytgroup.com/images/200x200/std.lang.all/93/21/asset-379321.jpg",
    "fullImage": "https://static.colruytgroup.com/images/500x500/std.lang.all/93/21/asset-379321.jpg",
    "squareImage": "https://static.colruytgroup.com/images/500x500sq/std.lang.all/93/21/asset-379321.jpg",
    "content": "100ml",
    "walkRouteSequenceNumber": 14568,
    "price": {
      "basicPrice": 12.59,
      "recommendedQuantity": "1.0",
      "measurementUnitPrice": 125.9,
      "measurementUnit": "L",
      "isRedPrice": false,
      "pricePerUOM": 125.9,
      "activationDate": "01-03-2024",
      "recordSource": "Offline",
      "isPromoActive": "N",
      "priceChangeCode": "H"
    },
    "isAvailable": true,
    "isPriceAvailable": true,
    "inPromo": false,
    "gtin": [
      "05052197029581",
      "05052197029598",
      "05052197029574"
    ],
    "topCategoryName": "Lichaamsverzorging/Parfumerie",
    "topCategoryId": "591",
    "businessDomain": "NON_FOOD",
    "IsPrivateLabel": false,
    "IsBiffe": false,
    "IsWeightArticle": false,
    "RecentQuanityOfStockUnits": "1",
    "LongName": "DUREX Glijmiddel Play Tingle 100ml",
    "IsBio": false,
    "CountryOfOrigin": "BELGIË",
    "FicCode": "N",
    "OrderUnit": "P",
    "ShortName": "DUREX PLAY TINGLE 100ML",
    "IsNew": false
  },
  {
    "productId": "6243",
    "technicalArticleNumber": "378676",
    "commercialArticleNumber": "378676",
    "name": "kammenset heren 3152",
    "description": "KAMMENSET HEREN",
    "brand": "GDD",
    "seoBrand": "Gauthier De Duyck",
    "thumbNail": "https://static.colruytgroup.com/images/200x200/std.lang.all/41/37/asset-574137.jpg",
    "fullImage": "https://static.colruytgroup.com/images/500x500/std.lang.all/41/37/asset-574137.jpg",
    "squareImage": "https://static.colruytgroup.com/images/500x500sq/std.lang.all/41/37/asset-574137.jpg",
    "price": {
      "basicPrice": 4.3,
      "recommendedQuantity": "1.0",
      "measurementUnitPrice": 4.3,
      "measurementUnit": "S",
      "isRedPrice": false,
      "pricePerUOM": 4.3,
      "activationDate": "09-11-2022",
      "isPromoActive": "N",
      "priceChangeCode": "E"
    },
    "isAvailable": true,
    "isPriceAvailable": true,
    "inPromo": false,
    "gtin": [
      "05425001929078",
      "15425001929075"
    ],
    "topCategoryName": "Lichaamsverzorging/Parfumerie",
    "topCategoryId": "591",
    "businessDomain": "NON_FOOD",
    "IsPrivateLabel": false,
    "IsBiffe": false,
    "IsWeightArticle": false,
    "RecentQuanityOfStockUnits": "1",
    "LongName": "GDD kammenset heren 3152",
    "IsBio": false,
    "CountryOfOrigin": "BELGIË",
    "FicCode": "N",
    "OrderUnit": "P",
    "ShortName": "GDD KAMMENSET HEREN",
    "IsNew": false
  },
  {
    "productId": "51363",
    "technicalArticleNumber": "2337061",
    "commercialArticleNumber": "832280",
    "name": "Foot Silver spray",
    "description": "*Anti-transpiratie\nvoetenspray",
    "brand": "HANSAPLAST",
    "seoBrand": "Hansaplast",
    "thumbNail": "https://static.colruytgroup.com/images/200x200/std.lang.all/51/76/asset-1385176.jpg",
    "fullImage": "https://static.colruytgroup.com/images/500x500/std.lang.all/51/76/asset-1385176.jpg",
    "squareImage": "https://static.colruytgroup.com/images/500x500sq/std.lang.all/51/76/asset-1385176.jpg",
    "content": "150ml",
    "walkRouteSequenceNumber": 14087,
    "price": {
      "basicPrice": 7.99,
      "recommendedQuantity": "1.0",
      "measurementUnitPrice": 53.27,
      "measurementUnit": "L",
      "isRedPrice": false,
      "pricePerUOM": 53.27,
      "activationDate": "15-03-2024",
      "recordSource": "Offline",
      "isPromoActive": "N",
      "priceChangeCode": "H"
    },
    "isAvailable": true,
    "isPriceAvailable": true,
    "inPromo": false,
    "gtin": [
      "04005800083259",
      "04005801004611",
      "04005802039872"
    ],
    "topCategoryName": "Lichaamsverzorging/Parfumerie",
    "topCategoryId": "591",
    "businessDomain": "NON_FOOD",
    "IsPrivateLabel": false,
    "IsBiffe": false,
    "IsWeightArticle": false,
    "RecentQuanityOfStockUnits": "1",
    "LongName": "HANSAPLAST Foot Silver spray 150ml",
    "IsBio": false,
    "CountryOfOrigin": "BELGIË",
    "FicCode": "N",
    "OrderUnit": "P",
    "ShortName": "HANSA.FOOT.SILVER SPRAY",
    "IsNew": false
  },
  {
    "productId": "552294",
    "technicalArticleNumber": "4184159",
    "commercialArticleNumber": "282099",
    "name": "Visage egal.rijst scrub",
    "brand": "NIVEA",
    "seoBrand": "Nivea",
    "thumbNail": "https://static.colruytgroup.com/images/200x200/std.lang.all/35/93/asset-1953593.jpg",
    "fullImage": "https://static.colruytgroup.com/images/500x500/std.lang.all/35/93/asset-1953593.jpg",
    "squareImage": "https://static.colruytgroup.com/images/500x500sq/std.lang.all/35/93/asset-1953593.jpg",
    "content": "75ml",
    "walkRouteSequenceNumber": 15631,
    "price": {
      "basicPrice": 9.05,
      "recommendedQuantity": "1.0",
      "measurementUnitPrice": 120.67,
      "measurementUnit": "L",
      "isRedPrice": false,
      "pricePerUOM": 120.67,
      "activationDate": "17-02-2024",
      "recordSource": "Offline",
      "isPromoActive": "N",
      "priceChangeCode": "E"
    },
    "isAvailable": true,
    "isPriceAvailable": true,
    "inPromo": false,
    "gtin": [
      "04005900714688",
      "04005900714664",
      "04005900714671"
    ],
    "topCategoryName": "Lichaamsverzorging/Parfumerie",
    "topCategoryId": "591",
    "businessDomain": "NON_FOOD",
    "IsPrivateLabel": false,
    "IsBiffe": false,
    "IsWeightArticle": false,
    "RecentQuanityOfStockUnits": "1",
    "LongName": "NIVEA Visage egal.rijst scrub 75ml",
    "IsBio": false,
    "CountryOfOrigin": "DUITSLAND",
    "FicCode": "N",
    "OrderUnit": "P",
    "ShortName": "NIV.VIS.RIJST SCR.EGAL",
    "IsNew": false
  },
  {
    "productId": "213391",
    "technicalArticleNumber": "3517766",
    "commercialArticleNumber": "346548",
    "name": "Lichtbruin 600",
    "brand": "POLY PALETTE",
    "seoBrand": "Poly Palette",
    "thumbNail": "https://static.colruytgroup.com/images/200x200/std.lang.all/26/14/asset-1202614.jpg",
    "fullImage": "https://static.colruytgroup.com/images/500x500/std.lang.all/26/14/asset-1202614.jpg",
    "squareImage": "https://static.colruytgroup.com/images/500x500sq/std.lang.all/26/14/asset-1202614.jpg",
    "price": {
      "basicPrice": 5.19,
      "recommendedQuantity": "1.0",
      "measurementUnitPrice": 5.19,
      "measurementUnit": "S",
      "isRedPrice": false,
      "pricePerUOM": 5.19,
      "activationDate": "01-03-2024",
      "recordSource": "Offline",
      "isPromoActive": "N",
      "priceChangeCode": "L"
    },
    "isAvailable": true,
    "isPriceAvailable": true,
    "inPromo": false,
    "gtin": [
      "05412530849489",
      "05410091728380",
      "05412530849472"
    ],
    "topCategoryName": "Lichaamsverzorging/Parfumerie",
    "topCategoryId": "591",
    "businessDomain": "NON_FOOD",
    "IsPrivateLabel": false,
    "IsBiffe": false,
    "IsWeightArticle": false,
    "RecentQuanityOfStockUnits": "1",
    "LongName": "POLY PALETTE Lichtbruin 600",
    "IsBio": false,
    "CountryOfOrigin": "BELGIË",
    "FicCode": "N",
    "OrderUnit": "P",
    "ShortName": "PALETTE LICHTBRUIN 600",
    "IsNew": false
  },
  {
    "productId": "147614",
    "technicalArticleNumber": "3328953",
    "commercialArticleNumber": "346026",
    "name": "Accord Parfait foundation D3",
    "brand": "L'OREAL",
    "seoBrand": "L'Oréal Paris",
    "thumbNail": "https://static.colruytgroup.com/images/200x200/std.lang.all/43/01/asset-624301.jpg",
    "fullImage": "https://static.colruytgroup.com/images/500x500/std.lang.all/43/01/asset-624301.jpg",
    "squareImage": "https://static.colruytgroup.com/images/500x500sq/std.lang.all/43/01/asset-624301.jpg",
    "walkRouteSequenceNumber": 15826,
    "price": {
      "basicPrice": 14.24,
      "recommendedQuantity": "1.0",
      "measurementUnitPrice": 14.24,
      "measurementUnit": "S",
      "isRedPrice": false,
      "pricePerUOM": 14.24,
      "activationDate": "23-03-2024",
      "recordSource": "Folder",
      "isPromoActive": "N",
      "priceChangeCode": "E"
    },
    "isAvailable": true,
    "isPriceAvailable": true,
    "inPromo": false,
    "gtin": [
      "03600522847199",
      "03600520461427",
      "03600522178637",
      "03600522847205"
    ],
    "topCategoryName": "Lichaamsverzorging/Parfumerie",
    "topCategoryId": "591",
    "businessDomain": "NON_FOOD",
    "IsPrivateLabel": false,
    "IsBiffe": false,
    "IsWeightArticle": false,
    "RecentQuanityOfStockUnits": "1",
    "LongName": "L'OREAL Accord Parfait foundation D3",
    "IsBio": false,
    "CountryOfOrigin": "BELGIË",
    "FicCode": "N",
    "OrderUnit": "P",
    "ShortName": "LOR.FDT.ACC.PARF.D3",
    "IsNew": false
  },
  {
    "productId": "160228",
    "technicalArticleNumber": "3273681",
    "commercialArticleNumber": "282856",
    "name": "Revitalift Filler dag",
    "description": "*Dagcrème\n*50 ml\n*Tegen veroudering",
    "brand": "L'OREAL",
    "seoBrand": "L'Oréal Paris",
    "thumbNail": "https://static.colruytgroup.com/images/200x200/std.lang.all/83/22/asset-568322.jpg",
    "fullImage": "https://static.colruytgroup.com/images/500x500/std.lang.all/83/22/asset-568322.jpg",
    "squareImage": "https://static.colruytgroup.com/images/500x500sq/std.lang.all/83/22/asset-568322.jpg",
    "content": "50ml",
    "walkRouteSequenceNumber": 15237,
    "price": {
      "basicPrice": 17.63,
      "recommendedQuantity": "1.0",
      "measurementUnitPrice": 352.6,
      "measurementUnit": "L",
      "isRedPrice": false,
      "pricePerUOM": 352.6,
      "activationDate": "21-03-2024",
      "recordSource": "Folder",
      "isPromoActive": "N",
      "priceChangeCode": "L"
    },
    "isAvailable": true,
    "isPriceAvailable": true,
    "inPromo": true,
    "promotion": [
      {
        "techPromoId": "100883COLR",
        "promotionId": "100883",
        "promotionType": "4",
        "isPersonalized": "N",
        "publicationStartDate": "13-03-2024",
        "publicationEndDate": "26-03-2024"
      }
    ],
    "gtin": [
      "03600522892434",
      "03600522892892"
    ],
    "topCategoryName": "Lichaamsverzorging/Parfumerie",
    "topCategoryId": "591",
    "businessDomain": "NON_FOOD",
    "IsPrivateLabel": false,
    "IsBiffe": false,
    "IsWeightArticle": false,
    "RecentQuanityOfStockUnits": "1",
    "LongName": "L'OREAL Revitalift Filler dag 50ml",
    "IsBio": false,
    "CountryOfOrigin": "BELGIË",
    "FicCode": "N",
    "OrderUnit": "P",
    "ShortName": "LOR.REVIT.FILLER DAG",
    "IsNew": false
  },
  {
    "productId": "479383",
    "technicalArticleNumber": "4001388",
    "commercialArticleNumber": "378129",
    "name": "Q10 cellulites gel 5-in-1",
    "description": "*Verstevigende gel\n*200ml\n*Elk huidtype",
    "brand": "NIVEA",
    "seoBrand": "Nivea",
    "thumbNail": "https://static.colruytgroup.com/images/200x200/std.lang.all/18/44/asset-3361844.jpg",
    "fullImage": "https://static.colruytgroup.com/images/500x500/std.lang.all/18/44/asset-3361844.jpg",
    "squareImage": "https://static.colruytgroup.com/images/500x500sq/std.lang.all/18/44/asset-3361844.jpg",
    "content": "200ml",
    "walkRouteSequenceNumber": 15582,
    "price": {
      "basicPrice": 11.99,
      "recommendedQuantity": "1.0",
      "measurementUnitPrice": 59.95,
      "measurementUnit": "L",
      "isRedPrice": false,
      "pricePerUOM": 59.95,
      "activationDate": "23-03-2024",
      "recordSource": "Folder",
      "isPromoActive": "N",
      "priceChangeCode": "E"
    },
    "isAvailable": true,
    "isPriceAvailable": true,
    "inPromo": false,
    "gtin": [
      "04005800206634",
      "04005800206627",
      "04005800206641"
    ],
    "topCategoryName": "Lichaamsverzorging/Parfumerie",
    "topCategoryId": "591",
    "businessDomain": "NON_FOOD",
    "IsPrivateLabel": false,
    "IsBiffe": false,
    "IsWeightArticle": false,
    "RecentQuanityOfStockUnits": "1",
    "LongName": "NIVEA Q10 cellulites gel 5-in-1 200ml",
    "IsBio": false,
    "CountryOfOrigin": "BELGIË",
    "FicCode": "N",
    "OrderUnit": "P",
    "ShortName": "NIV.Q10 CELLUL GEL 5IN1",
    "IsNew": false
  },
  {
    "productId": "34838",
    "technicalArticleNumber": "1809522",
    "commercialArticleNumber": "720350",
    "name": "nagellak Tenue&Strong 78",
    "brand": "MAYBELLINE",
    "seoBrand": "Maybelline",
    "thumbNail": "https://static.colruytgroup.com/images/200x200/std.lang.all/98/77/asset-689877.jpg",
    "fullImage": "https://static.colruytgroup.com/images/500x500/std.lang.all/98/77/asset-689877.jpg",
    "squareImage": "https://static.colruytgroup.com/images/500x500sq/std.lang.all/98/77/asset-689877.jpg",
    "content": "10ml",
    "price": {
      "basicPrice": 8.89,
      "recommendedQuantity": "1.0",
      "measurementUnitPrice": 8.89,
      "measurementUnit": "S",
      "isRedPrice": false,
      "pricePerUOM": 8.89,
      "activationDate": "15-03-2024",
      "recordSource": "Offline",
      "isPromoActive": "N",
      "priceChangeCode": "H"
    },
    "isAvailable": true,
    "isPriceAvailable": true,
    "inPromo": false,
    "gtin": [
      "03600531473167",
      "03600530495986",
      "03600530352036",
      "03600530351275",
      "03600530351657"
    ],
    "topCategoryName": "Lichaamsverzorging/Parfumerie",
    "topCategoryId": "591",
    "businessDomain": "NON_FOOD",
    "IsPrivateLabel": false,
    "IsBiffe": false,
    "IsWeightArticle": false,
    "RecentQuanityOfStockUnits": "1",
    "LongName": "MAYBELLINE nagellak Tenue&Strong 78 10ml",
    "IsBio": false,
    "CountryOfOrigin": "BELGIË",
    "FicCode": "N",
    "OrderUnit": "P",
    "ShortName": "MAYB.TENUE&STR.PRO 78",
    "IsNew": false
  },
  {
    "productId": "1045221",
    "technicalArticleNumber": "4798027",
    "commercialArticleNumber": "4021",
    "name": "Verband Long MP",
    "brand": "ALWAYS DISCREET",
    "seoBrand": "Always Discreet",
    "thumbNail": "https://static.colruytgroup.com/images/200x200/nl_be/88/50/asset-3438850.jpg",
    "fullImage": "https://static.colruytgroup.com/images/500x500/nl_be/88/50/asset-3438850.jpg",
    "squareImage": "https://static.colruytgroup.com/images/500x500sq/nl_be/88/50/asset-3438850.jpg",
    "content": "26st",
    "walkRouteSequenceNumber": 14249,
    "price": {
      "basicPrice": 9.95,
      "recommendedQuantity": "1.0",
      "quantityPrice": 6.63,
      "quantityPriceQuantity": "3.0",
      "measurementUnitPrice": 0.383,
      "measurementUnitQuantityPrice": 0.255,
      "measurementUnit": "S",
      "isRedPrice": false,
      "pricePerUOM": 0.383,
      "activationDate": "13-03-2024",
      "recordSource": "Offline",
      "isPromoActive": "N",
      "priceChangeCode": "E",
      "quantityPricePerUOM": 0.255,
      "quantityActivationDate": "13-03-2024",
      "quantityPriceChangeCode": "H"
    },
    "isAvailable": true,
    "isPriceAvailable": true,
    "inPromo": false,
    "gtin": [
      "08700216252713",
      "08700216252706"
    ],
    "topCategoryName": "Lichaamsverzorging/Parfumerie",
    "topCategoryId": "591",
    "businessDomain": "RETAIL_BE",
    "IsPrivateLabel": false,
    "IsBiffe": false,
    "WeightconversionFactor": "0",
    "IsWeightArticle": false,
    "IsBio": false,
    "CountryOfOrigin": "DUITSLAND",
    "IsExclusivelySoldInLuxembourg": false,
    "OrderUnit": "P",
    "ShortName": "ALWA DIS.MVB LONG MP26S",
    "IsNew": true,
    "RecentQuanityOfStockUnits": "2,1",
    "LongName": "ALWAYS DISCREET Verband Long MP 26st",
    "FicCode": "N"
  },
  {
    "productId": "2448",
    "technicalArticleNumber": "473423",
    "commercialArticleNumber": "473423",
    "name": "Belle Color lichtblond 110",
    "brand": "GARNIER",
    "seoBrand": "Garnier Belle Color",
    "thumbNail": "https://static.colruytgroup.com/images/200x200/std.lang.all/18/01/asset-3271801.jpg",
    "fullImage": "https://static.colruytgroup.com/images/500x500/std.lang.all/18/01/asset-3271801.jpg",
    "squareImage": "https://static.colruytgroup.com/images/500x500sq/std.lang.all/18/01/asset-3271801.jpg",
    "walkRouteSequenceNumber": 15431,
    "price": {
      "basicPrice": 5.24,
      "recommendedQuantity": "1.0",
      "measurementUnitPrice": 5.24,
      "measurementUnit": "S",
      "isRedPrice": false,
      "pricePerUOM": 5.24,
      "activationDate": "23-03-2024",
      "recordSource": "Folder",
      "isPromoActive": "N",
      "priceChangeCode": "L"
    },
    "isAvailable": true,
    "isPriceAvailable": true,
    "inPromo": false,
    "gtin": [
      "03600540059123",
      "03600540481559",
      "03600541867574",
      "03600541867581",
      "03600542351768",
      "05410103043296",
      "45410103008637"
    ],
    "topCategoryName": "Lichaamsverzorging/Parfumerie",
    "topCategoryId": "591",
    "businessDomain": "NON_FOOD",
    "IsPrivateLabel": false,
    "IsBiffe": false,
    "IsWeightArticle": false,
    "RecentQuanityOfStockUnits": "1",
    "LongName": "GARNIER Belle Color lichtblond 110",
    "IsBio": false,
    "AlcoholVolume": "0",
    "CountryOfOrigin": "BELGIË",
    "FicCode": "N",
    "OrderUnit": "P",
    "ShortName": "BELLE COLOR NR 110",
    "IsNew": false
  },
  {
    "productId": "4913",
    "technicalArticleNumber": "436180",
    "commercialArticleNumber": "436180",
    "name": "Excellence lichtbruin 5",
    "brand": "L'OREAL",
    "seoBrand": "L'Oréal Paris",
    "thumbNail": "https://static.colruytgroup.com/images/200x200/std.lang.all/17/69/asset-3271769.jpg",
    "fullImage": "https://static.colruytgroup.com/images/500x500/std.lang.all/17/69/asset-3271769.jpg",
    "squareImage": "https://static.colruytgroup.com/images/500x500sq/std.lang.all/17/69/asset-3271769.jpg",
    "walkRouteSequenceNumber": 15377,
    "price": {
      "basicPrice": 10.49,
      "recommendedQuantity": "1.0",
      "measurementUnitPrice": 10.49,
      "measurementUnit": "S",
      "isRedPrice": false,
      "pricePerUOM": 10.49,
      "activationDate": "23-03-2024",
      "recordSource": "Folder",
      "isPromoActive": "N",
      "priceChangeCode": "E"
    },
    "isAvailable": true,
    "isPriceAvailable": true,
    "inPromo": false,
    "gtin": [
      "03600521171417",
      "03600523853762",
      "05410103002118",
      "05410103037981",
      "05410103046532",
      "45410103007531",
      "55410103002113",
      "55410103057120"
    ],
    "topCategoryName": "Lichaamsverzorging/Parfumerie",
    "topCategoryId": "591",
    "businessDomain": "NON_FOOD",
    "IsPrivateLabel": false,
    "IsBiffe": false,
    "IsWeightArticle": false,
    "RecentQuanityOfStockUnits": "1",
    "LongName": "L'OREAL Excellence lichtbruin 5",
    "IsBio": false,
    "CountryOfOrigin": "BELGIË",
    "FicCode": "N",
    "OrderUnit": "P",
    "ShortName": "EXCELLENCE NR 5",
    "IsNew": false
  },
  {
    "productId": "1043224",
    "technicalArticleNumber": "4797958",
    "commercialArticleNumber": "3810",
    "name": "VB Normal Mega Pack",
    "brand": "ALWAYS DISCREET",
    "seoBrand": "Always Discreet",
    "thumbNail": "https://static.colruytgroup.com/images/200x200/nl_be/38/68/asset-3453868.jpg",
    "fullImage": "https://static.colruytgroup.com/images/500x500/nl_be/38/68/asset-3453868.jpg",
    "squareImage": "https://static.colruytgroup.com/images/500x500sq/nl_be/38/68/asset-3453868.jpg",
    "content": "30st",
    "walkRouteSequenceNumber": 14250,
    "price": {
      "basicPrice": 9.95,
      "recommendedQuantity": "1.0",
      "quantityPrice": 6.76,
      "quantityPriceQuantity": "3.0",
      "measurementUnitPrice": 0.332,
      "measurementUnitQuantityPrice": 0.226,
      "measurementUnit": "S",
      "isRedPrice": false,
      "pricePerUOM": 0.332,
      "activationDate": "21-03-2024",
      "recordSource": "Offline",
      "isPromoActive": "N",
      "priceChangeCode": "E",
      "quantityPricePerUOM": 0.226,
      "quantityActivationDate": "21-03-2024",
      "quantityPriceChangeCode": "H"
    },
    "isAvailable": true,
    "isPriceAvailable": true,
    "inPromo": false,
    "gtin": [
      "08700216252744",
      "08700216252720",
      "75400141562605"
    ],
    "topCategoryName": "Lichaamsverzorging/Parfumerie",
    "topCategoryId": "591",
    "businessDomain": "RETAIL_BE",
    "IsPrivateLabel": false,
    "IsBiffe": false,
    "WeightconversionFactor": "0",
    "IsWeightArticle": false,
    "IsBio": false,
    "CountryOfOrigin": "DUITSLAND",
    "IsExclusivelySoldInLuxembourg": false,
    "OrderUnit": "P",
    "ShortName": "ALWA DIS VB NORM.MP30",
    "IsNew": true,
    "RecentQuanityOfStockUnits": "2,1",
    "LongName": "ALWAYS DISCREET VB Normal Mega Pack 30st",
    "FicCode": "N"
  },
  {
    "productId": "825725",
    "technicalArticleNumber": "4662785",
    "commercialArticleNumber": "29905",
    "name": "shampoo p.int.detox",
    "brand": "HEAD&SHOULDERS",
    "seoBrand": "head&shoulders",
    "thumbNail": "https://static.colruytgroup.com/images/200x200/std.lang.all/43/97/asset-2964397.jpg",
    "fullImage": "https://static.colruytgroup.com/images/500x500/std.lang.all/43/97/asset-2964397.jpg",
    "squareImage": "https://static.colruytgroup.com/images/500x500sq/std.lang.all/43/97/asset-2964397.jpg",
    "content": "250ml",
    "walkRouteSequenceNumber": 15032,
    "price": {
      "basicPrice": 5.29,
      "recommendedQuantity": "1.0",
      "quantityPrice": 3.33,
      "quantityPriceQuantity": "3.0",
      "measurementUnitPrice": 21.16,
      "measurementUnitQuantityPrice": 13.32,
      "measurementUnit": "L",
      "isRedPrice": false,
      "pricePerUOM": 21.16,
      "activationDate": "21-03-2024",
      "recordSource": "Offline",
      "isPromoActive": "N",
      "priceChangeCode": "E",
      "quantityPricePerUOM": 13.32,
      "quantityActivationDate": "21-03-2024",
      "quantityPriceChangeCode": "L"
    },
    "isAvailable": true,
    "isPriceAvailable": true,
    "inPromo": false,
    "gtin": [
      "35400141677851",
      "08006540671610",
      "08006540671627"
    ],
    "topCategoryName": "Lichaamsverzorging/Parfumerie",
    "topCategoryId": "591",
    "businessDomain": "RETAIL_BE",
    "IsPrivateLabel": false,
    "IsBiffe": false,
    "WeightconversionFactor": "0",
    "IsWeightArticle": false,
    "IsBio": false,
    "CountryOfOrigin": "FRANKRIJK",
    "IsExclusivelySoldInLuxembourg": false,
    "OrderUnit": "P",
    "ShortName": "HS SH PURE INT.DETOX250",
    "IsNew": false,
    "RecentQuanityOfStockUnits": "1,2",
    "LongName": "HEAD&SHOULDERS shampoo p.int.detox 250ml",
    "FicCode": "N"
  },
  {
    "productId": "4910",
    "technicalArticleNumber": "436177",
    "commercialArticleNumber": "436177",
    "name": "Excellence 8.1",
    "brand": "L'OREAL",
    "seoBrand": "L'Oréal Paris",
    "thumbNail": "https://static.colruytgroup.com/images/200x200/std.lang.all/16/82/asset-3271682.jpg",
    "fullImage": "https://static.colruytgroup.com/images/500x500/std.lang.all/16/82/asset-3271682.jpg",
    "squareImage": "https://static.colruytgroup.com/images/500x500sq/std.lang.all/16/82/asset-3271682.jpg",
    "price": {
      "basicPrice": 10.49,
      "recommendedQuantity": "1.0",
      "measurementUnitPrice": 10.49,
      "measurementUnit": "S",
      "isRedPrice": false,
      "pricePerUOM": 10.49,
      "activationDate": "23-03-2024",
      "recordSource": "Folder",
      "isPromoActive": "N",
      "priceChangeCode": "E"
    },
    "isAvailable": true,
    "isPriceAvailable": true,
    "inPromo": false,
    "gtin": [
      "05410103002057",
      "05410103038063",
      "05410103046464",
      "45410103019602",
      "03600521171462",
      "03600523853168",
      "55410103002052",
      "55410103057069"
    ],
    "topCategoryName": "Lichaamsverzorging/Parfumerie",
    "topCategoryId": "591",
    "businessDomain": "NON_FOOD",
    "IsPrivateLabel": false,
    "IsBiffe": false,
    "IsWeightArticle": false,
    "RecentQuanityOfStockUnits": "1",
    "LongName": "L'OREAL Excellence 8.1",
    "IsBio": false,
    "CountryOfOrigin": "BELGIË",
    "FicCode": "N",
    "OrderUnit": "P",
    "ShortName": "EXCELLENCE NR 8.1",
    "IsNew": false
  },
  {
    "productId": "41807",
    "technicalArticleNumber": "2538634",
    "commercialArticleNumber": "832922",
    "name": "eyeliner Precise zw",
    "description": "MAYBELLINE EYELINER\nMASTER DRAMA PRECISE\nZWART WTP",
    "brand": "MAYBELLINE",
    "seoBrand": "Maybelline",
    "thumbNail": "https://static.colruytgroup.com/images/200x200/std.lang.all/01/32/asset-870132.jpg",
    "fullImage": "https://static.colruytgroup.com/images/500x500/std.lang.all/01/32/asset-870132.jpg",
    "squareImage": "https://static.colruytgroup.com/images/500x500sq/std.lang.all/01/32/asset-870132.jpg",
    "walkRouteSequenceNumber": 15759,
    "price": {
      "basicPrice": 12.39,
      "recommendedQuantity": "1.0",
      "measurementUnitPrice": 12.39,
      "measurementUnit": "S",
      "isRedPrice": false,
      "pricePerUOM": 12.39,
      "activationDate": "20-03-2024",
      "isPromoActive": "N",
      "priceChangeCode": "H"
    },
    "isAvailable": true,
    "isPriceAvailable": true,
    "inPromo": false,
    "gtin": [
      "03600531002213",
      "03600530730353",
      "03600530730360",
      "03600531518295",
      "03600531518202",
      "03600531004323",
      "03600530730377"
    ],
    "topCategoryName": "Lichaamsverzorging/Parfumerie",
    "topCategoryId": "591",
    "businessDomain": "NON_FOOD",
    "IsPrivateLabel": false,
    "IsBiffe": false,
    "IsWeightArticle": false,
    "RecentQuanityOfStockUnits": "1",
    "LongName": "MAYBELLINE eyeliner Precise zw",
    "IsBio": false,
    "CountryOfOrigin": "BELGIË",
    "FicCode": "N",
    "OrderUnit": "P",
    "ShortName": "MAYB.PRECISE LIN. BL",
    "IsNew": false
  },
  {
    "productId": "26428",
    "technicalArticleNumber": "2235943",
    "commercialArticleNumber": "832098",
    "name": "Digital zwangerschapstest",
    "description": "*2 LR41 batterijen\ninbegrepen",
    "brand": "CLEARBLUE",
    "seoBrand": "Clearblue",
    "thumbNail": "https://static.colruytgroup.com/images/200x200/std.lang.all/59/47/asset-1555947.jpg",
    "fullImage": "https://static.colruytgroup.com/images/500x500/std.lang.all/59/47/asset-1555947.jpg",
    "squareImage": "https://static.colruytgroup.com/images/500x500sq/std.lang.all/59/47/asset-1555947.jpg",
    "walkRouteSequenceNumber": 13973,
    "price": {
      "basicPrice": 13.49,
      "recommendedQuantity": "1.0",
      "measurementUnitPrice": 13.49,
      "measurementUnit": "S",
      "isRedPrice": false,
      "pricePerUOM": 13.49,
      "activationDate": "15-03-2024",
      "recordSource": "Offline",
      "isPromoActive": "N",
      "priceChangeCode": "H"
    },
    "isAvailable": true,
    "isPriceAvailable": true,
    "inPromo": false,
    "gtin": [
      "05011321672888",
      "05011321672871",
      "05011321672864"
    ],
    "topCategoryName": "Lichaamsverzorging/Parfumerie",
    "topCategoryId": "591",
    "businessDomain": "NON_FOOD",
    "IsPrivateLabel": false,
    "IsBiffe": false,
    "IsWeightArticle": false,
    "RecentQuanityOfStockUnits": "1",
    "LongName": "CLEARBLUE Digital zwangerschapstest",
    "IsBio": false,
    "CountryOfOrigin": "POLEN",
    "FicCode": "N",
    "OrderUnit": "P",
    "ShortName": "CLEARBL.ZWANGERSCH.TEST",
    "IsNew": false
  },
  {
    "productId": "665438",
    "technicalArticleNumber": "4374086",
    "commercialArticleNumber": "24186",
    "name": "shampoo honing eco",
    "description": "*Shampoo Eco navul.\n*Honing: broos haar",
    "brand": "ULTRA DOUX",
    "seoBrand": "Ultra Doux",
    "thumbNail": "https://static.colruytgroup.com/images/200x200/std.lang.all/07/92/asset-2290792.jpg",
    "fullImage": "https://static.colruytgroup.com/images/500x500/std.lang.all/07/92/asset-2290792.jpg",
    "squareImage": "https://static.colruytgroup.com/images/500x500sq/std.lang.all/07/92/asset-2290792.jpg",
    "content": "500ml",
    "walkRouteSequenceNumber": 15125,
    "price": {
      "basicPrice": 5.99,
      "recommendedQuantity": "1.0",
      "measurementUnitPrice": 11.98,
      "measurementUnit": "L",
      "isRedPrice": false,
      "pricePerUOM": 11.98,
      "activationDate": "17-02-2024",
      "isPromoActive": "N",
      "priceChangeCode": "E"
    },
    "isAvailable": true,
    "isPriceAvailable": true,
    "inPromo": false,
    "gtin": [
      "03600542399449",
      "03600542376211",
      "03600542376297",
      "75410103866801"
    ],
    "topCategoryName": "Lichaamsverzorging/Parfumerie",
    "topCategoryId": "591",
    "businessDomain": "RETAIL_BE",
    "IsPrivateLabel": false,
    "IsBiffe": false,
    "WeightconversionFactor": "0",
    "IsWeightArticle": false,
    "IsBio": false,
    "CountryOfOrigin": "BELGIË",
    "IsExclusivelySoldInLuxembourg": false,
    "OrderUnit": "P",
    "ShortName": "ULTD SH HONING ECO 500",
    "IsNew": false,
    "RecentQuanityOfStockUnits": "1",
    "LongName": "ULTRA DOUX shampoo honing eco 500ml",
    "FicCode": "N"
  },
  {
    "productId": "15392",
    "technicalArticleNumber": "1598938",
    "commercialArticleNumber": "654649",
    "name": "Donkerblond 500",
    "description": "PALETTE NR 500\nDONKERBLOND\n90 ML",
    "brand": "POLY PALETTE",
    "seoBrand": "Poly Palette",
    "thumbNail": "https://static.colruytgroup.com/images/200x200/std.lang.all/27/04/asset-1202704.jpg",
    "fullImage": "https://static.colruytgroup.com/images/500x500/std.lang.all/27/04/asset-1202704.jpg",
    "squareImage": "https://static.colruytgroup.com/images/500x500sq/std.lang.all/27/04/asset-1202704.jpg",
    "walkRouteSequenceNumber": 15446,
    "price": {
      "basicPrice": 5.19,
      "recommendedQuantity": "1.0",
      "measurementUnitPrice": 5.19,
      "measurementUnit": "S",
      "isRedPrice": false,
      "pricePerUOM": 5.19,
      "activationDate": "01-03-2024",
      "recordSource": "Offline",
      "isPromoActive": "N",
      "priceChangeCode": "L"
    },
    "isAvailable": true,
    "isPriceAvailable": true,
    "inPromo": false,
    "gtin": [
      "05412530834249",
      "05410091639617",
      "08718900001776",
      "05412530686565",
      "05412530834232",
      "04053158925868",
      "05410091719906"
    ],
    "topCategoryName": "Lichaamsverzorging/Parfumerie",
    "topCategoryId": "591",
    "businessDomain": "NON_FOOD",
    "IsPrivateLabel": false,
    "IsBiffe": false,
    "IsWeightArticle": false,
    "RecentQuanityOfStockUnits": "1",
    "LongName": "POLY PALETTE Donkerblond 500",
    "IsBio": false,
    "AlcoholVolume": "0",
    "CountryOfOrigin": "DUITSLAND",
    "FicCode": "N",
    "OrderUnit": "P",
    "ShortName": "PALETTE DONKERBL.500",
    "IsNew": false
  },
  {
    "productId": "1045243",
    "technicalArticleNumber": "4798050",
    "commercialArticleNumber": "4312",
    "name": "Maandverband Small",
    "description": "*Voor urineverlies\n*Medisch hulpmiddel",
    "brand": "ALWAYS DISCREET",
    "seoBrand": "Always Discreet",
    "thumbNail": "https://static.colruytgroup.com/images/200x200/nl_be/38/24/asset-3453824.jpg",
    "fullImage": "https://static.colruytgroup.com/images/500x500/nl_be/38/24/asset-3453824.jpg",
    "squareImage": "https://static.colruytgroup.com/images/500x500sq/nl_be/38/24/asset-3453824.jpg",
    "content": "20st",
    "walkRouteSequenceNumber": 14248,
    "price": {
      "basicPrice": 2.99,
      "recommendedQuantity": "1.0",
      "measurementUnitPrice": 0.15,
      "measurementUnit": "S",
      "isRedPrice": false,
      "pricePerUOM": 0.15,
      "activationDate": "19-03-2024",
      "recordSource": "Offline",
      "isPromoActive": "N",
      "priceChangeCode": "E"
    },
    "isAvailable": true,
    "isPriceAvailable": true,
    "inPromo": true,
    "promotion": [
      {
        "techPromoId": "100869COLR",
        "promotionId": "100869",
        "promotionType": "4",
        "isPersonalized": "N",
        "publicationStartDate": "13-03-2024",
        "publicationEndDate": "26-03-2024"
      }
    ],
    "gtin": [
      "08700216252881",
      "08700216252874"
    ],
    "topCategoryName": "Lichaamsverzorging/Parfumerie",
    "topCategoryId": "591",
    "businessDomain": "RETAIL_BE",
    "IsPrivateLabel": false,
    "IsBiffe": false,
    "WeightconversionFactor": "0",
    "IsWeightArticle": false,
    "IsBio": false,
    "CountryOfOrigin": "DUITSLAND",
    "IsExclusivelySoldInLuxembourg": false,
    "OrderUnit": "P",
    "ShortName": "ALWA DIS MVB SMALL 20ST",
    "IsNew": true,
    "RecentQuanityOfStockUnits": "1,2",
    "LongName": "ALWAYS DISCREET Maandverband Small 20st",
    "AlcoholVolume": "0",
    "FicCode": "N"
  },
  {
    "productId": "847205",
    "technicalArticleNumber": "4693552",
    "commercialArticleNumber": "17043",
    "name": "mesjes xxl",
    "description": "*Navulling met\n3-voudig mesje, voor\nMach3 scheerapparaat\n*12 stuks",
    "brand": "GILLETTE",
    "seoBrand": "Gillette Mach3",
    "thumbNail": "https://static.colruytgroup.com/images/200x200/std.lang.all/31/86/asset-3193186.jpg",
    "fullImage": "https://static.colruytgroup.com/images/500x500/std.lang.all/31/86/asset-3193186.jpg",
    "squareImage": "https://static.colruytgroup.com/images/500x500sq/std.lang.all/31/86/asset-3193186.jpg",
    "content": "12st",
    "walkRouteSequenceNumber": 18185,
    "price": {
      "basicPrice": 47.95,
      "recommendedQuantity": "1.0",
      "measurementUnitPrice": 4,
      "measurementUnit": "S",
      "isRedPrice": false,
      "pricePerUOM": 4,
      "activationDate": "19-03-2024",
      "recordSource": "Offline",
      "isPromoActive": "N",
      "priceChangeCode": "E"
    },
    "isAvailable": true,
    "isPriceAvailable": true,
    "inPromo": false,
    "gtin": [
      "08001090429247",
      "08001090428899"
    ],
    "topCategoryName": "Lichaamsverzorging/Parfumerie",
    "topCategoryId": "591",
    "businessDomain": "RETAIL_BE",
    "IsPrivateLabel": false,
    "IsBiffe": false,
    "WeightconversionFactor": "0",
    "IsWeightArticle": false,
    "IsBio": false,
    "CountryOfOrigin": "POLEN",
    "IsExclusivelySoldInLuxembourg": false,
    "OrderUnit": "P",
    "ShortName": "GILL MACH3 XXL 12MESJES",
    "IsNew": false,
    "RecentQuanityOfStockUnits": "1",
    "LongName": "GILLETTE mesjes xxl 12st",
    "FicCode": "N"
  },
  {
    "productId": "23443",
    "technicalArticleNumber": "1887802",
    "commercialArticleNumber": "720612",
    "name": "uitgroeiset lichtbruin R1",
    "brand": "SCHWARZKOPF",
    "seoBrand": "Schwarzkopf",
    "thumbNail": "https://static.colruytgroup.com/images/200x200/std.lang.all/86/37/asset-1228637.jpg",
    "fullImage": "https://static.colruytgroup.com/images/500x500/std.lang.all/86/37/asset-1228637.jpg",
    "squareImage": "https://static.colruytgroup.com/images/500x500sq/std.lang.all/86/37/asset-1228637.jpg",
    "walkRouteSequenceNumber": 15406,
    "price": {
      "basicPrice": 7.49,
      "recommendedQuantity": "1.0",
      "measurementUnitPrice": 7.49,
      "measurementUnit": "S",
      "isRedPrice": false,
      "pricePerUOM": 7.49,
      "activationDate": "20-03-2024",
      "recordSource": "Offline",
      "isPromoActive": "N",
      "priceChangeCode": "L"
    },
    "isAvailable": true,
    "isPriceAvailable": true,
    "inPromo": false,
    "gtin": [
      "05410091651985",
      "05410091722081",
      "05412530708182",
      "05412530838650",
      "08718900022337",
      "05412530838643"
    ],
    "topCategoryName": "Lichaamsverzorging/Parfumerie",
    "topCategoryId": "591",
    "businessDomain": "NON_FOOD",
    "IsPrivateLabel": false,
    "IsBiffe": false,
    "IsWeightArticle": false,
    "RecentQuanityOfStockUnits": "1",
    "LongName": "SCHWARZKOPF uitgroeiset lichtbruin R1",
    "IsBio": false,
    "CountryOfOrigin": "SLOVENIË",
    "FicCode": "N",
    "OrderUnit": "P",
    "ShortName": "VITAL UITGR.SET LBR-MBR",
    "IsNew": false
  },
  {
    "productId": "36660",
    "technicalArticleNumber": "1813610",
    "commercialArticleNumber": "720385",
    "name": "pneum.borstel 3051",
    "description": "x",
    "brand": "GDD",
    "seoBrand": "Gauthier De Duyck",
    "thumbNail": "https://static.colruytgroup.com/images/200x200/std.lang.all/42/42/asset-374242.jpg",
    "fullImage": "https://static.colruytgroup.com/images/500x500/std.lang.all/42/42/asset-374242.jpg",
    "squareImage": "https://static.colruytgroup.com/images/500x500sq/std.lang.all/42/42/asset-374242.jpg",
    "walkRouteSequenceNumber": 15350,
    "price": {
      "basicPrice": 9.6,
      "recommendedQuantity": "1.0",
      "measurementUnitPrice": 9.6,
      "measurementUnit": "S",
      "isRedPrice": false,
      "pricePerUOM": 9.6,
      "activationDate": "07-10-2022",
      "isPromoActive": "N",
      "priceChangeCode": "E"
    },
    "isAvailable": true,
    "isPriceAvailable": true,
    "inPromo": false,
    "gtin": [
      "15425001920034",
      "05425001920037"
    ],
    "topCategoryName": "Lichaamsverzorging/Parfumerie",
    "topCategoryId": "591",
    "businessDomain": "NON_FOOD",
    "IsPrivateLabel": false,
    "IsBiffe": false,
    "IsWeightArticle": false,
    "RecentQuanityOfStockUnits": "1",
    "LongName": "GDD pneum.borstel 3051",
    "IsBio": false,
    "CountryOfOrigin": "BELGIË",
    "FicCode": "N",
    "OrderUnit": "P",
    "ShortName": "GDD.PNEUM.BORSTEL 3051",
    "IsNew": false
  },
  {
    "productId": "144852",
    "technicalArticleNumber": "3300894",
    "commercialArticleNumber": "282940",
    "name": "Velv.smooth navul.extra grof",
    "description": "*Navulling: extra\ngrof",
    "brand": "SCHOLL",
    "seoBrand": "Scholl",
    "thumbNail": "https://static.colruytgroup.com/images/200x200/std.lang.all/46/82/asset-584682.jpg",
    "fullImage": "https://static.colruytgroup.com/images/500x500/std.lang.all/46/82/asset-584682.jpg",
    "squareImage": "https://static.colruytgroup.com/images/500x500sq/std.lang.all/46/82/asset-584682.jpg",
    "content": "2st",
    "walkRouteSequenceNumber": 14120,
    "price": {
      "basicPrice": 18.49,
      "recommendedQuantity": "1.0",
      "measurementUnitPrice": 9.25,
      "measurementUnit": "S",
      "isRedPrice": false,
      "pricePerUOM": 9.25,
      "activationDate": "19-03-2024",
      "recordSource": "Offline",
      "isPromoActive": "N",
      "priceChangeCode": "H"
    },
    "isAvailable": true,
    "isPriceAvailable": true,
    "inPromo": false,
    "gtin": [
      "05052197040302",
      "05052197040319",
      "05052197038965"
    ],
    "topCategoryName": "Lichaamsverzorging/Parfumerie",
    "topCategoryId": "591",
    "businessDomain": "NON_FOOD",
    "IsPrivateLabel": false,
    "IsBiffe": false,
    "IsWeightArticle": false,
    "RecentQuanityOfStockUnits": "1",
    "LongName": "SCHOLL Velv.smooth navul.extra grof 2st",
    "IsBio": false,
    "AlcoholVolume": "0",
    "CountryOfOrigin": "BELGIË",
    "FicCode": "N",
    "OrderUnit": "P",
    "ShortName": "SCHOLL V.SM.NAVUL.GROF",
    "IsNew": false
  },
  {
    "productId": "16117",
    "technicalArticleNumber": "1426662",
    "commercialArticleNumber": "605639",
    "name": "3-in-1 Zuiver. wascrème",
    "description": "*Wascrème\n*150 ml\n*Tegen puistjes",
    "brand": "CLEARASIL",
    "seoBrand": "Clearasil",
    "thumbNail": "https://static.colruytgroup.com/images/200x200/std.lang.all/36/27/asset-333627.jpg",
    "fullImage": "https://static.colruytgroup.com/images/500x500/std.lang.all/36/27/asset-333627.jpg",
    "squareImage": "https://static.colruytgroup.com/images/500x500sq/std.lang.all/36/27/asset-333627.jpg",
    "content": "150ml",
    "walkRouteSequenceNumber": 15484,
    "price": {
      "basicPrice": 7.55,
      "recommendedQuantity": "1.0",
      "measurementUnitPrice": 50.34,
      "measurementUnit": "L",
      "isRedPrice": false,
      "pricePerUOM": 50.34,
      "activationDate": "02-03-2024",
      "recordSource": "Offline",
      "isPromoActive": "N",
      "priceChangeCode": "H"
    },
    "isAvailable": true,
    "isPriceAvailable": true,
    "inPromo": false,
    "gtin": [
      "05000167815528",
      "05000167036046",
      "05410076577446"
    ],
    "topCategoryName": "Lichaamsverzorging/Parfumerie",
    "topCategoryId": "591",
    "businessDomain": "NON_FOOD",
    "IsPrivateLabel": false,
    "IsBiffe": false,
    "IsWeightArticle": false,
    "RecentQuanityOfStockUnits": "1",
    "LongName": "CLEARASIL 3-in-1 Zuiver. wascrème 150ml",
    "IsBio": false,
    "AlcoholVolume": "0",
    "CountryOfOrigin": "BELGIË",
    "FicCode": "N",
    "OrderUnit": "P",
    "ShortName": "CLEAR.3-IN-1 WASH",
    "IsNew": false
  },
  {
    "productId": "17260",
    "technicalArticleNumber": "1730786",
    "commercialArticleNumber": "720122",
    "name": "Casting Crème Gloss zwart 200",
    "brand": "L'OREAL",
    "seoBrand": "L'Oréal Paris",
    "thumbNail": "https://static.colruytgroup.com/images/200x200/std.lang.all/18/99/asset-3271899.jpg",
    "fullImage": "https://static.colruytgroup.com/images/500x500/std.lang.all/18/99/asset-3271899.jpg",
    "squareImage": "https://static.colruytgroup.com/images/500x500sq/std.lang.all/18/99/asset-3271899.jpg",
    "walkRouteSequenceNumber": 15448,
    "price": {
      "basicPrice": 9,
      "recommendedQuantity": "1.0",
      "measurementUnitPrice": 9,
      "measurementUnit": "S",
      "isRedPrice": false,
      "pricePerUOM": 9,
      "activationDate": "23-03-2024",
      "recordSource": "Folder",
      "isPromoActive": "N",
      "priceChangeCode": "E"
    },
    "isAvailable": true,
    "isPriceAvailable": true,
    "inPromo": false,
    "gtin": [
      "03600520985077",
      "03600520985336",
      "03600520985596",
      "03600523836406"
    ],
    "topCategoryName": "Lichaamsverzorging/Parfumerie",
    "topCategoryId": "591",
    "businessDomain": "NON_FOOD",
    "IsPrivateLabel": false,
    "IsBiffe": false,
    "IsWeightArticle": false,
    "RecentQuanityOfStockUnits": "1",
    "LongName": "L'OREAL Casting Crème Gloss zwart 200",
    "IsBio": false,
    "CountryOfOrigin": "BELGIË",
    "FicCode": "N",
    "OrderUnit": "P",
    "ShortName": "CASTING CREME 2 EBENE",
    "IsNew": false
  },
  {
    "productId": "6330",
    "technicalArticleNumber": "308384",
    "commercialArticleNumber": "308384",
    "name": "Nagellak Durcilong Diamant",
    "description": "DURCILONG\nNAGELLAK\n3.9.9 . + 3.9.10 .",
    "brand": "MAYBELLINE",
    "seoBrand": "Maybelline",
    "thumbNail": "https://static.colruytgroup.com/images/200x200/std.lang.all/07/15/asset-630715.jpg",
    "fullImage": "https://static.colruytgroup.com/images/500x500/std.lang.all/07/15/asset-630715.jpg",
    "squareImage": "https://static.colruytgroup.com/images/500x500sq/std.lang.all/07/15/asset-630715.jpg",
    "walkRouteSequenceNumber": 15803,
    "price": {
      "basicPrice": 10.79,
      "recommendedQuantity": "1.0",
      "measurementUnitPrice": 10.79,
      "measurementUnit": "S",
      "isRedPrice": false,
      "pricePerUOM": 10.79,
      "activationDate": "05-03-2024",
      "isPromoActive": "N",
      "priceChangeCode": "H"
    },
    "isAvailable": true,
    "isPriceAvailable": true,
    "inPromo": false,
    "gtin": [
      "00000030071179",
      "03017566421016",
      "03017566422013",
      "03600530275755",
      "03600530382934",
      "03600530382941",
      "03600530784097",
      "03600530784103",
      "03600531475864"
    ],
    "topCategoryName": "Lichaamsverzorging/Parfumerie",
    "topCategoryId": "591",
    "businessDomain": "NON_FOOD",
    "IsPrivateLabel": false,
    "IsBiffe": false,
    "IsWeightArticle": false,
    "RecentQuanityOfStockUnits": "1",
    "LongName": "MAYBELLINE Nagellak Durcilong Diamant",
    "IsBio": false,
    "AlcoholVolume": "0",
    "CountryOfOrigin": "BELGIË",
    "FicCode": "N",
    "OrderUnit": "P",
    "ShortName": "MAYB.DURCILONG DIAMANT",
    "IsNew": false
  },
  {
    "productId": "791824",
    "technicalArticleNumber": "4599000",
    "commercialArticleNumber": "2481",
    "name": "deo jasmijn/kersenbloesem",
    "description": "*48u bescherming deo\n*Assortiment\n-Jasmijn & Bergamot\n-Kersenbloesem &\nRode bessen",
    "brand": "NIVEA",
    "seoBrand": "Nivea",
    "thumbNail": "https://static.colruytgroup.com/images/200x200/std.lang.all/42/17/asset-2904217.jpg",
    "fullImage": "https://static.colruytgroup.com/images/500x500/std.lang.all/42/17/asset-2904217.jpg",
    "squareImage": "https://static.colruytgroup.com/images/500x500sq/std.lang.all/42/17/asset-2904217.jpg",
    "content": "150ml",
    "walkRouteSequenceNumber": 14725,
    "price": {
      "basicPrice": 4.49,
      "recommendedQuantity": "1.0",
      "measurementUnitPrice": 29.94,
      "measurementUnit": "L",
      "isRedPrice": false,
      "pricePerUOM": 29.94,
      "activationDate": "23-01-2024",
      "isPromoActive": "N",
      "priceChangeCode": "H"
    },
    "isAvailable": true,
    "isPriceAvailable": true,
    "inPromo": false,
    "gtin": [
      "35400141762311",
      "04005900943972",
      "04005900943965",
      "04005900943958",
      "04005900943897",
      "04005900943873",
      "04005900943880"
    ],
    "topCategoryName": "Lichaamsverzorging/Parfumerie",
    "topCategoryId": "591",
    "businessDomain": "RETAIL_BE",
    "IsPrivateLabel": false,
    "IsBiffe": false,
    "WeightconversionFactor": "0",
    "IsWeightArticle": false,
    "IsBio": false,
    "CountryOfOrigin": "DUITSLAND",
    "IsExclusivelySoldInLuxembourg": false,
    "OrderUnit": "P",
    "ShortName": "NIVE DEO JASM/KERS 150",
    "IsNew": false,
    "RecentQuanityOfStockUnits": "1,1,2",
    "LongName": "NIVEA deo jasmijn/kersenbloesem 150ml",
    "FicCode": "N"
  },
  {
    "productId": "12916",
    "technicalArticleNumber": "1218850",
    "commercialArticleNumber": "533939",
    "name": "gemodifieerde alcohol",
    "description": "*Met 70% alcohol",
    "brand": "HANSAPLAST",
    "seoBrand": "Hansaplast",
    "thumbNail": "https://static.colruytgroup.com/images/200x200/std.lang.all/75/14/asset-3347514.jpg",
    "fullImage": "https://static.colruytgroup.com/images/500x500/std.lang.all/75/14/asset-3347514.jpg",
    "squareImage": "https://static.colruytgroup.com/images/500x500sq/std.lang.all/75/14/asset-3347514.jpg",
    "content": "250ml",
    "walkRouteSequenceNumber": 14007,
    "price": {
      "basicPrice": 3.14,
      "recommendedQuantity": "1.0",
      "measurementUnitPrice": 12.56,
      "measurementUnit": "L",
      "isRedPrice": false,
      "pricePerUOM": 12.56,
      "activationDate": "17-02-2024",
      "recordSource": "Online",
      "isPromoActive": "N",
      "priceChangeCode": "E"
    },
    "isAvailable": true,
    "isPriceAvailable": true,
    "inPromo": false,
    "gtin": [
      "04005801319746",
      "03414091102043",
      "04005802108011",
      "04005801052735"
    ],
    "topCategoryName": "Lichaamsverzorging/Parfumerie",
    "topCategoryId": "591",
    "businessDomain": "NON_FOOD",
    "IsPrivateLabel": false,
    "IsBiffe": false,
    "IsWeightArticle": false,
    "RecentQuanityOfStockUnits": "1",
    "LongName": "HANSAPLAST gemodifieerde alcohol 250ml",
    "IsBio": false,
    "AlcoholVolume": "0",
    "CountryOfOrigin": "FRANKRIJK",
    "FicCode": "N",
    "OrderUnit": "P",
    "ShortName": "HANSAPL.GEMODIF.ALCO",
    "IsNew": false
  },
  {
    "productId": "1043213",
    "technicalArticleNumber": "4797947",
    "commercialArticleNumber": "3601",
    "name": "MVB Long",
    "description": "*Voor urineverlies\n*Medisch hulpmiddel",
    "brand": "ALWAYS DISCREET",
    "seoBrand": "Always Discreet",
    "thumbNail": "https://static.colruytgroup.com/images/200x200/nl_be/88/05/asset-3438805.jpg",
    "fullImage": "https://static.colruytgroup.com/images/500x500/nl_be/88/05/asset-3438805.jpg",
    "squareImage": "https://static.colruytgroup.com/images/500x500sq/nl_be/88/05/asset-3438805.jpg",
    "content": "10st",
    "walkRouteSequenceNumber": 14245,
    "price": {
      "basicPrice": 2.99,
      "recommendedQuantity": "1.0",
      "quantityPrice": 2.63,
      "quantityPriceQuantity": "3.0",
      "measurementUnitPrice": 0.299,
      "measurementUnitQuantityPrice": 0.263,
      "measurementUnit": "S",
      "isRedPrice": false,
      "pricePerUOM": 0.299,
      "activationDate": "13-03-2024",
      "recordSource": "Offline",
      "isPromoActive": "N",
      "priceChangeCode": "E",
      "quantityPricePerUOM": 0.263,
      "quantityActivationDate": "13-03-2024",
      "quantityPriceChangeCode": "L"
    },
    "isAvailable": true,
    "isPriceAvailable": true,
    "inPromo": false,
    "gtin": [
      "08700216252928",
      "08700216252911",
      "85400141562602"
    ],
    "topCategoryName": "Lichaamsverzorging/Parfumerie",
    "topCategoryId": "591",
    "businessDomain": "RETAIL_BE",
    "IsPrivateLabel": false,
    "IsBiffe": false,
    "WeightconversionFactor": "0",
    "IsWeightArticle": false,
    "IsBio": false,
    "CountryOfOrigin": "DUITSLAND",
    "IsExclusivelySoldInLuxembourg": false,
    "OrderUnit": "P",
    "ShortName": "ALWA DIS MVB LONG 10ST",
    "IsNew": true,
    "RecentQuanityOfStockUnits": "1,2,4",
    "LongName": "ALWAYS DISCREET MVB Long 10st",
    "AlcoholVolume": "0",
    "FicCode": "N"
  },
  {
    "productId": "815429",
    "technicalArticleNumber": "4644161",
    "commercialArticleNumber": "21420",
    "name": "mesjes",
    "brand": "GILLETTE LABS",
    "seoBrand": "Gillette Labs",
    "thumbNail": "https://static.colruytgroup.com/images/200x200/std.lang.all/07/76/asset-3210776.jpg",
    "fullImage": "https://static.colruytgroup.com/images/500x500/std.lang.all/07/76/asset-3210776.jpg",
    "squareImage": "https://static.colruytgroup.com/images/500x500sq/std.lang.all/07/76/asset-3210776.jpg",
    "content": "6st",
    "walkRouteSequenceNumber": 18190,
    "price": {
      "basicPrice": 35.99,
      "recommendedQuantity": "1.0",
      "measurementUnitPrice": 6,
      "measurementUnit": "S",
      "isRedPrice": false,
      "pricePerUOM": 6,
      "activationDate": "21-03-2024",
      "recordSource": "Offline",
      "isPromoActive": "N",
      "priceChangeCode": "H"
    },
    "isAvailable": true,
    "isPriceAvailable": true,
    "inPromo": true,
    "promotion": [
      {
        "techPromoId": "001978COLR",
        "promotionId": "001978",
        "promotionType": "3",
        "isPersonalized": "N",
        "publicationStartDate": "01-03-2024",
        "publicationEndDate": "31-03-2024"
      }
    ],
    "gtin": [
      "07702018627615",
      "07702018627622",
      "07702018627608"
    ],
    "topCategoryName": "Lichaamsverzorging/Parfumerie",
    "topCategoryId": "591",
    "businessDomain": "RETAIL_BE",
    "IsPrivateLabel": false,
    "IsBiffe": false,
    "WeightconversionFactor": "0",
    "IsWeightArticle": false,
    "IsBio": false,
    "CountryOfOrigin": "VERENIGDE STATEN VAN AMERIKA",
    "IsExclusivelySoldInLuxembourg": false,
    "OrderUnit": "P",
    "ShortName": "GILL LABS 6MES",
    "IsNew": false,
    "RecentQuanityOfStockUnits": "1",
    "LongName": "GILLETTE LABS mesjes 6st",
    "FicCode": "N"
  },
  {
    "productId": "24290",
    "technicalArticleNumber": "1927215",
    "commercialArticleNumber": "720759",
    "name": "Pleister Aqua Protect",
    "description": "*Pleister\n*Waterdicht",
    "brand": "HANSAPLAST",
    "seoBrand": "Hansaplast",
    "thumbNail": "https://static.colruytgroup.com/images/200x200/std.lang.all/11/30/asset-3391130.jpg",
    "fullImage": "https://static.colruytgroup.com/images/500x500/std.lang.all/11/30/asset-3391130.jpg",
    "squareImage": "https://static.colruytgroup.com/images/500x500sq/std.lang.all/11/30/asset-3391130.jpg",
    "content": "8st",
    "walkRouteSequenceNumber": 13912,
    "price": {
      "basicPrice": 6.39,
      "recommendedQuantity": "1.0",
      "measurementUnitPrice": 0.8,
      "measurementUnit": "S",
      "isRedPrice": false,
      "pricePerUOM": 0.8,
      "activationDate": "23-03-2024",
      "recordSource": "Folder",
      "isPromoActive": "N",
      "priceChangeCode": "E"
    },
    "isAvailable": true,
    "isPriceAvailable": true,
    "inPromo": false,
    "gtin": [
      "04005800225079",
      "04005802225077",
      "04006000036885"
    ],
    "topCategoryName": "Lichaamsverzorging/Parfumerie",
    "topCategoryId": "591",
    "businessDomain": "NON_FOOD",
    "IsPrivateLabel": false,
    "IsBiffe": false,
    "IsWeightArticle": false,
    "RecentQuanityOfStockUnits": "1,1",
    "LongName": "HANSAPLAST Pleister Aqua Protect 8st",
    "IsBio": false,
    "CountryOfOrigin": "SPANJE",
    "FicCode": "N",
    "OrderUnit": "P",
    "ShortName": "HSPL AQUA WONDGENEZING",
    "IsNew": false
  },
  {
    "productId": "24290",
    "technicalArticleNumber": "1927215",
    "commercialArticleNumber": "720759",
    "name": "Pleister Aqua Protect",
    "description": "*Pleister\n*Waterdicht",
    "brand": "HANSAPLAST",
    "seoBrand": "Hansaplast",
    "thumbNail": "https://static.colruytgroup.com/images/200x200/std.lang.all/11/30/asset-3391130.jpg",
    "fullImage": "https://static.colruytgroup.com/images/500x500/std.lang.all/11/30/asset-3391130.jpg",
    "squareImage": "https://static.colruytgroup.com/images/500x500sq/std.lang.all/11/30/asset-3391130.jpg",
    "content": "8st",
    "walkRouteSequenceNumber": 13912,
    "price": {
      "basicPrice": 6.39,
      "recommendedQuantity": "1.0",
      "measurementUnitPrice": 0.8,
      "measurementUnit": "S",
      "isRedPrice": false,
      "pricePerUOM": 0.8,
      "activationDate": "23-03-2024",
      "recordSource": "Folder",
      "isPromoActive": "N",
      "priceChangeCode": "E"
    },
    "isAvailable": true,
    "isPriceAvailable": true,
    "inPromo": false,
    "gtin": [
      "04005800225079",
      "04005802225077",
      "04006000036885"
    ],
    "topCategoryName": "Lichaamsverzorging/Parfumerie",
    "topCategoryId": "591",
    "businessDomain": "NON_FOOD",
    "IsPrivateLabel": false,
    "IsBiffe": false,
    "IsWeightArticle": false,
    "RecentQuanityOfStockUnits": "1,1",
    "LongName": "HANSAPLAST Pleister Aqua Protect 8st",
    "IsBio": false,
    "CountryOfOrigin": "SPANJE",
    "FicCode": "N",
    "OrderUnit": "P",
    "ShortName": "HSPL AQUA WONDGENEZING",
    "IsNew": false
  },
  {
    "productId": "17689",
    "technicalArticleNumber": "1561368",
    "commercialArticleNumber": "654463",
    "name": "Excellence donkerbruin 3",
    "brand": "L'OREAL",
    "seoBrand": "L'Oréal Paris",
    "thumbNail": "https://static.colruytgroup.com/images/200x200/std.lang.all/16/86/asset-3271686.jpg",
    "fullImage": "https://static.colruytgroup.com/images/500x500/std.lang.all/16/86/asset-3271686.jpg",
    "squareImage": "https://static.colruytgroup.com/images/500x500sq/std.lang.all/16/86/asset-3271686.jpg",
    "price": {
      "basicPrice": 10.49,
      "recommendedQuantity": "1.0",
      "measurementUnitPrice": 10.49,
      "measurementUnit": "S",
      "isRedPrice": false,
      "pricePerUOM": 10.49,
      "activationDate": "23-03-2024",
      "recordSource": "Folder",
      "isPromoActive": "N",
      "priceChangeCode": "E"
    },
    "isAvailable": true,
    "isPriceAvailable": true,
    "inPromo": false,
    "gtin": [
      "03600521171356",
      "55410103002175",
      "05410103002170",
      "03600523853588"
    ],
    "topCategoryName": "Lichaamsverzorging/Parfumerie",
    "topCategoryId": "591",
    "businessDomain": "NON_FOOD",
    "IsPrivateLabel": false,
    "IsBiffe": false,
    "IsWeightArticle": false,
    "RecentQuanityOfStockUnits": "1",
    "LongName": "L'OREAL Excellence donkerbruin 3",
    "IsBio": false,
    "CountryOfOrigin": "BELGIË",
    "FicCode": "N",
    "OrderUnit": "P",
    "ShortName": "EXCELLENCE NR 3",
    "IsNew": false
  },
  {
    "productId": "337609",
    "technicalArticleNumber": "3821538",
    "commercialArticleNumber": "346999",
    "name": "Revitalift Filler nacht",
    "description": "*Nachtcrème\n*50 ml\n*Anti-rimpel",
    "brand": "L'OREAL",
    "seoBrand": "L'Oréal Paris",
    "thumbNail": "https://static.colruytgroup.com/images/200x200/std.lang.all/58/08/asset-1425808.jpg",
    "fullImage": "https://static.colruytgroup.com/images/500x500/std.lang.all/58/08/asset-1425808.jpg",
    "squareImage": "https://static.colruytgroup.com/images/500x500sq/std.lang.all/58/08/asset-1425808.jpg",
    "content": "50ml",
    "walkRouteSequenceNumber": 15238,
    "price": {
      "basicPrice": 17.63,
      "recommendedQuantity": "1.0",
      "measurementUnitPrice": 352.6,
      "measurementUnit": "L",
      "isRedPrice": false,
      "pricePerUOM": 352.6,
      "activationDate": "21-03-2024",
      "recordSource": "Folder",
      "isPromoActive": "N",
      "priceChangeCode": "L"
    },
    "isAvailable": true,
    "isPriceAvailable": true,
    "inPromo": true,
    "promotion": [
      {
        "techPromoId": "100883COLR",
        "promotionId": "100883",
        "promotionType": "4",
        "isPersonalized": "N",
        "publicationStartDate": "13-03-2024",
        "publicationEndDate": "26-03-2024"
      }
    ],
    "gtin": [
      "03600523202041",
      "03600523201433"
    ],
    "topCategoryName": "Lichaamsverzorging/Parfumerie",
    "topCategoryId": "591",
    "businessDomain": "NON_FOOD",
    "IsPrivateLabel": false,
    "IsBiffe": false,
    "IsWeightArticle": false,
    "RecentQuanityOfStockUnits": "1",
    "LongName": "L'OREAL Revitalift Filler nacht 50ml",
    "IsBio": false,
    "CountryOfOrigin": "BELGIË",
    "FicCode": "N",
    "OrderUnit": "P",
    "ShortName": "LOR.REVIT.FILLER NACHT",
    "IsNew": false
  },
  {
    "productId": "847158",
    "technicalArticleNumber": "4693487",
    "commercialArticleNumber": "16464",
    "name": "deep clean zero",
    "description": "*Intensieve\nHydratatie\n*Voor glans & volume\n*Verwijdert roos",
    "brand": "HEAD&SHOULDERS",
    "seoBrand": "head&shoulders",
    "thumbNail": "https://static.colruytgroup.com/images/200x200/std.lang.all/34/38/asset-3193438.jpg",
    "fullImage": "https://static.colruytgroup.com/images/500x500/std.lang.all/34/38/asset-3193438.jpg",
    "squareImage": "https://static.colruytgroup.com/images/500x500sq/std.lang.all/34/38/asset-3193438.jpg",
    "content": "250ml",
    "walkRouteSequenceNumber": 15035,
    "price": {
      "basicPrice": 5.99,
      "recommendedQuantity": "1.0",
      "quantityPrice": 4.32,
      "quantityPriceQuantity": "3.0",
      "measurementUnitPrice": 23.96,
      "measurementUnitQuantityPrice": 17.28,
      "measurementUnit": "L",
      "isRedPrice": false,
      "pricePerUOM": 23.96,
      "activationDate": "12-03-2024",
      "recordSource": "Offline",
      "isPromoActive": "N",
      "priceChangeCode": "E",
      "quantityPricePerUOM": 17.28,
      "quantityActivationDate": "12-03-2024",
      "quantityPriceChangeCode": "H"
    },
    "isAvailable": true,
    "isPriceAvailable": true,
    "inPromo": false,
    "gtin": [
      "25400141620652",
      "08006540524831",
      "08006540524848"
    ],
    "topCategoryName": "Lichaamsverzorging/Parfumerie",
    "topCategoryId": "591",
    "businessDomain": "RETAIL_BE",
    "IsPrivateLabel": false,
    "IsBiffe": false,
    "WeightconversionFactor": "0",
    "IsWeightArticle": false,
    "IsBio": false,
    "CountryOfOrigin": "FRANKRIJK",
    "IsExclusivelySoldInLuxembourg": false,
    "OrderUnit": "P",
    "ShortName": "HS DEEP CLEAN ZERO 250",
    "IsNew": false,
    "RecentQuanityOfStockUnits": "2,1",
    "LongName": "HEAD&SHOULDERS deep clean zero 250ml",
    "FicCode": "N"
  },
  {
    "productId": "1803",
    "technicalArticleNumber": "23405",
    "commercialArticleNumber": "23405",
    "name": "aftershave Sensitive",
    "description": "*Aftershave\n*parfum:\n-Sensitive",
    "brand": "NIVEA MEN",
    "seoBrand": "Nivea Men",
    "thumbNail": "https://static.colruytgroup.com/images/200x200/std.lang.all/66/98/asset-1916698.jpg",
    "fullImage": "https://static.colruytgroup.com/images/500x500/std.lang.all/66/98/asset-1916698.jpg",
    "squareImage": "https://static.colruytgroup.com/images/500x500sq/std.lang.all/66/98/asset-1916698.jpg",
    "content": "100ml",
    "walkRouteSequenceNumber": 15209,
    "price": {
      "basicPrice": 7.25,
      "recommendedQuantity": "1.0",
      "quantityPrice": 4.79,
      "quantityPriceQuantity": "3.0",
      "measurementUnitPrice": 72.5,
      "measurementUnitQuantityPrice": 47.9,
      "measurementUnit": "L",
      "isRedPrice": false,
      "pricePerUOM": 72.5,
      "activationDate": "23-03-2024",
      "recordSource": "Offline",
      "isPromoActive": "N",
      "priceChangeCode": "E",
      "quantityPricePerUOM": 47.9,
      "quantityActivationDate": "23-03-2024",
      "quantityPriceChangeCode": "E"
    },
    "isAvailable": true,
    "isPriceAvailable": true,
    "inPromo": false,
    "gtin": [
      "18715200813068",
      "04005805000190",
      "04005808221875",
      "05410366083756",
      "08715200813009",
      "17319470007793",
      "17319470007809",
      "58715200813066"
    ],
    "topCategoryName": "Lichaamsverzorging/Parfumerie",
    "topCategoryId": "591",
    "businessDomain": "RETAIL_BE",
    "IsPrivateLabel": false,
    "IsBiffe": false,
    "WeightconversionFactor": "0",
    "IsWeightArticle": false,
    "IsBio": false,
    "CountryOfOrigin": "DUITSLAND",
    "IsExclusivelySoldInLuxembourg": false,
    "OrderUnit": "P",
    "ShortName": "NIVE.AFTS.SENSITIVE 100",
    "InSeason": true,
    "IsNew": false,
    "RecentQuanityOfStockUnits": "1",
    "LongName": "NIVEA MEN aftershave Sensitive 100ml",
    "AlcoholVolume": "0",
    "StartSeasonDate": "30/12/2002",
    "FicCode": "N"
  },
  {
    "productId": "16857",
    "technicalArticleNumber": "1453734",
    "commercialArticleNumber": "654018",
    "name": "Body Tonic verstev.cafeïne",
    "description": "*Bodylotion\n*Verstevigend",
    "brand": "GARNIER",
    "seoBrand": "Garnier",
    "thumbNail": "https://static.colruytgroup.com/images/200x200/std.lang.all/02/65/asset-3340265.jpg",
    "fullImage": "https://static.colruytgroup.com/images/500x500/std.lang.all/02/65/asset-3340265.jpg",
    "squareImage": "https://static.colruytgroup.com/images/500x500sq/std.lang.all/02/65/asset-3340265.jpg",
    "content": "400ml",
    "walkRouteSequenceNumber": 15516,
    "price": {
      "basicPrice": 7.49,
      "recommendedQuantity": "1.0",
      "measurementUnitPrice": 18.73,
      "measurementUnit": "L",
      "isRedPrice": false,
      "pricePerUOM": 18.73,
      "activationDate": "15-02-2024",
      "recordSource": "Offline",
      "isPromoActive": "N",
      "priceChangeCode": "L"
    },
    "isAvailable": true,
    "isPriceAvailable": true,
    "inPromo": false,
    "gtin": [
      "55410103129704",
      "03600540080509",
      "03600540080523",
      "03600541027190",
      "05410103020198",
      "05410103050447",
      "03600541334458",
      "03600541334489"
    ],
    "topCategoryName": "Lichaamsverzorging/Parfumerie",
    "topCategoryId": "591",
    "businessDomain": "NON_FOOD",
    "IsPrivateLabel": false,
    "IsBiffe": false,
    "IsWeightArticle": false,
    "RecentQuanityOfStockUnits": "1,1",
    "LongName": "GARNIER Body Tonic verstev.cafeïne 400ml",
    "IsBio": false,
    "CountryOfOrigin": "POLEN",
    "FicCode": "N",
    "OrderUnit": "P",
    "ShortName": "GAR TONIC STEV.CAFEINE",
    "IsNew": false
  },
  {
    "productId": "24458",
    "technicalArticleNumber": "2249650",
    "commercialArticleNumber": "832110",
    "name": "Volum'Express Colos.waterpr.",
    "brand": "MAYBELLINE",
    "seoBrand": "Maybelline",
    "thumbNail": "https://static.colruytgroup.com/images/200x200/std.lang.all/61/44/asset-346144.jpg",
    "fullImage": "https://static.colruytgroup.com/images/500x500/std.lang.all/61/44/asset-346144.jpg",
    "squareImage": "https://static.colruytgroup.com/images/500x500sq/std.lang.all/61/44/asset-346144.jpg",
    "price": {
      "basicPrice": 14.49,
      "recommendedQuantity": "1.0",
      "measurementUnitPrice": 14.49,
      "measurementUnit": "S",
      "isRedPrice": false,
      "pricePerUOM": 14.49,
      "activationDate": "23-03-2024",
      "recordSource": "Offline",
      "isPromoActive": "N",
      "priceChangeCode": "H"
    },
    "isAvailable": true,
    "isPriceAvailable": true,
    "inPromo": false,
    "gtin": [
      "03600530550807",
      "08710678300822",
      "03600530894314",
      "03600530894307",
      "03600530725557",
      "03600530550791",
      "03600530550814",
      "03600530550890",
      "03600530725540"
    ],
    "topCategoryName": "Lichaamsverzorging/Parfumerie",
    "topCategoryId": "591",
    "businessDomain": "NON_FOOD",
    "IsPrivateLabel": false,
    "IsBiffe": false,
    "IsWeightArticle": false,
    "RecentQuanityOfStockUnits": "1",
    "LongName": "MAYBELLINE Volum'Express Colos.waterpr.",
    "IsBio": false,
    "CountryOfOrigin": "BELGIË",
    "FicCode": "N",
    "OrderUnit": "P",
    "ShortName": "MAYB.VOL.EXPR.COLOSS.WP",
    "IsNew": false
  },
  {
    "productId": "246305",
    "technicalArticleNumber": "3660829",
    "commercialArticleNumber": "346807",
    "name": "middenbruin 4-1",
    "description": "SYOSS COLOR CREAM\nMIDDENBRUIN 4-1\n115 ML",
    "brand": "SYOSS",
    "seoBrand": "Syoss",
    "thumbNail": "https://static.colruytgroup.com/images/200x200/std.lang.all/18/52/asset-1211852.jpg",
    "fullImage": "https://static.colruytgroup.com/images/500x500/std.lang.all/18/52/asset-1211852.jpg",
    "squareImage": "https://static.colruytgroup.com/images/500x500sq/std.lang.all/18/52/asset-1211852.jpg",
    "walkRouteSequenceNumber": 15006,
    "price": {
      "basicPrice": 8.69,
      "recommendedQuantity": "1.0",
      "measurementUnitPrice": 8.69,
      "measurementUnit": "S",
      "isRedPrice": false,
      "pricePerUOM": 8.69,
      "activationDate": "28-02-2024",
      "recordSource": "Offline",
      "isPromoActive": "N",
      "priceChangeCode": "E"
    },
    "isAvailable": true,
    "isPriceAvailable": true,
    "inPromo": false,
    "gtin": [
      "05410091735470",
      "09000100635257",
      "05412530864185",
      "05412530864178"
    ],
    "topCategoryName": "Lichaamsverzorging/Parfumerie",
    "topCategoryId": "591",
    "businessDomain": "NON_FOOD",
    "IsPrivateLabel": false,
    "IsBiffe": false,
    "IsWeightArticle": false,
    "RecentQuanityOfStockUnits": "1",
    "LongName": "SYOSS middenbruin 4-1",
    "IsBio": false,
    "CountryOfOrigin": "DUITSLAND",
    "FicCode": "N",
    "OrderUnit": "P",
    "ShortName": "SYOSS COL.4-1 MID.BRUIN",
    "IsNew": false
  },
  {
    "productId": "283668",
    "technicalArticleNumber": "3661830",
    "commercialArticleNumber": "346809",
    "name": "licht bruin 5-1",
    "description": "SYOSS COLOR CREAM\nLICHT BRUIN 5-1\n115 ML",
    "brand": "SYOSS",
    "seoBrand": "Syoss",
    "thumbNail": "https://static.colruytgroup.com/images/200x200/std.lang.all/21/29/asset-1212129.jpg",
    "fullImage": "https://static.colruytgroup.com/images/500x500/std.lang.all/21/29/asset-1212129.jpg",
    "squareImage": "https://static.colruytgroup.com/images/500x500sq/std.lang.all/21/29/asset-1212129.jpg",
    "walkRouteSequenceNumber": 15005,
    "price": {
      "basicPrice": 8.69,
      "recommendedQuantity": "1.0",
      "measurementUnitPrice": 8.69,
      "measurementUnit": "S",
      "isRedPrice": false,
      "pricePerUOM": 8.69,
      "activationDate": "28-02-2024",
      "recordSource": "Offline",
      "isPromoActive": "N",
      "priceChangeCode": "E"
    },
    "isAvailable": true,
    "isPriceAvailable": true,
    "inPromo": false,
    "gtin": [
      "05410091736095",
      "05412530865045",
      "05412530865038"
    ],
    "topCategoryName": "Lichaamsverzorging/Parfumerie",
    "topCategoryId": "591",
    "businessDomain": "NON_FOOD",
    "IsPrivateLabel": false,
    "IsBiffe": false,
    "IsWeightArticle": false,
    "RecentQuanityOfStockUnits": "1",
    "LongName": "SYOSS licht bruin 5-1",
    "IsBio": false,
    "AlcoholVolume": "0",
    "CountryOfOrigin": "DUITSLAND",
    "FicCode": "N",
    "OrderUnit": "P",
    "ShortName": "SYOSS COL.5-1 LI.BRUIN",
    "IsNew": false
  },
  {
    "productId": "82141",
    "technicalArticleNumber": "2929545",
    "commercialArticleNumber": "282014",
    "name": "BB Miracle antiveroudering",
    "description": "*BB-crème\n*50 ml\n*Lichte huid",
    "brand": "GARNIER",
    "seoBrand": "Garnier",
    "thumbNail": "https://static.colruytgroup.com/images/200x200/std.lang.all/70/12/asset-377012.jpg",
    "fullImage": "https://static.colruytgroup.com/images/500x500/std.lang.all/70/12/asset-377012.jpg",
    "squareImage": "https://static.colruytgroup.com/images/500x500sq/std.lang.all/70/12/asset-377012.jpg",
    "content": "50ml",
    "walkRouteSequenceNumber": 15503,
    "price": {
      "basicPrice": 12.49,
      "recommendedQuantity": "1.0",
      "measurementUnitPrice": 249.8,
      "measurementUnit": "L",
      "isRedPrice": false,
      "pricePerUOM": 249.8,
      "activationDate": "15-02-2024",
      "recordSource": "Offline",
      "isPromoActive": "N",
      "priceChangeCode": "H"
    },
    "isAvailable": true,
    "isPriceAvailable": true,
    "inPromo": false,
    "gtin": [
      "03600541228221",
      "03600541228207"
    ],
    "topCategoryName": "Lichaamsverzorging/Parfumerie",
    "topCategoryId": "591",
    "businessDomain": "NON_FOOD",
    "IsPrivateLabel": false,
    "IsBiffe": false,
    "IsWeightArticle": false,
    "RecentQuanityOfStockUnits": "1",
    "LongName": "GARNIER BB Miracle antiveroudering 50ml",
    "IsBio": false,
    "CountryOfOrigin": "BELGIË",
    "FicCode": "N",
    "OrderUnit": "P",
    "ShortName": "GAR.BB CREAM ANTI-AGE",
    "IsNew": false
  },
  {
    "productId": "23444",
    "technicalArticleNumber": "1887805",
    "commercialArticleNumber": "720613",
    "name": "uitgroeiset donkerbruin R4",
    "brand": "SCHWARZKOPF",
    "seoBrand": "Schwarzkopf",
    "thumbNail": "https://static.colruytgroup.com/images/200x200/std.lang.all/36/81/asset-663681.jpg",
    "fullImage": "https://static.colruytgroup.com/images/500x500/std.lang.all/36/81/asset-663681.jpg",
    "squareImage": "https://static.colruytgroup.com/images/500x500sq/std.lang.all/36/81/asset-663681.jpg",
    "price": {
      "basicPrice": 7.49,
      "recommendedQuantity": "1.0",
      "measurementUnitPrice": 7.49,
      "measurementUnit": "S",
      "isRedPrice": false,
      "pricePerUOM": 7.49,
      "activationDate": "20-03-2024",
      "recordSource": "Offline",
      "isPromoActive": "N",
      "priceChangeCode": "L"
    },
    "isAvailable": true,
    "isPriceAvailable": true,
    "inPromo": false,
    "gtin": [
      "05410091651961",
      "05410091722012",
      "05412530708168",
      "05412530838551",
      "08718900022290",
      "05412530838544"
    ],
    "topCategoryName": "Lichaamsverzorging/Parfumerie",
    "topCategoryId": "591",
    "businessDomain": "NON_FOOD",
    "IsPrivateLabel": false,
    "IsBiffe": false,
    "IsWeightArticle": false,
    "RecentQuanityOfStockUnits": "1",
    "LongName": "SCHWARZKOPF uitgroeiset donkerbruin R4",
    "IsBio": false,
    "CountryOfOrigin": "SLOVENIË",
    "FicCode": "N",
    "OrderUnit": "P",
    "ShortName": "VITAL UITGR.SET DONKERB",
    "IsNew": false
  },
  {
    "productId": "728844",
    "technicalArticleNumber": "4485619",
    "commercialArticleNumber": "282049",
    "name": "Cell.Fil.AA SPF30 dagcrème",
    "description": "*Dagcrème\n*Anti-Age\n*Verstevigend",
    "brand": "NIVEA",
    "seoBrand": "Nivea",
    "thumbNail": "https://static.colruytgroup.com/images/200x200/std.lang.all/96/00/asset-2619600.jpg",
    "fullImage": "https://static.colruytgroup.com/images/500x500/std.lang.all/96/00/asset-2619600.jpg",
    "squareImage": "https://static.colruytgroup.com/images/500x500sq/std.lang.all/96/00/asset-2619600.jpg",
    "content": "50ml",
    "walkRouteSequenceNumber": 15604,
    "price": {
      "basicPrice": 14.99,
      "recommendedQuantity": "1.0",
      "measurementUnitPrice": 299.8,
      "measurementUnit": "L",
      "isRedPrice": false,
      "pricePerUOM": 299.8,
      "activationDate": "23-03-2024",
      "recordSource": "Offline",
      "isPromoActive": "N",
      "priceChangeCode": "E"
    },
    "isAvailable": true,
    "isPriceAvailable": true,
    "inPromo": false,
    "gtin": [
      "04005900476623",
      "04005900476630",
      "04005900476616"
    ],
    "topCategoryName": "Lichaamsverzorging/Parfumerie",
    "topCategoryId": "591",
    "businessDomain": "NON_FOOD",
    "IsPrivateLabel": false,
    "IsBiffe": false,
    "IsWeightArticle": false,
    "RecentQuanityOfStockUnits": "1",
    "LongName": "NIVEA Cell.Fil.AA SPF30 dagcrème 50ml",
    "IsBio": false,
    "CountryOfOrigin": "POLEN",
    "FicCode": "N",
    "OrderUnit": "P",
    "ShortName": "NIV.CELL.FIL.AA DAGCR",
    "IsNew": false
  },
  {
    "productId": "847185",
    "technicalArticleNumber": "4693526",
    "commercialArticleNumber": "16718",
    "name": "Mach3 turbo mesjes",
    "description": "*Navulling met\n3-voudig mesje, voor\nMach3 Turbo\nscheerapparaat\n*12 stuks",
    "brand": "GILLETTE",
    "seoBrand": "Gillette",
    "thumbNail": "https://static.colruytgroup.com/images/200x200/std.lang.all/31/00/asset-3193100.jpg",
    "fullImage": "https://static.colruytgroup.com/images/500x500/std.lang.all/31/00/asset-3193100.jpg",
    "squareImage": "https://static.colruytgroup.com/images/500x500sq/std.lang.all/31/00/asset-3193100.jpg",
    "content": "12st",
    "walkRouteSequenceNumber": 18212,
    "price": {
      "basicPrice": 46.49,
      "recommendedQuantity": "1.0",
      "measurementUnitPrice": 3.88,
      "measurementUnit": "S",
      "isRedPrice": false,
      "pricePerUOM": 3.88,
      "activationDate": "02-01-2024",
      "isPromoActive": "N",
      "priceChangeCode": "E"
    },
    "isAvailable": true,
    "isPriceAvailable": true,
    "inPromo": false,
    "gtin": [
      "08001090430182",
      "08001090430205"
    ],
    "topCategoryName": "Lichaamsverzorging/Parfumerie",
    "topCategoryId": "591",
    "businessDomain": "RETAIL_BE",
    "IsPrivateLabel": false,
    "IsBiffe": false,
    "WeightconversionFactor": "0",
    "IsWeightArticle": false,
    "IsBio": false,
    "CountryOfOrigin": "POLEN",
    "IsExclusivelySoldInLuxembourg": false,
    "OrderUnit": "P",
    "ShortName": "GILL MACH3 TURBO 12MES",
    "IsNew": false,
    "RecentQuanityOfStockUnits": "1",
    "LongName": "GILLETTE Mach3 turbo mesjes 12st",
    "FicCode": "N"
  },
  {
    "productId": "681725",
    "technicalArticleNumber": "4402018",
    "commercialArticleNumber": "282979",
    "name": "Cellular serum",
    "description": "*Serum\n*30ml\n*Anti-Spot",
    "brand": "NIVEA",
    "seoBrand": "Nivea Visage",
    "thumbNail": "https://static.colruytgroup.com/images/200x200/std.lang.all/13/74/asset-2851374.jpg",
    "fullImage": "https://static.colruytgroup.com/images/500x500/std.lang.all/13/74/asset-2851374.jpg",
    "squareImage": "https://static.colruytgroup.com/images/500x500sq/std.lang.all/13/74/asset-2851374.jpg",
    "content": "30ml",
    "walkRouteSequenceNumber": 14772,
    "price": {
      "basicPrice": 22.49,
      "recommendedQuantity": "1.0",
      "measurementUnitPrice": 749.67,
      "measurementUnit": "L",
      "isRedPrice": false,
      "pricePerUOM": 749.67,
      "activationDate": "23-03-2024",
      "recordSource": "Folder",
      "isPromoActive": "N",
      "priceChangeCode": "E"
    },
    "isAvailable": true,
    "isPriceAvailable": true,
    "inPromo": false,
    "gtin": [
      "04005900789402",
      "04005900789389",
      "04005900789396"
    ],
    "topCategoryName": "Lichaamsverzorging/Parfumerie",
    "topCategoryId": "591",
    "businessDomain": "NON_FOOD",
    "IsPrivateLabel": false,
    "IsBiffe": false,
    "IsWeightArticle": false,
    "RecentQuanityOfStockUnits": "1",
    "LongName": "NIVEA Cellular serum 30ml",
    "IsBio": false,
    "CountryOfOrigin": "POLEN",
    "FicCode": "N",
    "OrderUnit": "P",
    "ShortName": "NIV.CEL.ANTI-SPOT SERUM",
    "IsNew": false
  },
  {
    "productId": "473271",
    "technicalArticleNumber": "4067531",
    "commercialArticleNumber": "282808",
    "name": "rein.doekjes katoen fris",
    "description": "*Reinigingsdoekjes",
    "brand": "DEMAK'UP",
    "seoBrand": "Demak'Up",
    "thumbNail": "https://static.colruytgroup.com/images/200x200/std.lang.all/35/76/asset-1953576.jpg",
    "fullImage": "https://static.colruytgroup.com/images/500x500/std.lang.all/35/76/asset-1953576.jpg",
    "squareImage": "https://static.colruytgroup.com/images/500x500sq/std.lang.all/35/76/asset-1953576.jpg",
    "content": "25st",
    "walkRouteSequenceNumber": 15712,
    "price": {
      "basicPrice": 4.35,
      "recommendedQuantity": "1.0",
      "measurementUnitPrice": 0.174,
      "measurementUnit": "S",
      "isRedPrice": false,
      "pricePerUOM": 0.174,
      "activationDate": "15-02-2024",
      "recordSource": "Offline",
      "isPromoActive": "N",
      "priceChangeCode": "L"
    },
    "isAvailable": true,
    "isPriceAvailable": true,
    "inPromo": false,
    "gtin": [
      "03133200000185",
      "03133206782702"
    ],
    "topCategoryName": "Lichaamsverzorging/Parfumerie",
    "topCategoryId": "591",
    "businessDomain": "NON_FOOD",
    "IsPrivateLabel": false,
    "IsBiffe": false,
    "IsWeightArticle": false,
    "RecentQuanityOfStockUnits": "1",
    "LongName": "DEMAK'UP rein.doekjes katoen fris 25st",
    "IsBio": false,
    "CountryOfOrigin": "ITALIË",
    "FicCode": "N",
    "OrderUnit": "P",
    "ShortName": "DEMAKUP DOEKJES KATOEN",
    "IsNew": false
  },
  {
    "productId": "17906",
    "technicalArticleNumber": "1708392",
    "commercialArticleNumber": "720060",
    "name": "kammenset dames 3155",
    "description": "3 KAMMEN\nDAMES",
    "brand": "GDD",
    "seoBrand": "Gauthier De Duyck",
    "thumbNail": "https://static.colruytgroup.com/images/200x200/std.lang.all/99/03/asset-379903.jpg",
    "fullImage": "https://static.colruytgroup.com/images/500x500/std.lang.all/99/03/asset-379903.jpg",
    "squareImage": "https://static.colruytgroup.com/images/500x500sq/std.lang.all/99/03/asset-379903.jpg",
    "price": {
      "basicPrice": 4.3,
      "recommendedQuantity": "1.0",
      "measurementUnitPrice": 4.3,
      "measurementUnit": "S",
      "isRedPrice": false,
      "pricePerUOM": 4.3,
      "activationDate": "14-11-2022",
      "isPromoActive": "N",
      "priceChangeCode": "E"
    },
    "isAvailable": true,
    "isPriceAvailable": true,
    "inPromo": false,
    "gtin": [
      "15425001923585",
      "05425001923588"
    ],
    "topCategoryName": "Lichaamsverzorging/Parfumerie",
    "topCategoryId": "591",
    "businessDomain": "NON_FOOD",
    "IsPrivateLabel": false,
    "IsBiffe": false,
    "IsWeightArticle": false,
    "RecentQuanityOfStockUnits": "1",
    "LongName": "GDD kammenset dames 3155",
    "IsBio": false,
    "CountryOfOrigin": "BELGIË",
    "FicCode": "N",
    "OrderUnit": "P",
    "ShortName": "GDD KAMMENSET DAMES",
    "IsNew": false
  },
  {
    "productId": "766975",
    "technicalArticleNumber": "4550653",
    "commercialArticleNumber": "282991",
    "name": "COVID Zelftest",
    "description": "*Rapid SARS-CoV-2",
    "brand": "NEW GENE",
    "seoBrand": "New Gene",
    "thumbNail": "https://static.colruytgroup.com/images/200x200/std.lang.all/63/55/asset-2726355.jpg",
    "fullImage": "https://static.colruytgroup.com/images/500x500/std.lang.all/63/55/asset-2726355.jpg",
    "squareImage": "https://static.colruytgroup.com/images/500x500sq/std.lang.all/63/55/asset-2726355.jpg",
    "walkRouteSequenceNumber": 8540,
    "price": {
      "basicPrice": 1.94,
      "recommendedQuantity": "1.0",
      "measurementUnitPrice": 1.94,
      "measurementUnit": "S",
      "isRedPrice": false,
      "pricePerUOM": 1.94,
      "activationDate": "16-02-2023",
      "isPromoActive": "N",
      "priceChangeCode": "E"
    },
    "isAvailable": true,
    "isPriceAvailable": true,
    "inPromo": false,
    "gtin": [
      "06974108061901",
      "06974108067125",
      "06974108060201"
    ],
    "topCategoryName": "Lichaamsverzorging/Parfumerie",
    "topCategoryId": "591",
    "businessDomain": "NON_FOOD",
    "IsPrivateLabel": false,
    "IsBiffe": false,
    "IsWeightArticle": false,
    "RecentQuanityOfStockUnits": "1,1",
    "LongName": "NEW GENE COVID Zelftest",
    "IsBio": false,
    "CountryOfOrigin": "BELGIË",
    "FicCode": "N",
    "OrderUnit": "P",
    "ShortName": "NEW GENE ZELFTEST COVID",
    "IsNew": false
  },
  {
    "productId": "50503",
    "technicalArticleNumber": "2193747",
    "commercialArticleNumber": "23523",
    "name": "deo Invis.Rol.Dry F/Bl&Wh",
    "description": "*2 parfums: 48 u\n-Invisible Black &\nWhite\n-Dry Fresh\n*Anti-transpirant",
    "brand": "NIVEA MEN",
    "seoBrand": "Nivea Men",
    "thumbNail": "https://static.colruytgroup.com/images/200x200/std.lang.all/86/46/asset-1508646.jpg",
    "fullImage": "https://static.colruytgroup.com/images/500x500/std.lang.all/86/46/asset-1508646.jpg",
    "squareImage": "https://static.colruytgroup.com/images/500x500sq/std.lang.all/86/46/asset-1508646.jpg",
    "content": "50ml",
    "walkRouteSequenceNumber": 14656,
    "price": {
      "basicPrice": 3.49,
      "recommendedQuantity": "1.0",
      "quantityPrice": 2.09,
      "quantityPriceQuantity": "3.0",
      "measurementUnitPrice": 69.8,
      "measurementUnitQuantityPrice": 41.8,
      "measurementUnit": "L",
      "isRedPrice": false,
      "pricePerUOM": 69.8,
      "activationDate": "23-03-2024",
      "recordSource": "Offline",
      "isPromoActive": "N",
      "priceChangeCode": "E",
      "quantityPricePerUOM": 41.8,
      "quantityActivationDate": "23-03-2024",
      "quantityPriceChangeCode": "E"
    },
    "isAvailable": true,
    "isPriceAvailable": true,
    "inPromo": false,
    "gtin": [
      "15400141596202",
      "00000042240020",
      "00000042242994",
      "00000042243090",
      "00000042345145",
      "00000042345169",
      "00000042345305",
      "00000042349358",
      "04005900035837",
      "04005900458049",
      "04005900458209",
      "05400141992359"
    ],
    "topCategoryName": "Lichaamsverzorging/Parfumerie",
    "topCategoryId": "591",
    "businessDomain": "RETAIL_BE",
    "IsPrivateLabel": false,
    "IsBiffe": false,
    "WeightconversionFactor": "0",
    "IsWeightArticle": false,
    "IsBio": false,
    "CountryOfOrigin": "DUITSLAND",
    "IsExclusivelySoldInLuxembourg": false,
    "OrderUnit": "P",
    "ShortName": "NIV.ROLON.FR.BW/PR&C50",
    "IsNew": false,
    "RecentQuanityOfStockUnits": "1,2,1",
    "LongName": "NIVEA MEN deo Invis.Rol.Dry F/Bl&Wh 50ml",
    "AlcoholVolume": "0",
    "FicCode": "N"
  },
  {
    "productId": "270737",
    "technicalArticleNumber": "3625425",
    "commercialArticleNumber": "346690",
    "name": "Rare Flowers tonic",
    "description": "*Tonic\n*400 ml\n*Dermo Expertise",
    "brand": "L'OREAL",
    "seoBrand": "L'Oréal Paris",
    "thumbNail": "https://static.colruytgroup.com/images/200x200/std.lang.all/51/89/asset-1155189.jpg",
    "fullImage": "https://static.colruytgroup.com/images/500x500/std.lang.all/51/89/asset-1155189.jpg",
    "squareImage": "https://static.colruytgroup.com/images/500x500sq/std.lang.all/51/89/asset-1155189.jpg",
    "content": "400ml",
    "walkRouteSequenceNumber": 15266,
    "price": {
      "basicPrice": 7.59,
      "recommendedQuantity": "1.0",
      "measurementUnitPrice": 18.98,
      "measurementUnit": "L",
      "isRedPrice": false,
      "pricePerUOM": 18.98,
      "activationDate": "27-02-2024",
      "recordSource": "Offline",
      "isPromoActive": "N",
      "priceChangeCode": "H"
    },
    "isAvailable": true,
    "isPriceAvailable": true,
    "inPromo": true,
    "promotion": [
      {
        "techPromoId": "100883COLR",
        "promotionId": "100883",
        "promotionType": "4",
        "isPersonalized": "N",
        "publicationStartDate": "13-03-2024",
        "publicationEndDate": "26-03-2024"
      }
    ],
    "gtin": [
      "03600523440368",
      "03600523439898"
    ],
    "topCategoryName": "Lichaamsverzorging/Parfumerie",
    "topCategoryId": "591",
    "businessDomain": "NON_FOOD",
    "IsPrivateLabel": false,
    "IsBiffe": false,
    "IsWeightArticle": false,
    "RecentQuanityOfStockUnits": "1",
    "LongName": "L'OREAL Rare Flowers tonic 400ml",
    "IsBio": false,
    "CountryOfOrigin": "BELGIË",
    "FicCode": "N",
    "OrderUnit": "P",
    "ShortName": "LOR. RARE FL. TONIC",
    "IsNew": false
  },
  {
    "productId": "849061",
    "technicalArticleNumber": "4696446",
    "commercialArticleNumber": "30754",
    "name": "scheerapp.face&body",
    "description": "*Scheerapparaat\nFace+Body\n*Met Oplaadbare\nbatterij\n*5-in1trimkam(1-5mm)",
    "brand": "PHILIPS ONEBLADE",
    "seoBrand": "Philips One Blade",
    "thumbNail": "https://static.colruytgroup.com/images/200x200/std.lang.all/47/53/asset-3034753.jpg",
    "fullImage": "https://static.colruytgroup.com/images/500x500/std.lang.all/47/53/asset-3034753.jpg",
    "squareImage": "https://static.colruytgroup.com/images/500x500sq/std.lang.all/47/53/asset-3034753.jpg",
    "walkRouteSequenceNumber": 18174,
    "price": {
      "basicPrice": 39.99,
      "recommendedQuantity": "1.0",
      "measurementUnitPrice": 39.99,
      "measurementUnit": "S",
      "isRedPrice": false,
      "pricePerUOM": 39.99,
      "activationDate": "23-03-2024",
      "recordSource": "Folder",
      "isPromoActive": "N",
      "priceChangeCode": "E"
    },
    "isAvailable": true,
    "isPriceAvailable": true,
    "inPromo": false,
    "gtin": [
      "18720689001981",
      "08720689001984",
      "08720689003438",
      "18720689003435"
    ],
    "topCategoryName": "Lichaamsverzorging/Parfumerie",
    "topCategoryId": "591",
    "businessDomain": "RETAIL_BE",
    "IsPrivateLabel": false,
    "IsBiffe": false,
    "WeightconversionFactor": "0",
    "IsWeightArticle": false,
    "IsBio": false,
    "CountryOfOrigin": "INDONESIË",
    "IsExclusivelySoldInLuxembourg": false,
    "OrderUnit": "P",
    "ShortName": "PHIL.ONE BL.FACE&BODY",
    "IsNew": false,
    "RecentQuanityOfStockUnits": "1,1",
    "LongName": "PHILIPS ONEBLADE scheerapp.face&body",
    "FicCode": "N"
  },
  {
    "productId": "519614",
    "technicalArticleNumber": "4103121",
    "commercialArticleNumber": "8477",
    "name": "Silhouette luiers Plus Crème L",
    "description": "*Ondergoed L (8s)\n*Zwaar urineverlies\n*Triple Protection\n*Odour Control\n*Parfumvrij",
    "brand": "TENA",
    "seoBrand": "Tena",
    "thumbNail": "https://static.colruytgroup.com/images/200x200/std.lang.all/83/37/asset-3258337.jpg",
    "fullImage": "https://static.colruytgroup.com/images/500x500/std.lang.all/83/37/asset-3258337.jpg",
    "squareImage": "https://static.colruytgroup.com/images/500x500sq/std.lang.all/83/37/asset-3258337.jpg",
    "content": "8st",
    "walkRouteSequenceNumber": 13963,
    "price": {
      "basicPrice": 9.14,
      "recommendedQuantity": "1.0",
      "measurementUnitPrice": 1.15,
      "measurementUnit": "S",
      "isRedPrice": false,
      "pricePerUOM": 1.15,
      "activationDate": "21-03-2024",
      "recordSource": "Folder",
      "isPromoActive": "N",
      "priceChangeCode": "L"
    },
    "isAvailable": true,
    "isPriceAvailable": true,
    "inPromo": true,
    "promotion": [
      {
        "techPromoId": "100838COLR",
        "promotionId": "100838",
        "promotionType": "3",
        "isPersonalized": "N",
        "publicationStartDate": "13-03-2024",
        "publicationEndDate": "26-03-2024"
      }
    ],
    "gtin": [
      "07322540907230",
      "07322540907247"
    ],
    "topCategoryName": "Lichaamsverzorging/Parfumerie",
    "topCategoryId": "591",
    "businessDomain": "RETAIL_BE",
    "IsPrivateLabel": false,
    "IsBiffe": false,
    "WeightconversionFactor": "0",
    "IsWeightArticle": false,
    "IsBio": false,
    "CountryOfOrigin": "POLEN",
    "IsExclusivelySoldInLuxembourg": false,
    "OrderUnit": "P",
    "ShortName": "TENA SILH.LUIER.CR.LA8S",
    "IsNew": false,
    "RecentQuanityOfStockUnits": "1,4",
    "LongName": "TENA Silhouette luiers Plus Crème L 8st",
    "FicCode": "N"
  },
  {
    "productId": "246301",
    "technicalArticleNumber": "3660824",
    "commercialArticleNumber": "346806",
    "name": "chocolade bruin 4-8",
    "description": "SYOSS COLOR CREAM\nCHOCOLADE BRUIN 4-8\n115 ML",
    "brand": "SYOSS",
    "seoBrand": "Syoss",
    "thumbNail": "https://static.colruytgroup.com/images/200x200/std.lang.all/18/51/asset-1211851.jpg",
    "fullImage": "https://static.colruytgroup.com/images/500x500/std.lang.all/18/51/asset-1211851.jpg",
    "squareImage": "https://static.colruytgroup.com/images/500x500sq/std.lang.all/18/51/asset-1211851.jpg",
    "walkRouteSequenceNumber": 14998,
    "price": {
      "basicPrice": 8.69,
      "recommendedQuantity": "1.0",
      "measurementUnitPrice": 8.69,
      "measurementUnit": "S",
      "isRedPrice": false,
      "pricePerUOM": 8.69,
      "activationDate": "28-02-2024",
      "recordSource": "Offline",
      "isPromoActive": "N",
      "priceChangeCode": "E"
    },
    "isAvailable": true,
    "isPriceAvailable": true,
    "inPromo": false,
    "gtin": [
      "05412530864253",
      "05412530864246",
      "05410091735500"
    ],
    "topCategoryName": "Lichaamsverzorging/Parfumerie",
    "topCategoryId": "591",
    "businessDomain": "NON_FOOD",
    "IsPrivateLabel": false,
    "IsBiffe": false,
    "IsWeightArticle": false,
    "RecentQuanityOfStockUnits": "1",
    "LongName": "SYOSS chocolade bruin 4-8",
    "IsBio": false,
    "AlcoholVolume": "0",
    "CountryOfOrigin": "DUITSLAND",
    "FicCode": "N",
    "OrderUnit": "P",
    "ShortName": "SYOSS COL.4-8 CHO.BRUIN",
    "IsNew": false
  },
  {
    "productId": "564615",
    "technicalArticleNumber": "4205310",
    "commercialArticleNumber": "15946",
    "name": "douchegel aloe vera",
    "description": "*Douchegel\n*Parfum:\n-Creme Aloè Vera",
    "brand": "NIVEA",
    "seoBrand": "Nivea",
    "thumbNail": "https://static.colruytgroup.com/images/200x200/std.lang.all/70/91/asset-2377091.jpg",
    "fullImage": "https://static.colruytgroup.com/images/500x500/std.lang.all/70/91/asset-2377091.jpg",
    "squareImage": "https://static.colruytgroup.com/images/500x500sq/std.lang.all/70/91/asset-2377091.jpg",
    "content": "250ml",
    "walkRouteSequenceNumber": 14613,
    "price": {
      "basicPrice": 3.49,
      "recommendedQuantity": "1.0",
      "quantityPrice": 2.09,
      "quantityPriceQuantity": "5.0",
      "measurementUnitPrice": 13.96,
      "measurementUnitQuantityPrice": 8.36,
      "measurementUnit": "L",
      "isRedPrice": false,
      "pricePerUOM": 13.96,
      "activationDate": "18-03-2024",
      "recordSource": "Offline",
      "isPromoActive": "N",
      "priceChangeCode": "E",
      "quantityPricePerUOM": 8.36,
      "quantityActivationDate": "18-03-2024",
      "quantityPriceChangeCode": "L"
    },
    "isAvailable": true,
    "isPriceAvailable": true,
    "inPromo": false,
    "gtin": [
      "04005900732941",
      "04005900732958",
      "04005900732934",
      "04005900515773",
      "75400141312675",
      "04005900647696",
      "04005900647672",
      "04005900515759"
    ],
    "topCategoryName": "Lichaamsverzorging/Parfumerie",
    "topCategoryId": "591",
    "businessDomain": "RETAIL_BE",
    "IsPrivateLabel": false,
    "IsBiffe": false,
    "WeightconversionFactor": "0",
    "IsWeightArticle": false,
    "IsBio": false,
    "CountryOfOrigin": "DUITSLAND",
    "IsExclusivelySoldInLuxembourg": false,
    "OrderUnit": "P",
    "ShortName": "NIVE DCH.ALOE 250ML",
    "InSeason": true,
    "IsNew": false,
    "RecentQuanityOfStockUnits": "2,1,1",
    "LongName": "NIVEA douchegel aloe vera 250ml",
    "StartSeasonDate": "13/11/2020",
    "FicCode": "N"
  },
  {
    "productId": "4914",
    "technicalArticleNumber": "436182",
    "commercialArticleNumber": "436182",
    "name": "Excellence middenbruin 4",
    "brand": "L'OREAL",
    "seoBrand": "L'Oréal Paris",
    "thumbNail": "https://static.colruytgroup.com/images/200x200/std.lang.all/16/84/asset-3271684.jpg",
    "fullImage": "https://static.colruytgroup.com/images/500x500/std.lang.all/16/84/asset-3271684.jpg",
    "squareImage": "https://static.colruytgroup.com/images/500x500sq/std.lang.all/16/84/asset-3271684.jpg",
    "walkRouteSequenceNumber": 15378,
    "price": {
      "basicPrice": 10.49,
      "recommendedQuantity": "1.0",
      "measurementUnitPrice": 10.49,
      "measurementUnit": "S",
      "isRedPrice": false,
      "pricePerUOM": 10.49,
      "activationDate": "23-03-2024",
      "recordSource": "Folder",
      "isPromoActive": "N",
      "priceChangeCode": "E"
    },
    "isAvailable": true,
    "isPriceAvailable": true,
    "inPromo": false,
    "gtin": [
      "05410103037943",
      "55410103002144",
      "55410103057168",
      "03600521171370",
      "03600523853649",
      "05410103002149"
    ],
    "topCategoryName": "Lichaamsverzorging/Parfumerie",
    "topCategoryId": "591",
    "businessDomain": "NON_FOOD",
    "IsPrivateLabel": false,
    "IsBiffe": false,
    "IsWeightArticle": false,
    "RecentQuanityOfStockUnits": "1",
    "LongName": "L'OREAL Excellence middenbruin 4",
    "IsBio": false,
    "CountryOfOrigin": "BELGIË",
    "FicCode": "N",
    "OrderUnit": "P",
    "ShortName": "EXCELLENCE NR 4",
    "IsNew": false
  },
  {
    "productId": "847881",
    "technicalArticleNumber": "4694680",
    "commercialArticleNumber": "23001",
    "name": "ProGlide Power",
    "description": "*Navulling met\n5-voudig mesje en\nprecisiemesje, voor\nFusion apparaten\n*6 stuks",
    "brand": "GILLETTE",
    "seoBrand": "Gillette",
    "thumbNail": "https://static.colruytgroup.com/images/200x200/std.lang.all/17/97/asset-3161797.jpg",
    "fullImage": "https://static.colruytgroup.com/images/500x500/std.lang.all/17/97/asset-3161797.jpg",
    "squareImage": "https://static.colruytgroup.com/images/500x500sq/std.lang.all/17/97/asset-3161797.jpg",
    "content": "6st",
    "walkRouteSequenceNumber": 18182,
    "price": {
      "basicPrice": 37.95,
      "recommendedQuantity": "1.0",
      "measurementUnitPrice": 6.33,
      "measurementUnit": "S",
      "isRedPrice": false,
      "pricePerUOM": 6.33,
      "activationDate": "21-03-2024",
      "recordSource": "Offline",
      "isPromoActive": "N",
      "priceChangeCode": "E"
    },
    "isAvailable": true,
    "isPriceAvailable": true,
    "inPromo": false,
    "gtin": [
      "08001090461285",
      "08001090460790"
    ],
    "topCategoryName": "Lichaamsverzorging/Parfumerie",
    "topCategoryId": "591",
    "businessDomain": "RETAIL_BE",
    "IsPrivateLabel": false,
    "IsBiffe": false,
    "WeightconversionFactor": "0",
    "IsWeightArticle": false,
    "IsBio": false,
    "CountryOfOrigin": "DUITSLAND",
    "IsExclusivelySoldInLuxembourg": false,
    "OrderUnit": "P",
    "ShortName": "GILL FUS.PR.GL.MES POW6",
    "IsNew": false,
    "RecentQuanityOfStockUnits": "1",
    "LongName": "GILLETTE ProGlide Power 6st",
    "FicCode": "N"
  },
  {
    "productId": "34840",
    "technicalArticleNumber": "1809540",
    "commercialArticleNumber": "720354",
    "name": "Nagellak Tenue&Strong 25",
    "description": "GEMEY NAGELLAK\nTENUE & STRONG 25\nTRANSPARANT",
    "brand": "MAYBELLINE",
    "seoBrand": "Maybelline",
    "thumbNail": "https://static.colruytgroup.com/images/200x200/std.lang.all/33/02/asset-533302.jpg",
    "fullImage": "https://static.colruytgroup.com/images/500x500/std.lang.all/33/02/asset-533302.jpg",
    "squareImage": "https://static.colruytgroup.com/images/500x500sq/std.lang.all/33/02/asset-533302.jpg",
    "content": "10ml",
    "walkRouteSequenceNumber": 15791,
    "price": {
      "basicPrice": 8.89,
      "recommendedQuantity": "1.0",
      "measurementUnitPrice": 8.89,
      "measurementUnit": "S",
      "isRedPrice": false,
      "pricePerUOM": 8.89,
      "activationDate": "15-03-2024",
      "recordSource": "Offline",
      "isPromoActive": "N",
      "priceChangeCode": "H"
    },
    "isAvailable": true,
    "isPriceAvailable": true,
    "inPromo": false,
    "gtin": [
      "03600530351190",
      "03600530351572",
      "03600530495900",
      "03600530351954",
      "03600531473105"
    ],
    "topCategoryName": "Lichaamsverzorging/Parfumerie",
    "topCategoryId": "591",
    "businessDomain": "NON_FOOD",
    "IsPrivateLabel": false,
    "IsBiffe": false,
    "IsWeightArticle": false,
    "RecentQuanityOfStockUnits": "1",
    "LongName": "MAYBELLINE Nagellak Tenue&Strong 25 10ml",
    "IsBio": false,
    "AlcoholVolume": "0",
    "CountryOfOrigin": "BELGIË",
    "FicCode": "N",
    "OrderUnit": "P",
    "ShortName": "MAYB.TENUE&STRONG 25",
    "IsNew": false
  },
  {
    "productId": "841586",
    "technicalArticleNumber": "4686439",
    "commercialArticleNumber": "23377",
    "name": "gel v12/unlimited hold",
    "description": "*Gel 300 ml\n*Assortiment:\n-Unlimited Hold 7\n-V12 Styling 12",
    "brand": "TAFT",
    "seoBrand": "Taft",
    "thumbNail": "https://static.colruytgroup.com/images/200x200/std.lang.all/59/89/asset-2985989.jpg",
    "fullImage": "https://static.colruytgroup.com/images/500x500/std.lang.all/59/89/asset-2985989.jpg",
    "squareImage": "https://static.colruytgroup.com/images/500x500sq/std.lang.all/59/89/asset-2985989.jpg",
    "content": "300ml",
    "walkRouteSequenceNumber": 15310,
    "price": {
      "basicPrice": 5.55,
      "recommendedQuantity": "1.0",
      "measurementUnitPrice": 18.5,
      "measurementUnit": "L",
      "isRedPrice": false,
      "pricePerUOM": 18.5,
      "activationDate": "11-03-2024",
      "recordSource": "Offline",
      "isPromoActive": "N",
      "priceChangeCode": "E"
    },
    "isAvailable": true,
    "isPriceAvailable": true,
    "inPromo": false,
    "gtin": [
      "05412530915719",
      "05410091761189",
      "05410091761103",
      "05412530915634",
      "05410091771034",
      "05410091771157",
      "05412530939739",
      "05412530939852",
      "15400141620655"
    ],
    "topCategoryName": "Lichaamsverzorging/Parfumerie",
    "topCategoryId": "591",
    "businessDomain": "RETAIL_BE",
    "IsPrivateLabel": false,
    "IsBiffe": false,
    "WeightconversionFactor": "0",
    "IsWeightArticle": false,
    "IsBio": false,
    "CountryOfOrigin": "SLOVENIË",
    "IsExclusivelySoldInLuxembourg": false,
    "OrderUnit": "P",
    "ShortName": "TAFT GEL V12/ULTIM300",
    "IsNew": false,
    "RecentQuanityOfStockUnits": "1,1",
    "LongName": "TAFT gel v12/unlimited hold 300ml",
    "AlcoholVolume": "0",
    "FicCode": "N"
  },
  {
    "productId": "847823",
    "technicalArticleNumber": "4694598",
    "commercialArticleNumber": "22331",
    "name": "power apparaat",
    "description": "*app.met batterij\n*+1 5-voudig\nmesje met\nprecisiemesje.",
    "brand": "GILLETTE FUSION5",
    "seoBrand": "Gillette Fusion5",
    "thumbNail": "https://static.colruytgroup.com/images/200x200/std.lang.all/30/94/asset-3193094.jpg",
    "fullImage": "https://static.colruytgroup.com/images/500x500/std.lang.all/30/94/asset-3193094.jpg",
    "squareImage": "https://static.colruytgroup.com/images/500x500sq/std.lang.all/30/94/asset-3193094.jpg",
    "walkRouteSequenceNumber": 18211,
    "price": {
      "basicPrice": 22.59,
      "recommendedQuantity": "1.0",
      "quantityPrice": 15.06,
      "quantityPriceQuantity": "3.0",
      "measurementUnitPrice": 22.59,
      "measurementUnitQuantityPrice": 15.06,
      "measurementUnit": "S",
      "isRedPrice": false,
      "pricePerUOM": 22.59,
      "activationDate": "23-03-2024",
      "recordSource": "Offline",
      "isPromoActive": "N",
      "priceChangeCode": "E",
      "quantityPricePerUOM": 15.06,
      "quantityActivationDate": "23-03-2024",
      "quantityPriceChangeCode": "E"
    },
    "isAvailable": true,
    "isPriceAvailable": true,
    "inPromo": false,
    "gtin": [
      "08001090420701",
      "08001090420671"
    ],
    "topCategoryName": "Lichaamsverzorging/Parfumerie",
    "topCategoryId": "591",
    "businessDomain": "RETAIL_BE",
    "IsPrivateLabel": false,
    "IsBiffe": false,
    "WeightconversionFactor": "0",
    "IsWeightArticle": false,
    "IsBio": false,
    "CountryOfOrigin": "CHINA (VOLKSREBUPLIEK)",
    "IsExclusivelySoldInLuxembourg": false,
    "OrderUnit": "P",
    "ShortName": "GILL.FUS 5.POW.APP.1ST",
    "IsNew": false,
    "RecentQuanityOfStockUnits": "1",
    "LongName": "GILLETTE FUSION5 power apparaat",
    "FicCode": "N"
  },
  {
    "productId": "59476",
    "technicalArticleNumber": "2179593",
    "commercialArticleNumber": "720987",
    "name": "Dream Satin fl.foundation 30",
    "description": "GEMEY FOND DE TEINT\nDREAM SATIN FLUIDE\n030 SABLE",
    "brand": "MAYBELLINE",
    "seoBrand": "Maybelline",
    "thumbNail": "https://static.colruytgroup.com/images/200x200/std.lang.all/63/86/asset-346386.jpg",
    "fullImage": "https://static.colruytgroup.com/images/500x500/std.lang.all/63/86/asset-346386.jpg",
    "squareImage": "https://static.colruytgroup.com/images/500x500sq/std.lang.all/63/86/asset-346386.jpg",
    "price": {
      "basicPrice": 13.49,
      "recommendedQuantity": "1.0",
      "measurementUnitPrice": 13.49,
      "measurementUnit": "S",
      "isRedPrice": false,
      "pricePerUOM": 13.49,
      "activationDate": "15-03-2024",
      "recordSource": "Offline",
      "isPromoActive": "N",
      "priceChangeCode": "H"
    },
    "isAvailable": true,
    "isPriceAvailable": true,
    "inPromo": false,
    "gtin": [
      "03600530523641",
      "03600530523825",
      "03600531285883",
      "03600531285913",
      "03600530524006"
    ],
    "topCategoryName": "Lichaamsverzorging/Parfumerie",
    "topCategoryId": "591",
    "businessDomain": "NON_FOOD",
    "IsPrivateLabel": false,
    "IsBiffe": false,
    "IsWeightArticle": false,
    "RecentQuanityOfStockUnits": "1",
    "LongName": "MAYBELLINE Dream Satin fl.foundation 30",
    "IsBio": false,
    "CountryOfOrigin": "BELGIË",
    "FicCode": "N",
    "OrderUnit": "P",
    "ShortName": "MAY.DREAM SAT.FLUIDE 30",
    "IsNew": false
  },
  {
    "productId": "72293",
    "technicalArticleNumber": "2553081",
    "commercialArticleNumber": "832971",
    "name": "dagcr. BB Mir. Lichte huid",
    "description": "*Dagcrème\n*50 ml\n*Lichte huid",
    "brand": "GARNIER",
    "seoBrand": "L'Oréal Paris Garnier",
    "thumbNail": "https://static.colruytgroup.com/images/200x200/std.lang.all/56/15/asset-375615.jpg",
    "fullImage": "https://static.colruytgroup.com/images/500x500/std.lang.all/56/15/asset-375615.jpg",
    "squareImage": "https://static.colruytgroup.com/images/500x500sq/std.lang.all/56/15/asset-375615.jpg",
    "content": "50ml",
    "walkRouteSequenceNumber": 15501,
    "price": {
      "basicPrice": 12.75,
      "recommendedQuantity": "1.0",
      "measurementUnitPrice": 255,
      "measurementUnit": "L",
      "isRedPrice": false,
      "pricePerUOM": 255,
      "activationDate": "20-03-2024",
      "recordSource": "Offline",
      "isPromoActive": "N",
      "priceChangeCode": "H"
    },
    "isAvailable": true,
    "isPriceAvailable": true,
    "inPromo": false,
    "gtin": [
      "03600541116467",
      "03600541116481",
      "05410103032641",
      "75410103760925",
      "03600542041119"
    ],
    "topCategoryName": "Lichaamsverzorging/Parfumerie",
    "topCategoryId": "591",
    "businessDomain": "NON_FOOD",
    "IsPrivateLabel": false,
    "IsBiffe": false,
    "IsWeightArticle": false,
    "RecentQuanityOfStockUnits": "1",
    "LongName": "GARNIER dagcr. BB Mir. Lichte huid 50ml",
    "IsBio": false,
    "AlcoholVolume": "0",
    "CountryOfOrigin": "BELGIË",
    "FicCode": "N",
    "OrderUnit": "P",
    "ShortName": "GAR.MIRAC.BB CREAM LH",
    "IsNew": false
  },
  {
    "productId": "231500",
    "technicalArticleNumber": "3563078",
    "commercialArticleNumber": "282537",
    "name": "Magic Retouch middenbruin",
    "brand": "L'OREAL",
    "seoBrand": "L'Oréal Paris",
    "thumbNail": "https://static.colruytgroup.com/images/200x200/std.lang.all/18/42/asset-3271842.jpg",
    "fullImage": "https://static.colruytgroup.com/images/500x500/std.lang.all/18/42/asset-3271842.jpg",
    "squareImage": "https://static.colruytgroup.com/images/500x500sq/std.lang.all/18/42/asset-3271842.jpg",
    "content": "75ml",
    "price": {
      "basicPrice": 9.99,
      "recommendedQuantity": "1.0",
      "measurementUnitPrice": 9.99,
      "measurementUnit": "S",
      "isRedPrice": false,
      "pricePerUOM": 9.99,
      "activationDate": "11-03-2024",
      "recordSource": "Offline",
      "isPromoActive": "N",
      "priceChangeCode": "H"
    },
    "isAvailable": true,
    "isPriceAvailable": true,
    "inPromo": false,
    "gtin": [
      "03600523193455",
      "03600523193622"
    ],
    "topCategoryName": "Lichaamsverzorging/Parfumerie",
    "topCategoryId": "591",
    "businessDomain": "NON_FOOD",
    "IsPrivateLabel": false,
    "IsBiffe": false,
    "IsWeightArticle": false,
    "RecentQuanityOfStockUnits": "1",
    "LongName": "L'OREAL Magic Retouch middenbruin 75ml",
    "IsBio": false,
    "CountryOfOrigin": "BELGIË",
    "FicCode": "N",
    "OrderUnit": "P",
    "ShortName": "LOR.MAGIC MI.BRUIN 75ML",
    "IsNew": false
  },
  {
    "productId": "872350",
    "technicalArticleNumber": "4726658",
    "commercialArticleNumber": "18941",
    "name": "Luiers Night Medium",
    "description": "*Luiers M (12s)\n*Nacht",
    "brand": "TENA",
    "seoBrand": "Tena",
    "thumbNail": "https://static.colruytgroup.com/images/200x200/std.lang.all/11/05/asset-3211105.jpg",
    "fullImage": "https://static.colruytgroup.com/images/500x500/std.lang.all/11/05/asset-3211105.jpg",
    "squareImage": "https://static.colruytgroup.com/images/500x500sq/std.lang.all/11/05/asset-3211105.jpg",
    "content": "12st",
    "walkRouteSequenceNumber": 13965,
    "price": {
      "basicPrice": 24.95,
      "recommendedQuantity": "1.0",
      "measurementUnitPrice": 207.92,
      "measurementUnit": "S",
      "isRedPrice": false,
      "pricePerUOM": 207.92,
      "activationDate": "16-12-2023",
      "isPromoActive": "N",
      "priceChangeCode": "H"
    },
    "isAvailable": true,
    "isPriceAvailable": true,
    "inPromo": true,
    "promotion": [
      {
        "techPromoId": "100838COLR",
        "promotionId": "100838",
        "promotionType": "3",
        "isPersonalized": "N",
        "publicationStartDate": "13-03-2024",
        "publicationEndDate": "26-03-2024"
      }
    ],
    "gtin": [
      "07322540838442",
      "07322540839913"
    ],
    "topCategoryName": "Lichaamsverzorging/Parfumerie",
    "topCategoryId": "591",
    "businessDomain": "RETAIL_BE",
    "IsPrivateLabel": false,
    "IsBiffe": false,
    "WeightconversionFactor": "0",
    "IsWeightArticle": false,
    "IsBio": false,
    "CountryOfOrigin": "NEDERLAND",
    "IsExclusivelySoldInLuxembourg": false,
    "OrderUnit": "P",
    "ShortName": "TENA LUIERS NA.MED.12ST",
    "IsNew": false,
    "RecentQuanityOfStockUnits": "1",
    "LongName": "TENA Luiers Night Medium 12st",
    "AlcoholVolume": "0",
    "FicCode": "N"
  },
  {
    "productId": "224712",
    "technicalArticleNumber": "3550399",
    "commercialArticleNumber": "346607",
    "name": "Masc. Lash Sens. luscious",
    "brand": "MAYBELLINE",
    "seoBrand": "Maybelline",
    "thumbNail": "https://static.colruytgroup.com/images/200x200/std.lang.all/51/23/asset-1155123.jpg",
    "fullImage": "https://static.colruytgroup.com/images/500x500/std.lang.all/51/23/asset-1155123.jpg",
    "squareImage": "https://static.colruytgroup.com/images/500x500sq/std.lang.all/51/23/asset-1155123.jpg",
    "walkRouteSequenceNumber": 15785,
    "price": {
      "basicPrice": 11.99,
      "recommendedQuantity": "1.0",
      "measurementUnitPrice": 11.99,
      "measurementUnit": "S",
      "isRedPrice": false,
      "pricePerUOM": 11.99,
      "activationDate": "15-03-2024",
      "recordSource": "Offline",
      "isPromoActive": "N",
      "priceChangeCode": "E"
    },
    "isAvailable": true,
    "isPriceAvailable": true,
    "inPromo": false,
    "gtin": [
      "03600531320140",
      "03600531320980",
      "03600531320997"
    ],
    "topCategoryName": "Lichaamsverzorging/Parfumerie",
    "topCategoryId": "591",
    "businessDomain": "NON_FOOD",
    "IsPrivateLabel": false,
    "IsBiffe": false,
    "IsWeightArticle": false,
    "RecentQuanityOfStockUnits": "1",
    "LongName": "MAYBELLINE Masc. Lash Sens. luscious",
    "IsBio": false,
    "CountryOfOrigin": "BELGIË",
    "FicCode": "N",
    "OrderUnit": "P",
    "ShortName": "MAY.LASH SENS.LUSCIOUS",
    "IsNew": false
  },
  {
    "productId": "90085",
    "technicalArticleNumber": "2968498",
    "commercialArticleNumber": "282172",
    "name": "Oleo Intense stralend rood 5-92",
    "description": "SYOSS OLEO INTENSE\nSTRALEND ROOD 5-92\n115 ML",
    "brand": "SYOSS",
    "seoBrand": "Syoss",
    "thumbNail": "https://static.colruytgroup.com/images/200x200/std.lang.all/60/92/asset-3226092.jpg",
    "fullImage": "https://static.colruytgroup.com/images/500x500/std.lang.all/60/92/asset-3226092.jpg",
    "squareImage": "https://static.colruytgroup.com/images/500x500sq/std.lang.all/60/92/asset-3226092.jpg",
    "walkRouteSequenceNumber": 15370,
    "price": {
      "basicPrice": 11.39,
      "recommendedQuantity": "1.0",
      "measurementUnitPrice": 11.39,
      "measurementUnit": "S",
      "isRedPrice": false,
      "pricePerUOM": 11.39,
      "activationDate": "26-02-2024",
      "recordSource": "Offline",
      "isPromoActive": "N",
      "priceChangeCode": "H"
    },
    "isAvailable": true,
    "isPriceAvailable": true,
    "inPromo": false,
    "gtin": [
      "05410091702786",
      "05412530805454",
      "05412530805447"
    ],
    "topCategoryName": "Lichaamsverzorging/Parfumerie",
    "topCategoryId": "591",
    "businessDomain": "NON_FOOD",
    "IsPrivateLabel": false,
    "IsBiffe": false,
    "IsWeightArticle": false,
    "RecentQuanityOfStockUnits": "1",
    "LongName": "SYOSS Oleo Intense stralend rood 5-92",
    "IsBio": false,
    "CountryOfOrigin": "DUITSLAND",
    "FicCode": "N",
    "OrderUnit": "P",
    "ShortName": "SYOSS OLEO INTENSE 5-92",
    "IsNew": false
  },
  {
    "productId": "346460",
    "technicalArticleNumber": "3819757",
    "commercialArticleNumber": "346961",
    "name": "Men ontharingscrème",
    "description": "*Ontharingscrème\n*Gevoelige huid",
    "brand": "VEET",
    "seoBrand": "Veet",
    "thumbNail": "https://static.colruytgroup.com/images/200x200/std.lang.all/22/25/asset-1492225.jpg",
    "fullImage": "https://static.colruytgroup.com/images/500x500/std.lang.all/22/25/asset-1492225.jpg",
    "squareImage": "https://static.colruytgroup.com/images/500x500sq/std.lang.all/22/25/asset-1492225.jpg",
    "content": "200ml",
    "walkRouteSequenceNumber": 15211,
    "price": {
      "basicPrice": 13.69,
      "recommendedQuantity": "1.0",
      "measurementUnitPrice": 68.45,
      "measurementUnit": "L",
      "isRedPrice": false,
      "pricePerUOM": 68.45,
      "activationDate": "22-03-2024",
      "recordSource": "Offline",
      "isPromoActive": "N",
      "priceChangeCode": "H"
    },
    "isAvailable": true,
    "isPriceAvailable": true,
    "inPromo": false,
    "gtin": [
      "23059944026004",
      "03059944026000"
    ],
    "topCategoryName": "Lichaamsverzorging/Parfumerie",
    "topCategoryId": "591",
    "businessDomain": "NON_FOOD",
    "IsPrivateLabel": false,
    "IsBiffe": false,
    "IsWeightArticle": false,
    "RecentQuanityOfStockUnits": "1",
    "LongName": "VEET Men ontharingscrème 200ml",
    "IsBio": false,
    "CountryOfOrigin": "FRANKRIJK",
    "FicCode": "N",
    "OrderUnit": "P",
    "ShortName": "VEET MEN ONTH.CREME",
    "IsNew": false
  },
  {
    "productId": "129730",
    "technicalArticleNumber": "3238947",
    "commercialArticleNumber": "282788",
    "name": "klein schaartje",
    "description": "OXYGEN\nKLEIN SCHAARTJE",
    "brand": "OXYGEN",
    "seoBrand": "Oxygen",
    "thumbNail": "https://static.colruytgroup.com/images/200x200/std.lang.all/98/92/asset-1029892.jpg",
    "fullImage": "https://static.colruytgroup.com/images/500x500/std.lang.all/98/92/asset-1029892.jpg",
    "squareImage": "https://static.colruytgroup.com/images/500x500sq/std.lang.all/98/92/asset-1029892.jpg",
    "walkRouteSequenceNumber": 13383,
    "price": {
      "basicPrice": 2,
      "recommendedQuantity": "1.0",
      "measurementUnitPrice": 2,
      "measurementUnit": "S",
      "isRedPrice": false,
      "pricePerUOM": 2,
      "activationDate": "07-03-2024",
      "isPromoActive": "N",
      "priceChangeCode": "E"
    },
    "isAvailable": true,
    "isPriceAvailable": true,
    "inPromo": false,
    "gtin": [
      "05420008699436",
      "08712113225455",
      "08712113224984"
    ],
    "topCategoryName": "Lichaamsverzorging/Parfumerie",
    "topCategoryId": "591",
    "businessDomain": "NON_FOOD",
    "IsPrivateLabel": false,
    "IsBiffe": true,
    "IsWeightArticle": false,
    "BiffeDate": "01/03/2024",
    "RecentQuanityOfStockUnits": "1",
    "LongName": "OXYGEN klein schaartje",
    "IsBio": false,
    "CountryOfOrigin": "CHINA (VOLKSREBUPLIEK)",
    "FicCode": "N",
    "OrderUnit": "P",
    "ShortName": "OXYGEN KLEINE SCHAAR",
    "IsNew": false
  },
  {
    "productId": "227312",
    "technicalArticleNumber": "3550640",
    "commercialArticleNumber": "346628",
    "name": "Eau micellaire Dermo exp.",
    "description": "*Micellair water\n*400 ml\n*Hypoallergeen",
    "brand": "L'OREAL",
    "seoBrand": "L'Oréal Paris",
    "thumbNail": "https://static.colruytgroup.com/images/200x200/std.lang.all/36/45/asset-1063645.jpg",
    "fullImage": "https://static.colruytgroup.com/images/500x500/std.lang.all/36/45/asset-1063645.jpg",
    "squareImage": "https://static.colruytgroup.com/images/500x500sq/std.lang.all/36/45/asset-1063645.jpg",
    "content": "400ml",
    "walkRouteSequenceNumber": 15265,
    "price": {
      "basicPrice": 8.05,
      "recommendedQuantity": "1.0",
      "measurementUnitPrice": 20.13,
      "measurementUnit": "L",
      "isRedPrice": false,
      "pricePerUOM": 20.13,
      "activationDate": "27-02-2024",
      "recordSource": "Offline",
      "isPromoActive": "N",
      "priceChangeCode": "H"
    },
    "isAvailable": true,
    "isPriceAvailable": true,
    "inPromo": true,
    "promotion": [
      {
        "techPromoId": "100883COLR",
        "promotionId": "100883",
        "promotionType": "4",
        "isPersonalized": "N",
        "publicationStartDate": "13-03-2024",
        "publicationEndDate": "26-03-2024"
      }
    ],
    "gtin": [
      "03600523330065",
      "03600523330508"
    ],
    "topCategoryName": "Lichaamsverzorging/Parfumerie",
    "topCategoryId": "591",
    "businessDomain": "NON_FOOD",
    "IsPrivateLabel": false,
    "IsBiffe": false,
    "IsWeightArticle": false,
    "RecentQuanityOfStockUnits": "1",
    "LongName": "L'OREAL Eau micellaire Dermo exp. 400ml",
    "IsBio": false,
    "CountryOfOrigin": "BELGIË",
    "FicCode": "N",
    "OrderUnit": "P",
    "ShortName": "LOR.EAU MICEL.400ML",
    "IsNew": false
  },
  {
    "productId": "847850",
    "technicalArticleNumber": "4694631",
    "commercialArticleNumber": "22828",
    "name": "mesjes",
    "description": "*Navulling met\n5-voudig mesje en\nprecisiemesje, voor\nFusion apparaten\n*16 stuks",
    "brand": "GILLETTE",
    "seoBrand": "Gillette",
    "thumbNail": "https://static.colruytgroup.com/images/200x200/std.lang.all/17/95/asset-3161795.jpg",
    "fullImage": "https://static.colruytgroup.com/images/500x500/std.lang.all/17/95/asset-3161795.jpg",
    "squareImage": "https://static.colruytgroup.com/images/500x500sq/std.lang.all/17/95/asset-3161795.jpg",
    "content": "16st",
    "walkRouteSequenceNumber": 15046,
    "price": {
      "basicPrice": 45.71,
      "recommendedQuantity": "1.0",
      "measurementUnitPrice": 2.86,
      "measurementUnit": "S",
      "isRedPrice": false,
      "pricePerUOM": 2.86,
      "activationDate": "12-03-2024",
      "recordSource": "Folder",
      "isPromoActive": "N",
      "priceChangeCode": "L"
    },
    "isAvailable": true,
    "isPriceAvailable": true,
    "inPromo": false,
    "gtin": [
      "08001090820013",
      "08001090819932"
    ],
    "topCategoryName": "Lichaamsverzorging/Parfumerie",
    "topCategoryId": "591",
    "businessDomain": "RETAIL_BE",
    "IsPrivateLabel": false,
    "IsBiffe": false,
    "WeightconversionFactor": "0",
    "IsWeightArticle": false,
    "IsBio": false,
    "CountryOfOrigin": "DUITSLAND",
    "IsExclusivelySoldInLuxembourg": false,
    "OrderUnit": "P",
    "ShortName": "GILL FUS.5 PROGL.16MES",
    "IsNew": false,
    "RecentQuanityOfStockUnits": "1",
    "LongName": "GILLETTE mesjes 16st",
    "FicCode": "N"
  },
  {
    "productId": "4908",
    "technicalArticleNumber": "436118",
    "commercialArticleNumber": "436118",
    "name": "reinigingsmelk droge huid",
    "description": "*Reinigingsmelk\n*200 ml\n*Droge-zeer dr. huid",
    "brand": "GARNIER",
    "seoBrand": "Garnier",
    "thumbNail": "https://static.colruytgroup.com/images/200x200/std.lang.all/90/07/asset-1209007.jpg",
    "fullImage": "https://static.colruytgroup.com/images/500x500/std.lang.all/90/07/asset-1209007.jpg",
    "squareImage": "https://static.colruytgroup.com/images/500x500sq/std.lang.all/90/07/asset-1209007.jpg",
    "content": "200ml",
    "walkRouteSequenceNumber": 15505,
    "price": {
      "basicPrice": 4.99,
      "recommendedQuantity": "1.0",
      "measurementUnitPrice": 24.95,
      "measurementUnit": "L",
      "isRedPrice": false,
      "pricePerUOM": 24.95,
      "activationDate": "29-02-2024",
      "recordSource": "Offline",
      "isPromoActive": "N",
      "priceChangeCode": "E"
    },
    "isAvailable": true,
    "isPriceAvailable": true,
    "inPromo": false,
    "gtin": [
      "03600540040138",
      "03600542053617",
      "05410103002262",
      "05410103481012",
      "05410103797915"
    ],
    "topCategoryName": "Lichaamsverzorging/Parfumerie",
    "topCategoryId": "591",
    "businessDomain": "NON_FOOD",
    "IsPrivateLabel": false,
    "IsBiffe": false,
    "IsWeightArticle": false,
    "RecentQuanityOfStockUnits": "1",
    "LongName": "GARNIER reinigingsmelk droge huid 200ml",
    "IsBio": false,
    "CountryOfOrigin": "BELGIË",
    "FicCode": "N",
    "OrderUnit": "P",
    "ShortName": "GAR.ESS.REIN.MELK DH",
    "IsNew": false
  },
  {
    "productId": "92377",
    "technicalArticleNumber": "2855209",
    "commercialArticleNumber": "952405",
    "name": "Volum'Express Smokey Eyes zw",
    "brand": "MAYBELLINE",
    "seoBrand": "Maybelline",
    "thumbNail": "https://static.colruytgroup.com/images/200x200/std.lang.all/03/36/asset-350336.jpg",
    "fullImage": "https://static.colruytgroup.com/images/500x500/std.lang.all/03/36/asset-350336.jpg",
    "squareImage": "https://static.colruytgroup.com/images/500x500sq/std.lang.all/03/36/asset-350336.jpg",
    "walkRouteSequenceNumber": 15810,
    "price": {
      "basicPrice": 14.49,
      "recommendedQuantity": "1.0",
      "measurementUnitPrice": 14.49,
      "measurementUnit": "S",
      "isRedPrice": false,
      "pricePerUOM": 14.49,
      "activationDate": "23-03-2024",
      "recordSource": "Offline",
      "isPromoActive": "N",
      "priceChangeCode": "H"
    },
    "isAvailable": true,
    "isPriceAvailable": true,
    "inPromo": false,
    "gtin": [
      "03600530881840",
      "03600530881819",
      "03600530815692",
      "03600530881871"
    ],
    "topCategoryName": "Lichaamsverzorging/Parfumerie",
    "topCategoryId": "591",
    "businessDomain": "NON_FOOD",
    "IsPrivateLabel": false,
    "IsBiffe": false,
    "IsWeightArticle": false,
    "RecentQuanityOfStockUnits": "1",
    "LongName": "MAYBELLINE Volum'Express Smokey Eyes zw",
    "IsBio": false,
    "CountryOfOrigin": "BELGIË",
    "FicCode": "N",
    "OrderUnit": "P",
    "ShortName": "MAYB.VOL.EX.SMOKEY EYES",
    "IsNew": false
  },
  {
    "productId": "58641",
    "technicalArticleNumber": "2362955",
    "commercialArticleNumber": "832357",
    "name": "microporeur",
    "description": "*Pleister\n*Microporeus",
    "brand": "MERCUROCHROME",
    "seoBrand": "Mercurochrome",
    "thumbNail": "https://static.colruytgroup.com/images/200x200/std.lang.all/93/90/asset-389390.jpg",
    "fullImage": "https://static.colruytgroup.com/images/500x500/std.lang.all/93/90/asset-389390.jpg",
    "squareImage": "https://static.colruytgroup.com/images/500x500sq/std.lang.all/93/90/asset-389390.jpg",
    "content": "5x2,5m",
    "walkRouteSequenceNumber": 13946,
    "price": {
      "basicPrice": 2.87,
      "recommendedQuantity": "1.0",
      "measurementUnitPrice": 2.87,
      "measurementUnit": "S",
      "isRedPrice": false,
      "pricePerUOM": 2.87,
      "activationDate": "18-03-2024",
      "recordSource": "Online",
      "isPromoActive": "N",
      "priceChangeCode": "L"
    },
    "isAvailable": true,
    "isPriceAvailable": true,
    "inPromo": false,
    "gtin": [
      "23160921504207",
      "03160921504203"
    ],
    "topCategoryName": "Lichaamsverzorging/Parfumerie",
    "topCategoryId": "591",
    "businessDomain": "NON_FOOD",
    "IsPrivateLabel": false,
    "IsBiffe": false,
    "IsWeightArticle": false,
    "RecentQuanityOfStockUnits": "1",
    "LongName": "MERCUROCHROME microporeur 5x2,5m",
    "IsBio": false,
    "CountryOfOrigin": "BELGIË",
    "FicCode": "N",
    "OrderUnit": "P",
    "ShortName": "MERC.PLEIST.MICROP",
    "IsNew": false
  },
  {
    "productId": "104553",
    "technicalArticleNumber": "3095230",
    "commercialArticleNumber": "282408",
    "name": "Velvet smooth Expr.Pedi blauw",
    "brand": "SCHOLL",
    "seoBrand": "Scholl",
    "thumbNail": "https://static.colruytgroup.com/images/200x200/std.lang.all/57/58/asset-635758.jpg",
    "fullImage": "https://static.colruytgroup.com/images/500x500/std.lang.all/57/58/asset-635758.jpg",
    "squareImage": "https://static.colruytgroup.com/images/500x500sq/std.lang.all/57/58/asset-635758.jpg",
    "walkRouteSequenceNumber": 14118,
    "price": {
      "basicPrice": 25.89,
      "recommendedQuantity": "1.0",
      "measurementUnitPrice": 25.89,
      "measurementUnit": "S",
      "isRedPrice": false,
      "pricePerUOM": 25.89,
      "activationDate": "27-02-2024",
      "recordSource": "Online",
      "isPromoActive": "N",
      "priceChangeCode": "L"
    },
    "isAvailable": true,
    "isPriceAvailable": true,
    "inPromo": false,
    "gtin": [
      "05052197023350",
      "05410036106518",
      "23059949931396",
      "05052197040210",
      "05052197023152",
      "05052197023169",
      "05052197040227"
    ],
    "topCategoryName": "Lichaamsverzorging/Parfumerie",
    "topCategoryId": "591",
    "businessDomain": "NON_FOOD",
    "IsPrivateLabel": false,
    "IsBiffe": false,
    "IsWeightArticle": false,
    "RecentQuanityOfStockUnits": "1",
    "LongName": "SCHOLL Velvet smooth Expr.Pedi blauw",
    "IsBio": false,
    "CountryOfOrigin": "BELGIË",
    "FicCode": "N",
    "OrderUnit": "P",
    "ShortName": "SCHOLL V.SMOOTH APPAR.",
    "IsNew": false
  },
  {
    "productId": "82111",
    "technicalArticleNumber": "2929079",
    "commercialArticleNumber": "282012",
    "name": "Olia bruin 5.0",
    "description": "KLEUR : 5.0 BRUIN",
    "brand": "GARNIER",
    "seoBrand": "Garnier",
    "thumbNail": "https://static.colruytgroup.com/images/200x200/std.lang.all/17/75/asset-3271775.jpg",
    "fullImage": "https://static.colruytgroup.com/images/500x500/std.lang.all/17/75/asset-3271775.jpg",
    "squareImage": "https://static.colruytgroup.com/images/500x500sq/std.lang.all/17/75/asset-3271775.jpg",
    "walkRouteSequenceNumber": 15367,
    "price": {
      "basicPrice": 11.39,
      "recommendedQuantity": "1.0",
      "measurementUnitPrice": 11.39,
      "measurementUnit": "S",
      "isRedPrice": false,
      "pricePerUOM": 11.39,
      "activationDate": "05-03-2024",
      "recordSource": "Offline",
      "isPromoActive": "N",
      "priceChangeCode": "E"
    },
    "isAvailable": true,
    "isPriceAvailable": true,
    "inPromo": false,
    "gtin": [
      "03600542490320",
      "03600542490313",
      "03600541236806",
      "03600542347952",
      "03600541236776",
      "03600541236813"
    ],
    "topCategoryName": "Lichaamsverzorging/Parfumerie",
    "topCategoryId": "591",
    "businessDomain": "NON_FOOD",
    "IsPrivateLabel": false,
    "IsBiffe": false,
    "IsWeightArticle": false,
    "RecentQuanityOfStockUnits": "1",
    "LongName": "GARNIER Olia bruin 5.0",
    "IsBio": false,
    "CountryOfOrigin": "BELGIË",
    "FicCode": "N",
    "OrderUnit": "P",
    "ShortName": "OLIA COLOR 5.0 BRUIN",
    "IsNew": false
  },
  {
    "productId": "642609",
    "technicalArticleNumber": "4336919",
    "commercialArticleNumber": "346237",
    "name": "voedende dagcrème spf30",
    "description": "*Dagcrème SPF30\n*50ml\n*Droge huid",
    "brand": "NIVEA",
    "seoBrand": "Nivea",
    "thumbNail": "https://static.colruytgroup.com/images/200x200/std.lang.all/48/23/asset-2324823.jpg",
    "fullImage": "https://static.colruytgroup.com/images/500x500/std.lang.all/48/23/asset-2324823.jpg",
    "squareImage": "https://static.colruytgroup.com/images/500x500sq/std.lang.all/48/23/asset-2324823.jpg",
    "content": "50ml",
    "walkRouteSequenceNumber": 15620,
    "price": {
      "basicPrice": 10.99,
      "recommendedQuantity": "1.0",
      "measurementUnitPrice": 219.8,
      "measurementUnit": "L",
      "isRedPrice": false,
      "pricePerUOM": 219.8,
      "activationDate": "07-12-2023",
      "isPromoActive": "N",
      "priceChangeCode": "E"
    },
    "isAvailable": true,
    "isPriceAvailable": true,
    "inPromo": false,
    "gtin": [
      "04005900738738",
      "04005900738745",
      "04005900738752"
    ],
    "topCategoryName": "Lichaamsverzorging/Parfumerie",
    "topCategoryId": "591",
    "businessDomain": "NON_FOOD",
    "IsPrivateLabel": false,
    "IsBiffe": false,
    "IsWeightArticle": false,
    "RecentQuanityOfStockUnits": "1",
    "LongName": "NIVEA voedende dagcrème spf30 50ml",
    "IsBio": false,
    "CountryOfOrigin": "POLEN",
    "FicCode": "N",
    "OrderUnit": "P",
    "ShortName": "NIV.DAG SPF30 50ML",
    "IsNew": false
  },
  {
    "productId": "129736",
    "technicalArticleNumber": "3238958",
    "commercialArticleNumber": "282791",
    "name": "voetvijl dubbelzijdig",
    "brand": "OXYGEN",
    "seoBrand": "Oxygen",
    "thumbNail": "https://static.colruytgroup.com/images/200x200/std.lang.all/99/22/asset-509922.jpg",
    "fullImage": "https://static.colruytgroup.com/images/500x500/std.lang.all/99/22/asset-509922.jpg",
    "squareImage": "https://static.colruytgroup.com/images/500x500sq/std.lang.all/99/22/asset-509922.jpg",
    "price": {
      "basicPrice": 1.5,
      "recommendedQuantity": "1.0",
      "measurementUnitPrice": 1.5,
      "measurementUnit": "S",
      "isRedPrice": false,
      "pricePerUOM": 1.5,
      "activationDate": "07-03-2024",
      "isPromoActive": "N",
      "priceChangeCode": "E"
    },
    "isAvailable": true,
    "isPriceAvailable": true,
    "inPromo": false,
    "gtin": [
      "08712113230619",
      "08712113228906",
      "05420008699559"
    ],
    "topCategoryName": "Lichaamsverzorging/Parfumerie",
    "topCategoryId": "591",
    "businessDomain": "NON_FOOD",
    "IsPrivateLabel": false,
    "IsBiffe": true,
    "IsWeightArticle": false,
    "BiffeDate": "01/03/2024",
    "RecentQuanityOfStockUnits": "1",
    "LongName": "OXYGEN voetvijl dubbelzijdig",
    "IsBio": false,
    "CountryOfOrigin": "CHINA (VOLKSREBUPLIEK)",
    "FicCode": "N",
    "OrderUnit": "P",
    "ShortName": "OXYGEN VOETRASP DUBBEL",
    "IsNew": false
  },
  {
    "productId": "146395",
    "technicalArticleNumber": "3331004",
    "commercialArticleNumber": "346083",
    "name": "belle color 111",
    "brand": "GARNIER",
    "seoBrand": "Garnier",
    "thumbNail": "https://static.colruytgroup.com/images/200x200/std.lang.all/17/95/asset-3271795.jpg",
    "fullImage": "https://static.colruytgroup.com/images/500x500/std.lang.all/17/95/asset-3271795.jpg",
    "squareImage": "https://static.colruytgroup.com/images/500x500sq/std.lang.all/17/95/asset-3271795.jpg",
    "walkRouteSequenceNumber": 15427,
    "price": {
      "basicPrice": 5.24,
      "recommendedQuantity": "1.0",
      "measurementUnitPrice": 5.24,
      "measurementUnit": "S",
      "isRedPrice": false,
      "pricePerUOM": 5.24,
      "activationDate": "23-03-2024",
      "recordSource": "Folder",
      "isPromoActive": "N",
      "priceChangeCode": "L"
    },
    "isAvailable": true,
    "isPriceAvailable": true,
    "inPromo": false,
    "gtin": [
      "03600540059130",
      "03600542351799",
      "03600541867628",
      "05410103043272",
      "03600540481566",
      "03600541867611"
    ],
    "topCategoryName": "Lichaamsverzorging/Parfumerie",
    "topCategoryId": "591",
    "businessDomain": "NON_FOOD",
    "IsPrivateLabel": false,
    "IsBiffe": false,
    "IsWeightArticle": false,
    "RecentQuanityOfStockUnits": "1",
    "LongName": "GARNIER belle color 111",
    "IsBio": false,
    "CountryOfOrigin": "BELGIË",
    "FicCode": "N",
    "OrderUnit": "P",
    "ShortName": "BELLE COLOR NR 111",
    "IsNew": false
  },
  {
    "productId": "681718",
    "technicalArticleNumber": "4402011",
    "commercialArticleNumber": "282977",
    "name": "Dagcrème Cellular SPF50",
    "description": "*Dagcrème\n*40ml\n*Anti-Spot",
    "brand": "NIVEA",
    "seoBrand": "Nivea",
    "thumbNail": "https://static.colruytgroup.com/images/200x200/std.lang.all/95/93/asset-2389593.jpg",
    "fullImage": "https://static.colruytgroup.com/images/500x500/std.lang.all/95/93/asset-2389593.jpg",
    "squareImage": "https://static.colruytgroup.com/images/500x500sq/std.lang.all/95/93/asset-2389593.jpg",
    "content": "40ml",
    "walkRouteSequenceNumber": 14773,
    "price": {
      "basicPrice": 28.55,
      "recommendedQuantity": "1.0",
      "measurementUnitPrice": 713.75,
      "measurementUnit": "L",
      "isRedPrice": false,
      "pricePerUOM": 713.75,
      "activationDate": "13-03-2024",
      "recordSource": "Offline",
      "isPromoActive": "N",
      "priceChangeCode": "E"
    },
    "isAvailable": true,
    "isPriceAvailable": true,
    "inPromo": false,
    "gtin": [
      "04005900789372",
      "04005900789358",
      "04005900789365"
    ],
    "topCategoryName": "Lichaamsverzorging/Parfumerie",
    "topCategoryId": "591",
    "businessDomain": "NON_FOOD",
    "IsPrivateLabel": false,
    "IsBiffe": false,
    "IsWeightArticle": false,
    "RecentQuanityOfStockUnits": "1",
    "LongName": "NIVEA Dagcrème Cellular SPF50 40ml",
    "IsBio": false,
    "CountryOfOrigin": "POLEN",
    "FicCode": "N",
    "OrderUnit": "P",
    "ShortName": "NIV.CELL.ANTI-SPOT DAG",
    "IsNew": false
  },
  {
    "productId": "28148",
    "technicalArticleNumber": "1974257",
    "commercialArticleNumber": "720909",
    "name": "Volum'Express Colossal zwart",
    "brand": "MAYBELLINE",
    "seoBrand": "Maybelline",
    "thumbNail": "https://static.colruytgroup.com/images/200x200/std.lang.all/62/62/asset-346262.jpg",
    "fullImage": "https://static.colruytgroup.com/images/500x500/std.lang.all/62/62/asset-346262.jpg",
    "squareImage": "https://static.colruytgroup.com/images/500x500sq/std.lang.all/62/62/asset-346262.jpg",
    "walkRouteSequenceNumber": 15811,
    "price": {
      "basicPrice": 14.49,
      "recommendedQuantity": "1.0",
      "measurementUnitPrice": 14.49,
      "measurementUnit": "S",
      "isRedPrice": false,
      "pricePerUOM": 14.49,
      "activationDate": "23-03-2024",
      "recordSource": "Offline",
      "isPromoActive": "N",
      "priceChangeCode": "H"
    },
    "isAvailable": true,
    "isPriceAvailable": true,
    "inPromo": false,
    "gtin": [
      "03600530483464",
      "03600530483488",
      "03600530483501",
      "03600530483662",
      "03600530725670",
      "03600530894666",
      "03600530894673",
      "08710678300808",
      "03600530725663"
    ],
    "topCategoryName": "Lichaamsverzorging/Parfumerie",
    "topCategoryId": "591",
    "businessDomain": "NON_FOOD",
    "IsPrivateLabel": false,
    "IsBiffe": false,
    "IsWeightArticle": false,
    "RecentQuanityOfStockUnits": "1",
    "LongName": "MAYBELLINE Volum'Express Colossal zwart",
    "IsBio": false,
    "CountryOfOrigin": "BELGIË",
    "FicCode": "N",
    "OrderUnit": "P",
    "ShortName": "MAYB.VOL.EXPR.COLOSS.ZW",
    "IsNew": false
  },
  {
    "productId": "81519",
    "technicalArticleNumber": "2929068",
    "commercialArticleNumber": "282010",
    "name": "Olia lichtbruin 6.0",
    "brand": "GARNIER",
    "seoBrand": "Garnier",
    "thumbNail": "https://static.colruytgroup.com/images/200x200/std.lang.all/17/73/asset-3271773.jpg",
    "fullImage": "https://static.colruytgroup.com/images/500x500/std.lang.all/17/73/asset-3271773.jpg",
    "squareImage": "https://static.colruytgroup.com/images/500x500sq/std.lang.all/17/73/asset-3271773.jpg",
    "walkRouteSequenceNumber": 15365,
    "price": {
      "basicPrice": 11.39,
      "recommendedQuantity": "1.0",
      "measurementUnitPrice": 11.39,
      "measurementUnit": "S",
      "isRedPrice": false,
      "pricePerUOM": 11.39,
      "activationDate": "05-03-2024",
      "recordSource": "Offline",
      "isPromoActive": "N",
      "priceChangeCode": "E"
    },
    "isAvailable": true,
    "isPriceAvailable": true,
    "inPromo": false,
    "gtin": [
      "03600542490399",
      "03600542490405",
      "03600541237001",
      "03600541236974",
      "03600541237018",
      "03600542348041"
    ],
    "topCategoryName": "Lichaamsverzorging/Parfumerie",
    "topCategoryId": "591",
    "businessDomain": "NON_FOOD",
    "IsPrivateLabel": false,
    "IsBiffe": false,
    "IsWeightArticle": false,
    "RecentQuanityOfStockUnits": "1",
    "LongName": "GARNIER Olia lichtbruin 6.0",
    "IsBio": false,
    "CountryOfOrigin": "BELGIË",
    "FicCode": "N",
    "OrderUnit": "P",
    "ShortName": "OLIA COLOR 6.0 L.BRUIN",
    "IsNew": false
  },
  {
    "productId": "729686",
    "technicalArticleNumber": "4486751",
    "commercialArticleNumber": "282124",
    "name": "micell.Wash gel Rose Water",
    "description": "*Gezichtsreiniger",
    "brand": "NIVEA",
    "seoBrand": "Nivea",
    "thumbNail": "https://static.colruytgroup.com/images/200x200/std.lang.all/44/04/asset-2524404.jpg",
    "fullImage": "https://static.colruytgroup.com/images/500x500/std.lang.all/44/04/asset-2524404.jpg",
    "squareImage": "https://static.colruytgroup.com/images/500x500sq/std.lang.all/44/04/asset-2524404.jpg",
    "content": "150ml",
    "walkRouteSequenceNumber": 15634,
    "price": {
      "basicPrice": 7.69,
      "recommendedQuantity": "1.0",
      "measurementUnitPrice": 51.27,
      "measurementUnit": "L",
      "isRedPrice": false,
      "pricePerUOM": 51.27,
      "activationDate": "27-02-2024",
      "recordSource": "Offline",
      "isPromoActive": "N",
      "priceChangeCode": "E"
    },
    "isAvailable": true,
    "isPriceAvailable": true,
    "inPromo": false,
    "gtin": [
      "04005900720252",
      "04005900720238",
      "04005900720245"
    ],
    "topCategoryName": "Lichaamsverzorging/Parfumerie",
    "topCategoryId": "591",
    "businessDomain": "NON_FOOD",
    "IsPrivateLabel": false,
    "IsBiffe": false,
    "IsWeightArticle": false,
    "RecentQuanityOfStockUnits": "1",
    "LongName": "NIVEA micell.Wash gel Rose Water 150ml",
    "IsBio": false,
    "CountryOfOrigin": "DUITSLAND",
    "FicCode": "N",
    "OrderUnit": "P",
    "ShortName": "NIV.MIC.WASH GEL ROSE",
    "IsNew": false
  },
  {
    "productId": "6210",
    "technicalArticleNumber": "308197",
    "commercialArticleNumber": "308197",
    "name": "Belle Color Goudbruin 23",
    "brand": "GARNIER",
    "seoBrand": "Garnier Belle Color",
    "thumbNail": "https://static.colruytgroup.com/images/200x200/std.lang.all/17/22/asset-3271722.jpg",
    "fullImage": "https://static.colruytgroup.com/images/500x500/std.lang.all/17/22/asset-3271722.jpg",
    "squareImage": "https://static.colruytgroup.com/images/500x500sq/std.lang.all/17/22/asset-3271722.jpg",
    "price": {
      "basicPrice": 5.24,
      "recommendedQuantity": "1.0",
      "measurementUnitPrice": 5.24,
      "measurementUnit": "S",
      "isRedPrice": false,
      "pricePerUOM": 5.24,
      "activationDate": "23-03-2024",
      "recordSource": "Folder",
      "isPromoActive": "N",
      "priceChangeCode": "L"
    },
    "isAvailable": true,
    "isPriceAvailable": true,
    "inPromo": false,
    "gtin": [
      "03600540057471",
      "03600540480781",
      "03600541867093",
      "03600541867109",
      "03600542351461",
      "05410103043104",
      "05410103051123",
      "45410103043102",
      "55410103130502"
    ],
    "topCategoryName": "Lichaamsverzorging/Parfumerie",
    "topCategoryId": "591",
    "businessDomain": "NON_FOOD",
    "IsPrivateLabel": false,
    "IsBiffe": false,
    "IsWeightArticle": false,
    "RecentQuanityOfStockUnits": "1",
    "LongName": "GARNIER Belle Color Goudbruin 23",
    "IsBio": false,
    "AlcoholVolume": "0",
    "CountryOfOrigin": "BELGIË",
    "FicCode": "N",
    "OrderUnit": "P",
    "ShortName": "BELLE COLOR NR 23",
    "IsNew": false
  },
  {
    "productId": "279097",
    "technicalArticleNumber": "3672096",
    "commercialArticleNumber": "282301",
    "name": "Uitgroeispray middenbruin",
    "brand": "SYOSS",
    "seoBrand": "Syoss",
    "thumbNail": "https://static.colruytgroup.com/images/200x200/std.lang.all/57/13/asset-1285713.jpg",
    "fullImage": "https://static.colruytgroup.com/images/500x500/std.lang.all/57/13/asset-1285713.jpg",
    "squareImage": "https://static.colruytgroup.com/images/500x500sq/std.lang.all/57/13/asset-1285713.jpg",
    "walkRouteSequenceNumber": 15463,
    "price": {
      "basicPrice": 8.95,
      "recommendedQuantity": "1.0",
      "measurementUnitPrice": 8.95,
      "measurementUnit": "S",
      "isRedPrice": false,
      "pricePerUOM": 8.95,
      "activationDate": "20-03-2024",
      "recordSource": "Offline",
      "isPromoActive": "N",
      "priceChangeCode": "H"
    },
    "isAvailable": true,
    "isPriceAvailable": true,
    "inPromo": false,
    "gtin": [
      "05412530862464",
      "05410091734435",
      "05412530862471"
    ],
    "topCategoryName": "Lichaamsverzorging/Parfumerie",
    "topCategoryId": "591",
    "businessDomain": "NON_FOOD",
    "IsPrivateLabel": false,
    "IsBiffe": false,
    "IsWeightArticle": false,
    "RecentQuanityOfStockUnits": "1",
    "LongName": "SYOSS Uitgroeispray middenbruin",
    "IsBio": false,
    "AlcoholVolume": "0",
    "CountryOfOrigin": "BELGIË",
    "FicCode": "N",
    "OrderUnit": "P",
    "ShortName": "SYOSS SPRAY MIDDENBRUIN",
    "IsNew": false
  },
  {
    "productId": "1043231",
    "technicalArticleNumber": "4797965",
    "commercialArticleNumber": "3882",
    "name": "VB Ultimate Night",
    "description": "*Verbanden\nUrineverlies\n*Nacht",
    "brand": "ALWAYS DISCREET",
    "seoBrand": "Always Discreet",
    "thumbNail": "https://static.colruytgroup.com/images/200x200/nl_be/38/22/asset-3453822.jpg",
    "fullImage": "https://static.colruytgroup.com/images/500x500/nl_be/38/22/asset-3453822.jpg",
    "squareImage": "https://static.colruytgroup.com/images/500x500sq/nl_be/38/22/asset-3453822.jpg",
    "content": "12st",
    "walkRouteSequenceNumber": 14244,
    "price": {
      "basicPrice": 7.99,
      "recommendedQuantity": "1.0",
      "quantityPrice": 5.72,
      "quantityPriceQuantity": "3.0",
      "measurementUnitPrice": 0.67,
      "measurementUnitQuantityPrice": 0.477,
      "measurementUnit": "S",
      "isRedPrice": false,
      "pricePerUOM": 0.67,
      "activationDate": "23-03-2024",
      "recordSource": "Offline",
      "isPromoActive": "N",
      "priceChangeCode": "E",
      "quantityPricePerUOM": 0.477,
      "quantityActivationDate": "23-03-2024",
      "quantityPriceChangeCode": "E"
    },
    "isAvailable": true,
    "isPriceAvailable": true,
    "inPromo": false,
    "gtin": [
      "55400141562601",
      "08700216252539",
      "08700216252522"
    ],
    "topCategoryName": "Lichaamsverzorging/Parfumerie",
    "topCategoryId": "591",
    "businessDomain": "RETAIL_BE",
    "IsPrivateLabel": false,
    "IsBiffe": false,
    "WeightconversionFactor": "0",
    "IsWeightArticle": false,
    "IsBio": false,
    "CountryOfOrigin": "DUITSLAND",
    "IsExclusivelySoldInLuxembourg": false,
    "OrderUnit": "P",
    "ShortName": "ALWA DIS VB ULT.NACHT12",
    "IsNew": true,
    "RecentQuanityOfStockUnits": "2,1",
    "LongName": "ALWAYS DISCREET VB Ultimate Night 12st",
    "FicCode": "N"
  },
  {
    "productId": "820149",
    "technicalArticleNumber": "4652896",
    "commercialArticleNumber": "10915",
    "name": "dch crème prot/Care&Cash.",
    "description": "*Douchecrème\n*Protect\n*Vitamien C & E\n& oils",
    "brand": "NIVEA",
    "seoBrand": "Nivea",
    "thumbNail": "https://static.colruytgroup.com/images/200x200/std.lang.all/08/12/asset-3240812.jpg",
    "fullImage": "https://static.colruytgroup.com/images/500x500/std.lang.all/08/12/asset-3240812.jpg",
    "squareImage": "https://static.colruytgroup.com/images/500x500sq/std.lang.all/08/12/asset-3240812.jpg",
    "content": "250ml",
    "walkRouteSequenceNumber": 14612,
    "price": {
      "basicPrice": 3.49,
      "recommendedQuantity": "1.0",
      "quantityPrice": 2.09,
      "quantityPriceQuantity": "5.0",
      "measurementUnitPrice": 13.96,
      "measurementUnitQuantityPrice": 8.36,
      "measurementUnit": "L",
      "isRedPrice": false,
      "pricePerUOM": 13.96,
      "activationDate": "23-03-2024",
      "recordSource": "Offline",
      "isPromoActive": "N",
      "priceChangeCode": "E",
      "quantityPricePerUOM": 8.36,
      "quantityActivationDate": "23-03-2024",
      "quantityPriceChangeCode": "E"
    },
    "isAvailable": true,
    "isPriceAvailable": true,
    "inPromo": false,
    "gtin": [
      "15400141432791",
      "04005805380513",
      "04005900934819",
      "04005805322490",
      "04005808130092",
      "04005808130078",
      "04005805380506"
    ],
    "topCategoryName": "Lichaamsverzorging/Parfumerie",
    "topCategoryId": "591",
    "businessDomain": "RETAIL_BE",
    "IsPrivateLabel": false,
    "IsBiffe": false,
    "WeightconversionFactor": "0",
    "IsWeightArticle": false,
    "IsBio": false,
    "CountryOfOrigin": "DUITSLAND",
    "IsExclusivelySoldInLuxembourg": false,
    "OrderUnit": "P",
    "ShortName": "NIVE DCH CR.PROT/CAR250",
    "IsNew": false,
    "RecentQuanityOfStockUnits": "1,2,1",
    "LongName": "NIVEA dch crème prot/Care&Cash. 250ml",
    "FicCode": "N"
  },
  {
    "productId": "59475",
    "technicalArticleNumber": "2179591",
    "commercialArticleNumber": "720986",
    "name": "Dream Satin fl.foundation 21",
    "description": "GEMEY FOND DE TEINT\nDREAM SATIN FLUIDE\n021 BEIGE DORé",
    "brand": "MAYBELLINE",
    "seoBrand": "Maybelline",
    "thumbNail": "https://static.colruytgroup.com/images/200x200/std.lang.all/63/62/asset-346362.jpg",
    "fullImage": "https://static.colruytgroup.com/images/500x500/std.lang.all/63/62/asset-346362.jpg",
    "squareImage": "https://static.colruytgroup.com/images/500x500sq/std.lang.all/63/62/asset-346362.jpg",
    "walkRouteSequenceNumber": 15812,
    "price": {
      "basicPrice": 13.49,
      "recommendedQuantity": "1.0",
      "measurementUnitPrice": 13.49,
      "measurementUnit": "S",
      "isRedPrice": false,
      "pricePerUOM": 13.49,
      "activationDate": "15-03-2024",
      "recordSource": "Offline",
      "isPromoActive": "N",
      "priceChangeCode": "H"
    },
    "isAvailable": true,
    "isPriceAvailable": true,
    "inPromo": false,
    "gtin": [
      "03600530523627",
      "03600530523801",
      "03600531285845",
      "03600531285876",
      "03600530523986"
    ],
    "topCategoryName": "Lichaamsverzorging/Parfumerie",
    "topCategoryId": "591",
    "businessDomain": "NON_FOOD",
    "IsPrivateLabel": false,
    "IsBiffe": false,
    "IsWeightArticle": false,
    "RecentQuanityOfStockUnits": "1",
    "LongName": "MAYBELLINE Dream Satin fl.foundation 21",
    "IsBio": false,
    "CountryOfOrigin": "BELGIË",
    "FicCode": "N",
    "OrderUnit": "P",
    "ShortName": "MAY.DREAM SAT.FLUIDE 21",
    "IsNew": false
  },
  {
    "productId": "265524",
    "technicalArticleNumber": "3629225",
    "commercialArticleNumber": "346720",
    "name": "Orgasm'Intense Condom",
    "brand": "DUREX",
    "seoBrand": "Durex",
    "thumbNail": "https://static.colruytgroup.com/images/200x200/std.lang.all/18/41/asset-1131841.jpg",
    "fullImage": "https://static.colruytgroup.com/images/500x500/std.lang.all/18/41/asset-1131841.jpg",
    "squareImage": "https://static.colruytgroup.com/images/500x500sq/std.lang.all/18/41/asset-1131841.jpg",
    "content": "10st",
    "walkRouteSequenceNumber": 14579,
    "price": {
      "basicPrice": 14.15,
      "recommendedQuantity": "1.0",
      "measurementUnitPrice": 1.42,
      "measurementUnit": "S",
      "isRedPrice": false,
      "pricePerUOM": 1.42,
      "activationDate": "22-03-2024",
      "recordSource": "Offline",
      "isPromoActive": "N",
      "priceChangeCode": "H"
    },
    "isAvailable": true,
    "isPriceAvailable": true,
    "inPromo": false,
    "gtin": [
      "08710552271200",
      "08710552271194",
      "03059948001478"
    ],
    "topCategoryName": "Lichaamsverzorging/Parfumerie",
    "topCategoryId": "591",
    "businessDomain": "NON_FOOD",
    "IsPrivateLabel": false,
    "IsBiffe": false,
    "IsWeightArticle": false,
    "RecentQuanityOfStockUnits": "1",
    "LongName": "DUREX Orgasm'Intense Condom 10st",
    "IsBio": false,
    "AlcoholVolume": "0",
    "CountryOfOrigin": "BELGIË",
    "FicCode": "N",
    "OrderUnit": "P",
    "ShortName": "DUR.ORGASMINT.COND.10S",
    "IsNew": false
  },
  {
    "productId": "146973",
    "technicalArticleNumber": "3328867",
    "commercialArticleNumber": "282997",
    "name": "casting creme 513",
    "brand": "L'OREAL",
    "seoBrand": "L'Oréal Paris",
    "thumbNail": "https://static.colruytgroup.com/images/200x200/std.lang.all/20/58/asset-3272058.jpg",
    "fullImage": "https://static.colruytgroup.com/images/500x500/std.lang.all/20/58/asset-3272058.jpg",
    "squareImage": "https://static.colruytgroup.com/images/500x500sq/std.lang.all/20/58/asset-3272058.jpg",
    "walkRouteSequenceNumber": 15433,
    "price": {
      "basicPrice": 9,
      "recommendedQuantity": "1.0",
      "measurementUnitPrice": 9,
      "measurementUnit": "S",
      "isRedPrice": false,
      "pricePerUOM": 9,
      "activationDate": "23-03-2024",
      "recordSource": "Folder",
      "isPromoActive": "N",
      "priceChangeCode": "E"
    },
    "isAvailable": true,
    "isPriceAvailable": true,
    "inPromo": false,
    "gtin": [
      "03600521988190",
      "03600521988169",
      "03600521988220",
      "03600523842049"
    ],
    "topCategoryName": "Lichaamsverzorging/Parfumerie",
    "topCategoryId": "591",
    "businessDomain": "NON_FOOD",
    "IsPrivateLabel": false,
    "IsBiffe": false,
    "IsWeightArticle": false,
    "RecentQuanityOfStockUnits": "1",
    "LongName": "L'OREAL casting creme 513",
    "IsBio": false,
    "CountryOfOrigin": "BELGIË",
    "FicCode": "N",
    "OrderUnit": "P",
    "ShortName": "CASTING CREME 513",
    "IsNew": false
  },
  {
    "productId": "197528",
    "technicalArticleNumber": "3440815",
    "commercialArticleNumber": "346314",
    "name": "Age Perfect Gold nacht",
    "description": "*Nachtcrème\n*50 ml",
    "brand": "L'OREAL",
    "seoBrand": "L'Oréal Paris",
    "thumbNail": "https://static.colruytgroup.com/images/200x200/std.lang.all/76/82/asset-827682.jpg",
    "fullImage": "https://static.colruytgroup.com/images/500x500/std.lang.all/76/82/asset-827682.jpg",
    "squareImage": "https://static.colruytgroup.com/images/500x500sq/std.lang.all/76/82/asset-827682.jpg",
    "content": "50ml",
    "walkRouteSequenceNumber": 15251,
    "price": {
      "basicPrice": 14.51,
      "recommendedQuantity": "1.0",
      "measurementUnitPrice": 290.2,
      "measurementUnit": "L",
      "isRedPrice": false,
      "pricePerUOM": 290.2,
      "activationDate": "20-03-2024",
      "recordSource": "Folder",
      "isPromoActive": "N",
      "priceChangeCode": "L"
    },
    "isAvailable": true,
    "isPriceAvailable": true,
    "inPromo": true,
    "promotion": [
      {
        "techPromoId": "100883COLR",
        "promotionId": "100883",
        "promotionType": "4",
        "isPersonalized": "N",
        "publicationStartDate": "13-03-2024",
        "publicationEndDate": "26-03-2024"
      }
    ],
    "gtin": [
      "03600523242917",
      "03600523242627"
    ],
    "topCategoryName": "Lichaamsverzorging/Parfumerie",
    "topCategoryId": "591",
    "businessDomain": "NON_FOOD",
    "IsPrivateLabel": false,
    "IsBiffe": false,
    "IsWeightArticle": false,
    "RecentQuanityOfStockUnits": "1",
    "LongName": "L'OREAL Age Perfect Gold nacht 50ml",
    "IsBio": false,
    "CountryOfOrigin": "BELGIË",
    "FicCode": "N",
    "OrderUnit": "P",
    "ShortName": "LOR.AGE PERF.GOLD.NACHT",
    "IsNew": false
  },
  {
    "productId": "192349",
    "technicalArticleNumber": "3448899",
    "commercialArticleNumber": "346338",
    "name": "Infinia préférence Tahiti 4",
    "brand": "L'OREAL",
    "seoBrand": "L'Oréal Paris",
    "thumbNail": "https://static.colruytgroup.com/images/200x200/std.lang.all/19/30/asset-3271930.jpg",
    "fullImage": "https://static.colruytgroup.com/images/500x500/std.lang.all/19/30/asset-3271930.jpg",
    "squareImage": "https://static.colruytgroup.com/images/500x500sq/std.lang.all/19/30/asset-3271930.jpg",
    "walkRouteSequenceNumber": 14325,
    "price": {
      "basicPrice": 15.4,
      "recommendedQuantity": "1.0",
      "measurementUnitPrice": 15.4,
      "measurementUnit": "S",
      "isRedPrice": false,
      "pricePerUOM": 15.4,
      "activationDate": "21-03-2024",
      "recordSource": "Offline",
      "isPromoActive": "N",
      "priceChangeCode": "H"
    },
    "isAvailable": true,
    "isPriceAvailable": true,
    "inPromo": false,
    "gtin": [
      "03600523289356",
      "03600523289349",
      "03600523867684",
      "03600523289332"
    ],
    "topCategoryName": "Lichaamsverzorging/Parfumerie",
    "topCategoryId": "591",
    "businessDomain": "NON_FOOD",
    "IsPrivateLabel": false,
    "IsBiffe": false,
    "IsWeightArticle": false,
    "RecentQuanityOfStockUnits": "1",
    "LongName": "L'OREAL Infinia préférence Tahiti 4",
    "IsBio": false,
    "CountryOfOrigin": "BELGIË",
    "FicCode": "N",
    "OrderUnit": "P",
    "ShortName": "PREF.TAHITI CHATAIN 04",
    "IsNew": false
  },
  {
    "productId": "81506",
    "technicalArticleNumber": "2929022",
    "commercialArticleNumber": "282006",
    "name": "Olia donkerbruin 4.0",
    "brand": "GARNIER",
    "seoBrand": "Garnier",
    "thumbNail": "https://static.colruytgroup.com/images/200x200/std.lang.all/17/00/asset-3271700.jpg",
    "fullImage": "https://static.colruytgroup.com/images/500x500/std.lang.all/17/00/asset-3271700.jpg",
    "squareImage": "https://static.colruytgroup.com/images/500x500sq/std.lang.all/17/00/asset-3271700.jpg",
    "walkRouteSequenceNumber": 15362,
    "price": {
      "basicPrice": 11.39,
      "recommendedQuantity": "1.0",
      "measurementUnitPrice": 11.39,
      "measurementUnit": "S",
      "isRedPrice": false,
      "pricePerUOM": 11.39,
      "activationDate": "05-03-2024",
      "recordSource": "Offline",
      "isPromoActive": "N",
      "priceChangeCode": "E"
    },
    "isAvailable": true,
    "isPriceAvailable": true,
    "inPromo": false,
    "gtin": [
      "03600541236622",
      "03600541236653",
      "03600541236660",
      "03600542347891",
      "03600542490238",
      "03600542490245"
    ],
    "topCategoryName": "Lichaamsverzorging/Parfumerie",
    "topCategoryId": "591",
    "businessDomain": "NON_FOOD",
    "IsPrivateLabel": false,
    "IsBiffe": false,
    "IsWeightArticle": false,
    "RecentQuanityOfStockUnits": "1",
    "LongName": "GARNIER Olia donkerbruin 4.0",
    "IsBio": false,
    "CountryOfOrigin": "BELGIË",
    "FicCode": "N",
    "OrderUnit": "P",
    "ShortName": "OLIA COLOR 4.0 DONKERBR",
    "IsNew": false
  },
  {
    "productId": "279106",
    "technicalArticleNumber": "3672105",
    "commercialArticleNumber": "282307",
    "name": "uitgroeispray donkerbruin",
    "brand": "SYOSS",
    "seoBrand": "Syoss",
    "thumbNail": "https://static.colruytgroup.com/images/200x200/std.lang.all/57/14/asset-1285714.jpg",
    "fullImage": "https://static.colruytgroup.com/images/500x500/std.lang.all/57/14/asset-1285714.jpg",
    "squareImage": "https://static.colruytgroup.com/images/500x500sq/std.lang.all/57/14/asset-1285714.jpg",
    "walkRouteSequenceNumber": 14995,
    "price": {
      "basicPrice": 8.95,
      "recommendedQuantity": "1.0",
      "measurementUnitPrice": 8.95,
      "measurementUnit": "S",
      "isRedPrice": false,
      "pricePerUOM": 8.95,
      "activationDate": "20-03-2024",
      "recordSource": "Offline",
      "isPromoActive": "N",
      "priceChangeCode": "H"
    },
    "isAvailable": true,
    "isPriceAvailable": true,
    "inPromo": false,
    "gtin": [
      "05410091734404",
      "05412530862402",
      "05412530862419"
    ],
    "topCategoryName": "Lichaamsverzorging/Parfumerie",
    "topCategoryId": "591",
    "businessDomain": "NON_FOOD",
    "IsPrivateLabel": false,
    "IsBiffe": false,
    "IsWeightArticle": false,
    "RecentQuanityOfStockUnits": "1",
    "LongName": "SYOSS uitgroeispray donkerbruin",
    "IsBio": false,
    "CountryOfOrigin": "DUITSLAND",
    "FicCode": "N",
    "OrderUnit": "P",
    "ShortName": "SYOSS SPRAY DONKERBRUIN",
    "IsNew": false
  },
  {
    "productId": "47608",
    "technicalArticleNumber": "2443249",
    "commercialArticleNumber": "832591",
    "name": "Volume Million Lash.extra black",
    "brand": "L'OREAL",
    "seoBrand": "L'Oréal Paris",
    "thumbNail": "https://static.colruytgroup.com/images/200x200/std.lang.all/62/69/asset-346269.jpg",
    "fullImage": "https://static.colruytgroup.com/images/500x500/std.lang.all/62/69/asset-346269.jpg",
    "squareImage": "https://static.colruytgroup.com/images/500x500sq/std.lang.all/62/69/asset-346269.jpg",
    "walkRouteSequenceNumber": 15795,
    "price": {
      "basicPrice": 13.79,
      "recommendedQuantity": "1.0",
      "measurementUnitPrice": 13.79,
      "measurementUnit": "S",
      "isRedPrice": false,
      "pricePerUOM": 13.79,
      "activationDate": "24-02-2024",
      "recordSource": "Offline",
      "isPromoActive": "N",
      "priceChangeCode": "L"
    },
    "isAvailable": true,
    "isPriceAvailable": true,
    "inPromo": false,
    "gtin": [
      "03600521893609",
      "03600521893623",
      "03600521893616",
      "03600522199113",
      "03600522199120",
      "03600523879663",
      "08710678304257"
    ],
    "topCategoryName": "Lichaamsverzorging/Parfumerie",
    "topCategoryId": "591",
    "businessDomain": "NON_FOOD",
    "IsPrivateLabel": false,
    "IsBiffe": false,
    "IsWeightArticle": false,
    "RecentQuanityOfStockUnits": "1",
    "LongName": "L'OREAL Volume Million Lash.extra black",
    "IsBio": false,
    "CountryOfOrigin": "BELGIË",
    "FicCode": "N",
    "OrderUnit": "P",
    "ShortName": "LOR VOL.MIL.LASH.EXT.BL",
    "IsNew": false
  },
  {
    "productId": "548607",
    "technicalArticleNumber": "4177585",
    "commercialArticleNumber": "346863",
    "name": "Urban Skin Detox Mask",
    "brand": "NIVEA",
    "seoBrand": "Nivea",
    "thumbNail": "https://static.colruytgroup.com/images/200x200/std.lang.all/78/56/asset-1917856.jpg",
    "fullImage": "https://static.colruytgroup.com/images/500x500/std.lang.all/78/56/asset-1917856.jpg",
    "squareImage": "https://static.colruytgroup.com/images/500x500sq/std.lang.all/78/56/asset-1917856.jpg",
    "walkRouteSequenceNumber": 15599,
    "price": {
      "basicPrice": 3.45,
      "recommendedQuantity": "1.0",
      "measurementUnitPrice": 3.45,
      "measurementUnit": "S",
      "isRedPrice": false,
      "pricePerUOM": 3.45,
      "activationDate": "17-02-2024",
      "recordSource": "Offline",
      "isPromoActive": "N",
      "priceChangeCode": "E"
    },
    "isAvailable": true,
    "isPriceAvailable": true,
    "inPromo": false,
    "gtin": [
      "04005900620798",
      "04005900620804"
    ],
    "topCategoryName": "Lichaamsverzorging/Parfumerie",
    "topCategoryId": "591",
    "businessDomain": "NON_FOOD",
    "IsPrivateLabel": false,
    "IsBiffe": false,
    "IsWeightArticle": false,
    "RecentQuanityOfStockUnits": "1",
    "LongName": "NIVEA Urban Skin Detox Mask",
    "IsBio": false,
    "CountryOfOrigin": "DUITSLAND",
    "FicCode": "N",
    "OrderUnit": "P",
    "ShortName": "NIV.VIS. URB.DETOX MASK",
    "IsNew": false
  },
  {
    "productId": "59477",
    "technicalArticleNumber": "2179594",
    "commercialArticleNumber": "720988",
    "name": "Dream Satin fl.foundation 40",
    "description": "GEMEY FOND DE TEINT\nDREAM SATIN FLUIDE\n040 CANNELLE",
    "brand": "MAYBELLINE",
    "seoBrand": "Maybelline",
    "thumbNail": "https://static.colruytgroup.com/images/200x200/std.lang.all/63/82/asset-346382.jpg",
    "fullImage": "https://static.colruytgroup.com/images/500x500/std.lang.all/63/82/asset-346382.jpg",
    "squareImage": "https://static.colruytgroup.com/images/500x500sq/std.lang.all/63/82/asset-346382.jpg",
    "walkRouteSequenceNumber": 15809,
    "price": {
      "basicPrice": 13.49,
      "recommendedQuantity": "1.0",
      "measurementUnitPrice": 13.49,
      "measurementUnit": "S",
      "isRedPrice": false,
      "pricePerUOM": 13.49,
      "activationDate": "15-03-2024",
      "recordSource": "Offline",
      "isPromoActive": "N",
      "priceChangeCode": "H"
    },
    "isAvailable": true,
    "isPriceAvailable": true,
    "inPromo": false,
    "gtin": [
      "03600530523665",
      "03600530523849",
      "03600531285920",
      "03600531285951",
      "03600530524020"
    ],
    "topCategoryName": "Lichaamsverzorging/Parfumerie",
    "topCategoryId": "591",
    "businessDomain": "NON_FOOD",
    "IsPrivateLabel": false,
    "IsBiffe": false,
    "IsWeightArticle": false,
    "RecentQuanityOfStockUnits": "1",
    "LongName": "MAYBELLINE Dream Satin fl.foundation 40",
    "IsBio": false,
    "CountryOfOrigin": "BELGIË",
    "FicCode": "N",
    "OrderUnit": "P",
    "ShortName": "MAY.DREAM SAT.FLUIDE 40",
    "IsNew": false
  },
  {
    "productId": "791732",
    "technicalArticleNumber": "4598867",
    "commercialArticleNumber": "2315",
    "name": "dch sensitive pro ultra",
    "description": "*Douchegel 500ml\n*100% plantaardige\nhennepzaadolie\n*Lichaam,Gelaat & Haar",
    "brand": "NIVEA MEN",
    "seoBrand": "Nivea",
    "thumbNail": "https://static.colruytgroup.com/images/200x200/std.lang.all/97/59/asset-3149759.jpg",
    "fullImage": "https://static.colruytgroup.com/images/500x500/std.lang.all/97/59/asset-3149759.jpg",
    "squareImage": "https://static.colruytgroup.com/images/500x500sq/std.lang.all/97/59/asset-3149759.jpg",
    "content": "500ml",
    "walkRouteSequenceNumber": 14446,
    "price": {
      "basicPrice": 5.99,
      "recommendedQuantity": "1.0",
      "measurementUnitPrice": 11.98,
      "measurementUnit": "L",
      "isRedPrice": false,
      "pricePerUOM": 11.98,
      "activationDate": "17-02-2024",
      "isPromoActive": "N",
      "priceChangeCode": "E"
    },
    "isAvailable": true,
    "isPriceAvailable": true,
    "inPromo": false,
    "gtin": [
      "09005808016131",
      "09005800354873",
      "09005801229361"
    ],
    "topCategoryName": "Lichaamsverzorging/Parfumerie",
    "topCategoryId": "591",
    "businessDomain": "RETAIL_BE",
    "IsPrivateLabel": false,
    "IsBiffe": false,
    "WeightconversionFactor": "0",
    "IsWeightArticle": false,
    "IsBio": false,
    "CountryOfOrigin": "DUITSLAND",
    "IsExclusivelySoldInLuxembourg": false,
    "OrderUnit": "P",
    "ShortName": "NIVE.MEN DCH SENS.PR500",
    "IsNew": false,
    "RecentQuanityOfStockUnits": "1",
    "LongName": "NIVEA MEN dch sensitive pro ultra 500ml",
    "FicCode": "N"
  },
  {
    "productId": "658672",
    "technicalArticleNumber": "4361287",
    "commercialArticleNumber": "378340",
    "name": "Visage Q10 Energy nachtcrème",
    "description": "*Crème\n*50ml",
    "brand": "NIVEA",
    "seoBrand": "Nivea",
    "thumbNail": "https://static.colruytgroup.com/images/200x200/std.lang.all/63/96/asset-2296396.jpg",
    "fullImage": "https://static.colruytgroup.com/images/500x500/std.lang.all/63/96/asset-2296396.jpg",
    "squareImage": "https://static.colruytgroup.com/images/500x500sq/std.lang.all/63/96/asset-2296396.jpg",
    "content": "50ml",
    "walkRouteSequenceNumber": 15626,
    "price": {
      "basicPrice": 16.05,
      "recommendedQuantity": "1.0",
      "measurementUnitPrice": 321,
      "measurementUnit": "L",
      "isRedPrice": false,
      "pricePerUOM": 321,
      "activationDate": "11-03-2024",
      "recordSource": "Offline",
      "isPromoActive": "N",
      "priceChangeCode": "E"
    },
    "isAvailable": true,
    "isPriceAvailable": true,
    "inPromo": false,
    "gtin": [
      "04005900776013",
      "04005900776006",
      "04005900775993"
    ],
    "topCategoryName": "Lichaamsverzorging/Parfumerie",
    "topCategoryId": "591",
    "businessDomain": "NON_FOOD",
    "IsPrivateLabel": false,
    "IsBiffe": false,
    "IsWeightArticle": false,
    "RecentQuanityOfStockUnits": "1",
    "LongName": "NIVEA Visage Q10 Energy nachtcrème 50ml",
    "IsBio": false,
    "CountryOfOrigin": "POLEN",
    "FicCode": "N",
    "OrderUnit": "P",
    "ShortName": "NIV.VIS.Q10 ENERG.NACHT",
    "IsNew": false
  },
  {
    "productId": "791732",
    "technicalArticleNumber": "4598867",
    "commercialArticleNumber": "2315",
    "name": "dch sensitive pro ultra",
    "description": "*Douchegel 500ml\n*100% plantaardige\nhennepzaadolie\n*Lichaam,Gelaat & Haar",
    "brand": "NIVEA MEN",
    "seoBrand": "Nivea",
    "thumbNail": "https://static.colruytgroup.com/images/200x200/std.lang.all/97/59/asset-3149759.jpg",
    "fullImage": "https://static.colruytgroup.com/images/500x500/std.lang.all/97/59/asset-3149759.jpg",
    "squareImage": "https://static.colruytgroup.com/images/500x500sq/std.lang.all/97/59/asset-3149759.jpg",
    "content": "500ml",
    "walkRouteSequenceNumber": 14446,
    "price": {
      "basicPrice": 5.99,
      "recommendedQuantity": "1.0",
      "measurementUnitPrice": 11.98,
      "measurementUnit": "L",
      "isRedPrice": false,
      "pricePerUOM": 11.98,
      "activationDate": "17-02-2024",
      "isPromoActive": "N",
      "priceChangeCode": "E"
    },
    "isAvailable": true,
    "isPriceAvailable": true,
    "inPromo": false,
    "gtin": [
      "09005808016131",
      "09005800354873",
      "09005801229361"
    ],
    "topCategoryName": "Lichaamsverzorging/Parfumerie",
    "topCategoryId": "591",
    "businessDomain": "RETAIL_BE",
    "IsPrivateLabel": false,
    "IsBiffe": false,
    "WeightconversionFactor": "0",
    "IsWeightArticle": false,
    "IsBio": false,
    "CountryOfOrigin": "DUITSLAND",
    "IsExclusivelySoldInLuxembourg": false,
    "OrderUnit": "P",
    "ShortName": "NIVE.MEN DCH SENS.PR500",
    "IsNew": false,
    "RecentQuanityOfStockUnits": "1",
    "LongName": "NIVEA MEN dch sensitive pro ultra 500ml",
    "FicCode": "N"
  },
  {
    "productId": "15393",
    "technicalArticleNumber": "1598942",
    "commercialArticleNumber": "654650",
    "name": "robijnrood 678",
    "description": "PALETTE NR 678\nROBIJN ROOD\n90 ML",
    "brand": "POLY PALETTE",
    "seoBrand": "Poly Palette",
    "thumbNail": "https://static.colruytgroup.com/images/200x200/std.lang.all/27/05/asset-1202705.jpg",
    "fullImage": "https://static.colruytgroup.com/images/500x500/std.lang.all/27/05/asset-1202705.jpg",
    "squareImage": "https://static.colruytgroup.com/images/500x500sq/std.lang.all/27/05/asset-1202705.jpg",
    "price": {
      "basicPrice": 5.19,
      "recommendedQuantity": "1.0",
      "measurementUnitPrice": 5.19,
      "measurementUnit": "S",
      "isRedPrice": false,
      "pricePerUOM": 5.19,
      "activationDate": "01-03-2024",
      "recordSource": "Offline",
      "isPromoActive": "N",
      "priceChangeCode": "L"
    },
    "isAvailable": true,
    "isPriceAvailable": true,
    "inPromo": false,
    "gtin": [
      "05410091719968",
      "05412530834362",
      "08718900001769",
      "05410091639600",
      "05412530834355",
      "05412530686558"
    ],
    "topCategoryName": "Lichaamsverzorging/Parfumerie",
    "topCategoryId": "591",
    "businessDomain": "NON_FOOD",
    "IsPrivateLabel": false,
    "IsBiffe": false,
    "IsWeightArticle": false,
    "RecentQuanityOfStockUnits": "1",
    "LongName": "POLY PALETTE robijnrood 678",
    "IsBio": false,
    "CountryOfOrigin": "BELGIË",
    "FicCode": "N",
    "OrderUnit": "P",
    "ShortName": "PALETTE ROB.ROOD 678",
    "IsNew": false
  },
  {
    "productId": "3225",
    "technicalArticleNumber": "454936",
    "commercialArticleNumber": "454936",
    "name": "Belle Color goudblond 7.3",
    "brand": "GARNIER",
    "seoBrand": "Garnier",
    "thumbNail": "https://static.colruytgroup.com/images/200x200/std.lang.all/17/94/asset-3271794.jpg",
    "fullImage": "https://static.colruytgroup.com/images/500x500/std.lang.all/17/94/asset-3271794.jpg",
    "squareImage": "https://static.colruytgroup.com/images/500x500sq/std.lang.all/17/94/asset-3271794.jpg",
    "walkRouteSequenceNumber": 15428,
    "price": {
      "basicPrice": 5.24,
      "recommendedQuantity": "1.0",
      "measurementUnitPrice": 5.24,
      "measurementUnit": "S",
      "isRedPrice": false,
      "pricePerUOM": 5.24,
      "activationDate": "23-03-2024",
      "recordSource": "Folder",
      "isPromoActive": "N",
      "priceChangeCode": "L"
    },
    "isAvailable": true,
    "isPriceAvailable": true,
    "inPromo": false,
    "gtin": [
      "03600541866775",
      "03600540480699",
      "03600541866782",
      "03600542351225",
      "45410103043300",
      "05410103043302",
      "03600540057372"
    ],
    "topCategoryName": "Lichaamsverzorging/Parfumerie",
    "topCategoryId": "591",
    "businessDomain": "NON_FOOD",
    "IsPrivateLabel": false,
    "IsBiffe": false,
    "IsWeightArticle": false,
    "RecentQuanityOfStockUnits": "1",
    "LongName": "GARNIER Belle Color goudblond 7.3",
    "IsBio": false,
    "CountryOfOrigin": "BELGIË",
    "FicCode": "N",
    "OrderUnit": "P",
    "ShortName": "BELLE COLOR NR 7.3",
    "IsNew": false
  },
  {
    "productId": "548611",
    "technicalArticleNumber": "4177589",
    "commercialArticleNumber": "346908",
    "name": "Visage Q10+C anti-rimpel mask",
    "brand": "NIVEA",
    "seoBrand": "Nivea",
    "thumbNail": "https://static.colruytgroup.com/images/200x200/std.lang.all/78/57/asset-1917857.jpg",
    "fullImage": "https://static.colruytgroup.com/images/500x500/std.lang.all/78/57/asset-1917857.jpg",
    "squareImage": "https://static.colruytgroup.com/images/500x500sq/std.lang.all/78/57/asset-1917857.jpg",
    "walkRouteSequenceNumber": 15600,
    "price": {
      "basicPrice": 4.59,
      "recommendedQuantity": "1.0",
      "measurementUnitPrice": 4.59,
      "measurementUnit": "S",
      "isRedPrice": false,
      "pricePerUOM": 4.59,
      "activationDate": "16-03-2024",
      "recordSource": "Offline",
      "isPromoActive": "N",
      "priceChangeCode": "E"
    },
    "isAvailable": true,
    "isPriceAvailable": true,
    "inPromo": false,
    "gtin": [
      "04005900779717",
      "04005900779700",
      "04005900620835",
      "04005900620842"
    ],
    "topCategoryName": "Lichaamsverzorging/Parfumerie",
    "topCategoryId": "591",
    "businessDomain": "NON_FOOD",
    "IsPrivateLabel": false,
    "IsBiffe": false,
    "IsWeightArticle": false,
    "RecentQuanityOfStockUnits": "1,1",
    "LongName": "NIVEA Visage Q10+C anti-rimpel mask",
    "IsBio": false,
    "CountryOfOrigin": "DUITSLAND",
    "FicCode": "N",
    "OrderUnit": "P",
    "ShortName": "NIV.VIS. Q10+C MASK",
    "IsNew": false
  },
  {
    "productId": "455638",
    "technicalArticleNumber": "4009557",
    "commercialArticleNumber": "282050",
    "name": "Nachtcrème Hyaluron cellular",
    "description": "*Nachtcrème\n*Hyaluron",
    "brand": "NIVEA",
    "seoBrand": "Nivea",
    "thumbNail": "https://static.colruytgroup.com/images/200x200/nl_be/21/20/asset-3362120.jpg",
    "fullImage": "https://static.colruytgroup.com/images/500x500/nl_be/21/20/asset-3362120.jpg",
    "squareImage": "https://static.colruytgroup.com/images/500x500sq/nl_be/21/20/asset-3362120.jpg",
    "content": "50ml",
    "walkRouteSequenceNumber": 15606,
    "price": {
      "basicPrice": 23.39,
      "recommendedQuantity": "1.0",
      "measurementUnitPrice": 467.8,
      "measurementUnit": "L",
      "isRedPrice": false,
      "pricePerUOM": 467.8,
      "activationDate": "14-03-2024",
      "recordSource": "Offline",
      "isPromoActive": "N",
      "priceChangeCode": "E"
    },
    "isAvailable": true,
    "isPriceAvailable": true,
    "inPromo": false,
    "gtin": [
      "04005900599629",
      "04005900599636",
      "04005900599643"
    ],
    "topCategoryName": "Lichaamsverzorging/Parfumerie",
    "topCategoryId": "591",
    "businessDomain": "NON_FOOD",
    "IsPrivateLabel": false,
    "IsBiffe": false,
    "IsWeightArticle": false,
    "RecentQuanityOfStockUnits": "1",
    "LongName": "NIVEA Nachtcrème Hyaluron cellular 50ml",
    "IsBio": false,
    "CountryOfOrigin": "BELGIË",
    "FicCode": "N",
    "OrderUnit": "P",
    "ShortName": "NIV.CELL.+ELAST.NACHTCR",
    "IsNew": false
  },
  {
    "productId": "178743",
    "technicalArticleNumber": "3361448",
    "commercialArticleNumber": "346204",
    "name": "Perfection Vol. Million Lashes",
    "brand": "L'OREAL",
    "seoBrand": "L'Oréal Paris",
    "thumbNail": "https://static.colruytgroup.com/images/200x200/std.lang.all/99/36/asset-689936.jpg",
    "fullImage": "https://static.colruytgroup.com/images/500x500/std.lang.all/99/36/asset-689936.jpg",
    "squareImage": "https://static.colruytgroup.com/images/500x500sq/std.lang.all/99/36/asset-689936.jpg",
    "walkRouteSequenceNumber": 15783,
    "price": {
      "basicPrice": 13.79,
      "recommendedQuantity": "1.0",
      "measurementUnitPrice": 13.79,
      "measurementUnit": "S",
      "isRedPrice": false,
      "pricePerUOM": 13.79,
      "activationDate": "24-02-2024",
      "recordSource": "Offline",
      "isPromoActive": "N",
      "priceChangeCode": "L"
    },
    "isAvailable": true,
    "isPriceAvailable": true,
    "inPromo": false,
    "gtin": [
      "03600523033973",
      "03600523034062",
      "03600523034079",
      "03600523879786",
      "75410103760345"
    ],
    "topCategoryName": "Lichaamsverzorging/Parfumerie",
    "topCategoryId": "591",
    "businessDomain": "NON_FOOD",
    "IsPrivateLabel": false,
    "IsBiffe": false,
    "IsWeightArticle": false,
    "RecentQuanityOfStockUnits": "1",
    "LongName": "L'OREAL Perfection Vol. Million Lashes",
    "IsBio": false,
    "CountryOfOrigin": "BELGIË",
    "FicCode": "N",
    "OrderUnit": "P",
    "ShortName": "LOR.EXT.VOL.COL ML FEL",
    "IsNew": false
  },
  {
    "productId": "302877",
    "technicalArticleNumber": "3729308",
    "commercialArticleNumber": "282209",
    "name": "Age Perfect Renaiss. dag",
    "description": "*Dagcrème\n*50 ml\n*SPF15",
    "brand": "L'OREAL",
    "seoBrand": "L'Oréal Paris",
    "thumbNail": "https://static.colruytgroup.com/images/200x200/nl_be/32/92/asset-1443292.jpg",
    "fullImage": "https://static.colruytgroup.com/images/500x500/nl_be/32/92/asset-1443292.jpg",
    "squareImage": "https://static.colruytgroup.com/images/500x500sq/nl_be/32/92/asset-1443292.jpg",
    "content": "50ml",
    "walkRouteSequenceNumber": 15247,
    "price": {
      "basicPrice": 19.4,
      "recommendedQuantity": "1.0",
      "measurementUnitPrice": 388,
      "measurementUnit": "L",
      "isRedPrice": false,
      "pricePerUOM": 388,
      "activationDate": "21-03-2024",
      "recordSource": "Folder",
      "isPromoActive": "Y",
      "priceChangeCode": "L"
    },
    "isAvailable": true,
    "isPriceAvailable": true,
    "inPromo": true,
    "promotion": [
      {
        "techPromoId": "100883COLR",
        "promotionId": "100883",
        "promotionType": "4",
        "isPersonalized": "N",
        "publicationStartDate": "13-03-2024",
        "publicationEndDate": "26-03-2024"
      }
    ],
    "gtin": [
      "03600523548019",
      "03600523547999"
    ],
    "topCategoryName": "Lichaamsverzorging/Parfumerie",
    "topCategoryId": "591",
    "businessDomain": "NON_FOOD",
    "IsPrivateLabel": false,
    "IsBiffe": false,
    "IsWeightArticle": false,
    "RecentQuanityOfStockUnits": "1",
    "LongName": "L'OREAL Age Perfect Renaiss. dag 50ml",
    "IsBio": false,
    "CountryOfOrigin": "BELGIË",
    "FicCode": "N",
    "OrderUnit": "P",
    "ShortName": "LOR.AGE PERF.RENAIS.DAG",
    "IsNew": false
  },
  {
    "productId": "15973",
    "technicalArticleNumber": "1563399",
    "commercialArticleNumber": "654517",
    "name": "Dream mat mousse 48",
    "brand": "MAYBELLINE",
    "seoBrand": "Maybelline",
    "thumbNail": "https://static.colruytgroup.com/images/200x200/std.lang.all/61/47/asset-346147.jpg",
    "fullImage": "https://static.colruytgroup.com/images/500x500/std.lang.all/61/47/asset-346147.jpg",
    "squareImage": "https://static.colruytgroup.com/images/500x500sq/std.lang.all/61/47/asset-346147.jpg",
    "content": "18ml",
    "walkRouteSequenceNumber": 15814,
    "price": {
      "basicPrice": 12.79,
      "recommendedQuantity": "1.0",
      "measurementUnitPrice": 12.79,
      "measurementUnit": "S",
      "isRedPrice": false,
      "pricePerUOM": 12.79,
      "activationDate": "21-03-2024",
      "recordSource": "Offline",
      "isPromoActive": "N",
      "priceChangeCode": "L"
    },
    "isAvailable": true,
    "isPriceAvailable": true,
    "inPromo": false,
    "gtin": [
      "03600530171972",
      "03600530233045",
      "03600530233175",
      "03600530817597",
      "03600531490478",
      "03600530817511"
    ],
    "topCategoryName": "Lichaamsverzorging/Parfumerie",
    "topCategoryId": "591",
    "businessDomain": "NON_FOOD",
    "IsPrivateLabel": false,
    "IsBiffe": false,
    "IsWeightArticle": false,
    "RecentQuanityOfStockUnits": "1",
    "LongName": "MAYBELLINE Dream mat mousse 48 18ml",
    "IsBio": false,
    "CountryOfOrigin": "BELGIË",
    "FicCode": "N",
    "OrderUnit": "P",
    "ShortName": "DREAM MOUSSE BEIGE ENSO",
    "IsNew": false
  },
  {
    "productId": "56670",
    "technicalArticleNumber": "2406777",
    "commercialArticleNumber": "832527",
    "name": "Dream mat mousse 20",
    "brand": "MAYBELLINE",
    "seoBrand": "Maybelline",
    "thumbNail": "https://static.colruytgroup.com/images/200x200/std.lang.all/63/68/asset-346368.jpg",
    "fullImage": "https://static.colruytgroup.com/images/500x500/std.lang.all/63/68/asset-346368.jpg",
    "squareImage": "https://static.colruytgroup.com/images/500x500sq/std.lang.all/63/68/asset-346368.jpg",
    "content": "18ml",
    "price": {
      "basicPrice": 12.79,
      "recommendedQuantity": "1.0",
      "measurementUnitPrice": 12.79,
      "measurementUnit": "S",
      "isRedPrice": false,
      "pricePerUOM": 12.79,
      "activationDate": "21-03-2024",
      "recordSource": "Offline",
      "isPromoActive": "N",
      "priceChangeCode": "L"
    },
    "isAvailable": true,
    "isPriceAvailable": true,
    "inPromo": false,
    "gtin": [
      "03600530171903",
      "03600531490355",
      "03600530232970",
      "03600530817559",
      "03600530817474",
      "03600530233106"
    ],
    "topCategoryName": "Lichaamsverzorging/Parfumerie",
    "topCategoryId": "591",
    "businessDomain": "NON_FOOD",
    "IsPrivateLabel": false,
    "IsBiffe": false,
    "IsWeightArticle": false,
    "RecentQuanityOfStockUnits": "1",
    "LongName": "MAYBELLINE Dream mat mousse 20 18ml",
    "IsBio": false,
    "CountryOfOrigin": "BELGIË",
    "FicCode": "N",
    "OrderUnit": "P",
    "ShortName": "DREAM MAT MOUSSE 20",
    "IsNew": false
  },
  {
    "productId": "331620",
    "technicalArticleNumber": "3800102",
    "commercialArticleNumber": "282869",
    "name": "mascara Volum.Paradise Black 01",
    "brand": "L'OREAL",
    "seoBrand": "L'Oréal Paris",
    "thumbNail": "https://static.colruytgroup.com/images/200x200/std.lang.all/30/13/asset-1443013.jpg",
    "fullImage": "https://static.colruytgroup.com/images/500x500/std.lang.all/30/13/asset-1443013.jpg",
    "squareImage": "https://static.colruytgroup.com/images/500x500sq/std.lang.all/30/13/asset-1443013.jpg",
    "walkRouteSequenceNumber": 15735,
    "price": {
      "basicPrice": 12.74,
      "recommendedQuantity": "1.0",
      "measurementUnitPrice": 12.74,
      "measurementUnit": "S",
      "isRedPrice": false,
      "pricePerUOM": 12.74,
      "activationDate": "23-03-2024",
      "recordSource": "Folder",
      "isPromoActive": "N",
      "priceChangeCode": "E"
    },
    "isAvailable": true,
    "isPriceAvailable": true,
    "inPromo": false,
    "gtin": [
      "03600523503506",
      "03600523503407",
      "03600523503513"
    ],
    "topCategoryName": "Lichaamsverzorging/Parfumerie",
    "topCategoryId": "591",
    "businessDomain": "NON_FOOD",
    "IsPrivateLabel": false,
    "IsBiffe": false,
    "IsWeightArticle": false,
    "RecentQuanityOfStockUnits": "1",
    "LongName": "L'OREAL mascara Volum.Paradise Black 01",
    "IsBio": false,
    "CountryOfOrigin": "BELGIË",
    "FicCode": "N",
    "OrderUnit": "P",
    "ShortName": "LOR.MASC.PARAD.BLACK01",
    "IsNew": false
  },
  {
    "productId": "32752",
    "technicalArticleNumber": "1667209",
    "commercialArticleNumber": "539557",
    "name": "Nagelborstel",
    "description": "*94 mm\n*Haar van tampico",
    "thumbNail": "https://static.colruytgroup.com/images/200x200/std.lang.all/32/33/asset-333233.jpg",
    "fullImage": "https://static.colruytgroup.com/images/500x500/std.lang.all/32/33/asset-333233.jpg",
    "squareImage": "https://static.colruytgroup.com/images/500x500sq/std.lang.all/32/33/asset-333233.jpg",
    "price": {
      "basicPrice": 1,
      "recommendedQuantity": "1.0",
      "measurementUnitPrice": 1,
      "measurementUnit": "S",
      "isRedPrice": false,
      "pricePerUOM": 1,
      "activationDate": "14-03-2024",
      "isPromoActive": "N",
      "priceChangeCode": "E"
    },
    "isAvailable": true,
    "isPriceAvailable": true,
    "inPromo": false,
    "gtin": [
      "15410708009120",
      "05410708009123",
      "25410708009127"
    ],
    "topCategoryName": "Lichaamsverzorging/Parfumerie",
    "topCategoryId": "591",
    "businessDomain": "NON_FOOD",
    "IsPrivateLabel": false,
    "IsBiffe": true,
    "IsWeightArticle": false,
    "BiffeDate": "08/03/2024",
    "RecentQuanityOfStockUnits": "1",
    "LongName": "Nagelborstel",
    "IsBio": false,
    "CountryOfOrigin": "BELGIË",
    "FicCode": "N",
    "OrderUnit": "P",
    "ShortName": "NAGELBORSTEL",
    "IsNew": false
  },
  {
    "productId": "90678",
    "technicalArticleNumber": "2968505",
    "commercialArticleNumber": "282174",
    "name": "Oleo Intense intens zwart 1-10",
    "description": "SYOSS OLEO INTENSE\nINTENS ZWART 1-10\n115 ML",
    "brand": "SYOSS",
    "seoBrand": "Syoss",
    "thumbNail": "https://static.colruytgroup.com/images/200x200/std.lang.all/60/93/asset-3226093.jpg",
    "fullImage": "https://static.colruytgroup.com/images/500x500/std.lang.all/60/93/asset-3226093.jpg",
    "squareImage": "https://static.colruytgroup.com/images/500x500sq/std.lang.all/60/93/asset-3226093.jpg",
    "walkRouteSequenceNumber": 15372,
    "price": {
      "basicPrice": 11.39,
      "recommendedQuantity": "1.0",
      "measurementUnitPrice": 11.39,
      "measurementUnit": "S",
      "isRedPrice": false,
      "pricePerUOM": 11.39,
      "activationDate": "26-02-2024",
      "recordSource": "Offline",
      "isPromoActive": "N",
      "priceChangeCode": "H"
    },
    "isAvailable": true,
    "isPriceAvailable": true,
    "inPromo": false,
    "gtin": [
      "05412530805195",
      "05412530805188",
      "05410091702649"
    ],
    "topCategoryName": "Lichaamsverzorging/Parfumerie",
    "topCategoryId": "591",
    "businessDomain": "NON_FOOD",
    "IsPrivateLabel": false,
    "IsBiffe": false,
    "IsWeightArticle": false,
    "RecentQuanityOfStockUnits": "1",
    "LongName": "SYOSS Oleo Intense intens zwart 1-10",
    "IsBio": false,
    "CountryOfOrigin": "DUITSLAND",
    "FicCode": "N",
    "OrderUnit": "P",
    "ShortName": "SYOSS OLEO INTENSE 1-10",
    "IsNew": false
  },
  {
    "productId": "148346",
    "technicalArticleNumber": "3329037",
    "commercialArticleNumber": "346054",
    "name": "nagellak Tenue & Strong 505",
    "description": "x",
    "brand": "MAYBELLINE",
    "seoBrand": "Maybelline",
    "thumbNail": "https://static.colruytgroup.com/images/200x200/std.lang.all/34/41/asset-873441.jpg",
    "fullImage": "https://static.colruytgroup.com/images/500x500/std.lang.all/34/41/asset-873441.jpg",
    "squareImage": "https://static.colruytgroup.com/images/500x500sq/std.lang.all/34/41/asset-873441.jpg",
    "walkRouteSequenceNumber": 15782,
    "price": {
      "basicPrice": 8.89,
      "recommendedQuantity": "1.0",
      "measurementUnitPrice": 8.89,
      "measurementUnit": "S",
      "isRedPrice": false,
      "pricePerUOM": 8.89,
      "activationDate": "15-03-2024",
      "recordSource": "Offline",
      "isPromoActive": "N",
      "priceChangeCode": "H"
    },
    "isAvailable": true,
    "isPriceAvailable": true,
    "inPromo": false,
    "gtin": [
      "03600530794454",
      "03600530794393",
      "03600530794331",
      "03600531476311"
    ],
    "topCategoryName": "Lichaamsverzorging/Parfumerie",
    "topCategoryId": "591",
    "businessDomain": "NON_FOOD",
    "IsPrivateLabel": false,
    "IsBiffe": false,
    "IsWeightArticle": false,
    "RecentQuanityOfStockUnits": "1",
    "LongName": "MAYBELLINE nagellak Tenue & Strong 505",
    "IsBio": false,
    "CountryOfOrigin": "BELGIË",
    "FicCode": "N",
    "OrderUnit": "P",
    "ShortName": "MAYB.TENUE&STR.505",
    "IsNew": false
  },
  {
    "productId": "3226",
    "technicalArticleNumber": "454937",
    "commercialArticleNumber": "454937",
    "name": "Belle Color z licht goudblond 9",
    "brand": "GARNIER",
    "seoBrand": "Garnier",
    "thumbNail": "https://static.colruytgroup.com/images/200x200/std.lang.all/36/39/asset-873639.jpg",
    "fullImage": "https://static.colruytgroup.com/images/500x500/std.lang.all/36/39/asset-873639.jpg",
    "squareImage": "https://static.colruytgroup.com/images/500x500sq/std.lang.all/36/39/asset-873639.jpg",
    "walkRouteSequenceNumber": 15429,
    "price": {
      "basicPrice": 5.24,
      "recommendedQuantity": "1.0",
      "measurementUnitPrice": 5.24,
      "measurementUnit": "S",
      "isRedPrice": false,
      "pricePerUOM": 5.24,
      "activationDate": "23-03-2024",
      "recordSource": "Folder",
      "isPromoActive": "N",
      "priceChangeCode": "L"
    },
    "isAvailable": true,
    "isPriceAvailable": true,
    "inPromo": false,
    "gtin": [
      "55410103133060",
      "05410103043319",
      "05410103004310",
      "03600542351614",
      "03600541867383",
      "03600541867376",
      "03600540480897",
      "03600540057631"
    ],
    "topCategoryName": "Lichaamsverzorging/Parfumerie",
    "topCategoryId": "591",
    "businessDomain": "NON_FOOD",
    "IsPrivateLabel": false,
    "IsBiffe": false,
    "IsWeightArticle": false,
    "RecentQuanityOfStockUnits": "1",
    "LongName": "GARNIER Belle Color z licht goudblond 9",
    "IsBio": false,
    "CountryOfOrigin": "BELGIË",
    "FicCode": "N",
    "OrderUnit": "P",
    "ShortName": "BELLE COLOR NR 9",
    "IsNew": false
  },
  {
    "productId": "23427",
    "technicalArticleNumber": "1886163",
    "commercialArticleNumber": "720590",
    "name": "Casting Cream Gloss bruin 415",
    "brand": "L'OREAL",
    "seoBrand": "L'Oréal Paris",
    "thumbNail": "https://static.colruytgroup.com/images/200x200/std.lang.all/20/50/asset-3272050.jpg",
    "fullImage": "https://static.colruytgroup.com/images/500x500/std.lang.all/20/50/asset-3272050.jpg",
    "squareImage": "https://static.colruytgroup.com/images/500x500sq/std.lang.all/20/50/asset-3272050.jpg",
    "walkRouteSequenceNumber": 15454,
    "price": {
      "basicPrice": 9,
      "recommendedQuantity": "1.0",
      "measurementUnitPrice": 9,
      "measurementUnit": "S",
      "isRedPrice": false,
      "pricePerUOM": 9,
      "activationDate": "23-03-2024",
      "recordSource": "Folder",
      "isPromoActive": "N",
      "priceChangeCode": "E"
    },
    "isAvailable": true,
    "isPriceAvailable": true,
    "inPromo": false,
    "gtin": [
      "03600520985121",
      "03600520985381",
      "03600523836529",
      "03600520985640"
    ],
    "topCategoryName": "Lichaamsverzorging/Parfumerie",
    "topCategoryId": "591",
    "businessDomain": "NON_FOOD",
    "IsPrivateLabel": false,
    "IsBiffe": false,
    "IsWeightArticle": false,
    "RecentQuanityOfStockUnits": "1",
    "LongName": "L'OREAL Casting Cream Gloss bruin 415",
    "IsBio": false,
    "CountryOfOrigin": "BELGIË",
    "FicCode": "N",
    "OrderUnit": "P",
    "ShortName": "CASTING CREME GLOSS 415",
    "IsNew": false
  },
  {
    "productId": "56671",
    "technicalArticleNumber": "2406779",
    "commercialArticleNumber": "832528",
    "name": "DreamSatin fl.foundation 20",
    "description": "GEMEY FOND DE TEINT\nDREAM SATIN FLUIDE\n020",
    "brand": "MAYBELLINE",
    "seoBrand": "Maybelline",
    "thumbNail": "https://static.colruytgroup.com/images/200x200/std.lang.all/64/75/asset-2176475.jpg",
    "fullImage": "https://static.colruytgroup.com/images/500x500/std.lang.all/64/75/asset-2176475.jpg",
    "squareImage": "https://static.colruytgroup.com/images/500x500sq/std.lang.all/64/75/asset-2176475.jpg",
    "price": {
      "basicPrice": 13.49,
      "recommendedQuantity": "1.0",
      "measurementUnitPrice": 13.49,
      "measurementUnit": "S",
      "isRedPrice": false,
      "pricePerUOM": 13.49,
      "activationDate": "15-03-2024",
      "recordSource": "Offline",
      "isPromoActive": "N",
      "priceChangeCode": "H"
    },
    "isAvailable": true,
    "isPriceAvailable": true,
    "inPromo": false,
    "gtin": [
      "03600530521999",
      "03600530523979",
      "03600530523795",
      "03600530521814",
      "03600530668311",
      "03600531285647",
      "03600531285678",
      "03600530523610"
    ],
    "topCategoryName": "Lichaamsverzorging/Parfumerie",
    "topCategoryId": "591",
    "businessDomain": "NON_FOOD",
    "IsPrivateLabel": false,
    "IsBiffe": false,
    "IsWeightArticle": false,
    "RecentQuanityOfStockUnits": "1",
    "LongName": "MAYBELLINE DreamSatin fl.foundation 20",
    "IsBio": false,
    "CountryOfOrigin": "FRANKRIJK",
    "FicCode": "N",
    "OrderUnit": "P",
    "ShortName": "MAY.DREAM SAT.FLUIDE 20",
    "IsNew": false
  },
  {
    "productId": "147108",
    "technicalArticleNumber": "3328927",
    "commercialArticleNumber": "346018",
    "name": "olia 4.15 chatain chocolat gla.",
    "brand": "GARNIER",
    "seoBrand": "Garnier",
    "thumbNail": "https://static.colruytgroup.com/images/200x200/std.lang.all/17/04/asset-3271704.jpg",
    "fullImage": "https://static.colruytgroup.com/images/500x500/std.lang.all/17/04/asset-3271704.jpg",
    "squareImage": "https://static.colruytgroup.com/images/500x500sq/std.lang.all/17/04/asset-3271704.jpg",
    "walkRouteSequenceNumber": 15394,
    "price": {
      "basicPrice": 11.39,
      "recommendedQuantity": "1.0",
      "measurementUnitPrice": 11.39,
      "measurementUnit": "S",
      "isRedPrice": false,
      "pricePerUOM": 11.39,
      "activationDate": "05-03-2024",
      "recordSource": "Offline",
      "isPromoActive": "N",
      "priceChangeCode": "E"
    },
    "isAvailable": true,
    "isPriceAvailable": true,
    "inPromo": false,
    "gtin": [
      "03600541236677",
      "03600541236707",
      "03600541236714",
      "03600542347921",
      "03600542490276"
    ],
    "topCategoryName": "Lichaamsverzorging/Parfumerie",
    "topCategoryId": "591",
    "businessDomain": "NON_FOOD",
    "IsPrivateLabel": false,
    "IsBiffe": false,
    "IsWeightArticle": false,
    "RecentQuanityOfStockUnits": "1",
    "LongName": "GARNIER olia 4.15 chatain chocolat gla.",
    "IsBio": false,
    "CountryOfOrigin": "BELGIË",
    "FicCode": "N",
    "OrderUnit": "P",
    "ShortName": "OLIA COLOR 4.15",
    "IsNew": false
  },
  {
    "productId": "34839",
    "technicalArticleNumber": "1809533",
    "commercialArticleNumber": "720353",
    "name": "Nagellak Tenue&Strong 77",
    "description": "GEMEY NAGELLAK\nTENUE & STRONG 77\nWIT PARELMOER",
    "brand": "MAYBELLINE",
    "seoBrand": "Maybelline",
    "thumbNail": "https://static.colruytgroup.com/images/200x200/std.lang.all/33/01/asset-533301.jpg",
    "fullImage": "https://static.colruytgroup.com/images/500x500/std.lang.all/33/01/asset-533301.jpg",
    "squareImage": "https://static.colruytgroup.com/images/500x500sq/std.lang.all/33/01/asset-533301.jpg",
    "content": "10ml",
    "walkRouteSequenceNumber": 15790,
    "price": {
      "basicPrice": 8.89,
      "recommendedQuantity": "1.0",
      "measurementUnitPrice": 8.89,
      "measurementUnit": "S",
      "isRedPrice": false,
      "pricePerUOM": 8.89,
      "activationDate": "15-03-2024",
      "recordSource": "Offline",
      "isPromoActive": "N",
      "priceChangeCode": "H"
    },
    "isAvailable": true,
    "isPriceAvailable": true,
    "inPromo": false,
    "gtin": [
      "03600530351244",
      "03600530495955",
      "03600531473136",
      "03600530351626",
      "03600530352005"
    ],
    "topCategoryName": "Lichaamsverzorging/Parfumerie",
    "topCategoryId": "591",
    "businessDomain": "NON_FOOD",
    "IsPrivateLabel": false,
    "IsBiffe": false,
    "IsWeightArticle": false,
    "RecentQuanityOfStockUnits": "1",
    "LongName": "MAYBELLINE Nagellak Tenue&Strong 77 10ml",
    "IsBio": false,
    "AlcoholVolume": "0",
    "CountryOfOrigin": "BELGIË",
    "FicCode": "N",
    "OrderUnit": "P",
    "ShortName": "MAYB.TENUE&STRONG 77",
    "IsNew": false
  },
  {
    "productId": "90084",
    "technicalArticleNumber": "2968496",
    "commercialArticleNumber": "282171",
    "name": "Oleo Intense bruinzwart 2-10",
    "description": "SYOSS OLEO INTENSE\nBRUINZWART 2-10\n115 ML",
    "brand": "SYOSS",
    "seoBrand": "Syoss",
    "thumbNail": "https://static.colruytgroup.com/images/200x200/std.lang.all/60/91/asset-3226091.jpg",
    "fullImage": "https://static.colruytgroup.com/images/500x500/std.lang.all/60/91/asset-3226091.jpg",
    "squareImage": "https://static.colruytgroup.com/images/500x500sq/std.lang.all/60/91/asset-3226091.jpg",
    "walkRouteSequenceNumber": 15369,
    "price": {
      "basicPrice": 11.39,
      "recommendedQuantity": "1.0",
      "measurementUnitPrice": 11.39,
      "measurementUnit": "S",
      "isRedPrice": false,
      "pricePerUOM": 11.39,
      "activationDate": "26-02-2024",
      "recordSource": "Offline",
      "isPromoActive": "N",
      "priceChangeCode": "H"
    },
    "isAvailable": true,
    "isPriceAvailable": true,
    "inPromo": false,
    "gtin": [
      "05410091702656",
      "05412530805201",
      "05412530805218"
    ],
    "topCategoryName": "Lichaamsverzorging/Parfumerie",
    "topCategoryId": "591",
    "businessDomain": "NON_FOOD",
    "IsPrivateLabel": false,
    "IsBiffe": false,
    "IsWeightArticle": false,
    "RecentQuanityOfStockUnits": "1",
    "LongName": "SYOSS Oleo Intense bruinzwart 2-10",
    "IsBio": false,
    "CountryOfOrigin": "DUITSLAND",
    "FicCode": "N",
    "OrderUnit": "P",
    "ShortName": "SYOSS OLEO INTENSE 2-10",
    "IsNew": false
  },
  {
    "productId": "34159",
    "technicalArticleNumber": "1778965",
    "commercialArticleNumber": "720239",
    "name": "anti druk patch",
    "description": "*Anti-druk patch",
    "brand": "HANSAPLAST",
    "seoBrand": "Hansaplast",
    "thumbNail": "https://static.colruytgroup.com/images/200x200/std.lang.all/75/21/asset-3347521.jpg",
    "fullImage": "https://static.colruytgroup.com/images/500x500/std.lang.all/75/21/asset-3347521.jpg",
    "squareImage": "https://static.colruytgroup.com/images/500x500sq/std.lang.all/75/21/asset-3347521.jpg",
    "content": "2st",
    "walkRouteSequenceNumber": 14110,
    "price": {
      "basicPrice": 4.04,
      "recommendedQuantity": "1.0",
      "measurementUnitPrice": 4.04,
      "measurementUnit": "S",
      "isRedPrice": false,
      "pricePerUOM": 4.04,
      "activationDate": "20-03-2024",
      "recordSource": "Folder",
      "isPromoActive": "N",
      "priceChangeCode": "L"
    },
    "isAvailable": true,
    "isPriceAvailable": true,
    "inPromo": false,
    "gtin": [
      "04005800041846",
      "04005802041844"
    ],
    "topCategoryName": "Lichaamsverzorging/Parfumerie",
    "topCategoryId": "591",
    "businessDomain": "NON_FOOD",
    "IsPrivateLabel": false,
    "IsBiffe": false,
    "IsWeightArticle": false,
    "RecentQuanityOfStockUnits": "1",
    "LongName": "HANSAPLAST anti druk patch 2st",
    "IsBio": false,
    "CountryOfOrigin": "VERENIGDE STATEN VAN AMERIKA",
    "FicCode": "N",
    "OrderUnit": "P",
    "ShortName": "HSPL.KNIP.PLAK.GA",
    "IsNew": false
  },
  {
    "productId": "23432",
    "technicalArticleNumber": "1886186",
    "commercialArticleNumber": "720599",
    "name": "Belle Color licht asblond 11",
    "description": "*Licht asblond",
    "brand": "GARNIER",
    "seoBrand": "Garnier",
    "thumbNail": "https://static.colruytgroup.com/images/200x200/std.lang.all/18/02/asset-3271802.jpg",
    "fullImage": "https://static.colruytgroup.com/images/500x500/std.lang.all/18/02/asset-3271802.jpg",
    "squareImage": "https://static.colruytgroup.com/images/500x500sq/std.lang.all/18/02/asset-3271802.jpg",
    "price": {
      "basicPrice": 5.24,
      "recommendedQuantity": "1.0",
      "measurementUnitPrice": 5.24,
      "measurementUnit": "S",
      "isRedPrice": false,
      "pricePerUOM": 5.24,
      "activationDate": "23-03-2024",
      "recordSource": "Folder",
      "isPromoActive": "N",
      "priceChangeCode": "L"
    },
    "isAvailable": true,
    "isPriceAvailable": true,
    "inPromo": false,
    "gtin": [
      "03600541866935",
      "03600541866942",
      "03600542351348",
      "03600540057426",
      "03600540480743",
      "05410103043180"
    ],
    "topCategoryName": "Lichaamsverzorging/Parfumerie",
    "topCategoryId": "591",
    "businessDomain": "NON_FOOD",
    "IsPrivateLabel": false,
    "IsBiffe": false,
    "IsWeightArticle": false,
    "RecentQuanityOfStockUnits": "1",
    "LongName": "GARNIER Belle Color licht asblond 11",
    "IsBio": false,
    "CountryOfOrigin": "BELGIË",
    "FicCode": "N",
    "OrderUnit": "P",
    "ShortName": "BELLE COLOR NR 11",
    "IsNew": false
  },
  {
    "productId": "148353",
    "technicalArticleNumber": "3329047",
    "commercialArticleNumber": "346056",
    "name": "Express manicure basis nagel",
    "brand": "MAYBELLINE",
    "seoBrand": "Maybelline",
    "thumbNail": "https://ecgproductmw.colruytgroup.com/ecgproductmw/noPicForArticle_2.jpg",
    "fullImage": "https://ecgproductmw.colruytgroup.com/ecgproductmw/noPicForArticle_5.jpg",
    "squareImage": "https://ecgproductmw.colruytgroup.com/ecgproductmw/noPicForArticle_5.jpg",
    "walkRouteSequenceNumber": 15798,
    "price": {
      "basicPrice": 9.99,
      "recommendedQuantity": "1.0",
      "measurementUnitPrice": 9.99,
      "measurementUnit": "S",
      "isRedPrice": false,
      "pricePerUOM": 9.99,
      "activationDate": "19-03-2024",
      "recordSource": "Offline",
      "isPromoActive": "N",
      "priceChangeCode": "L"
    },
    "isAvailable": true,
    "isPriceAvailable": true,
    "inPromo": false,
    "gtin": [
      "00000030071087",
      "03600531476137",
      "03600530785537",
      "03600530785438",
      "05400141339079"
    ],
    "topCategoryName": "Lichaamsverzorging/Parfumerie",
    "topCategoryId": "591",
    "businessDomain": "NON_FOOD",
    "IsPrivateLabel": false,
    "IsBiffe": false,
    "IsWeightArticle": false,
    "RecentQuanityOfStockUnits": "1",
    "LongName": "MAYBELLINE Express manicure basis nagel",
    "IsBio": false,
    "CountryOfOrigin": "BELGIË",
    "FicCode": "N",
    "OrderUnit": "P",
    "ShortName": "MAY.EXP.MANI.BASE VERN",
    "IsNew": false
  },
  {
    "productId": "15394",
    "technicalArticleNumber": "1598943",
    "commercialArticleNumber": "654651",
    "name": "Kastanje middenbr. 650",
    "description": "PALETTE NR 650\nKASTANJE MIDDENBRUIN\n90 ML",
    "brand": "POLY PALETTE",
    "seoBrand": "Poly Palette",
    "thumbNail": "https://static.colruytgroup.com/images/200x200/std.lang.all/26/00/asset-1202600.jpg",
    "fullImage": "https://static.colruytgroup.com/images/500x500/std.lang.all/26/00/asset-1202600.jpg",
    "squareImage": "https://static.colruytgroup.com/images/500x500sq/std.lang.all/26/00/asset-1202600.jpg",
    "content": "1st",
    "price": {
      "basicPrice": 5.19,
      "recommendedQuantity": "1.0",
      "measurementUnitPrice": 5.19,
      "measurementUnit": "S",
      "isRedPrice": false,
      "pricePerUOM": 5.19,
      "activationDate": "01-03-2024",
      "recordSource": "Offline",
      "isPromoActive": "N",
      "priceChangeCode": "L"
    },
    "isAvailable": true,
    "isPriceAvailable": true,
    "inPromo": false,
    "gtin": [
      "05412530686541",
      "08718900001752",
      "05412530834409",
      "05410091639594",
      "05410091719982",
      "05412530834393"
    ],
    "topCategoryName": "Lichaamsverzorging/Parfumerie",
    "topCategoryId": "591",
    "businessDomain": "NON_FOOD",
    "IsPrivateLabel": false,
    "IsBiffe": false,
    "IsWeightArticle": false,
    "RecentQuanityOfStockUnits": "1",
    "LongName": "POLY PALETTE Kastanje middenbr. 650 1st",
    "IsBio": false,
    "CountryOfOrigin": "BELGIË",
    "FicCode": "N",
    "OrderUnit": "P",
    "ShortName": "PALETTE KAST.BRUIN 650",
    "IsNew": false
  },
  {
    "productId": "6206",
    "technicalArticleNumber": "308192",
    "commercialArticleNumber": "308192",
    "name": "Belle Color Zeer lichtblond 6",
    "brand": "GARNIER",
    "seoBrand": "Garnier Belle Color",
    "thumbNail": "https://static.colruytgroup.com/images/200x200/std.lang.all/17/81/asset-3271781.jpg",
    "fullImage": "https://static.colruytgroup.com/images/500x500/std.lang.all/17/81/asset-3271781.jpg",
    "squareImage": "https://static.colruytgroup.com/images/500x500sq/std.lang.all/17/81/asset-3271781.jpg",
    "walkRouteSequenceNumber": 15423,
    "price": {
      "basicPrice": 5.24,
      "recommendedQuantity": "1.0",
      "measurementUnitPrice": 5.24,
      "measurementUnit": "S",
      "isRedPrice": false,
      "pricePerUOM": 5.24,
      "activationDate": "23-03-2024",
      "recordSource": "Folder",
      "isPromoActive": "N",
      "priceChangeCode": "L"
    },
    "isAvailable": true,
    "isPriceAvailable": true,
    "inPromo": false,
    "gtin": [
      "03600540057396",
      "03600540480712",
      "03600541866850",
      "03600541866867",
      "03600542351287",
      "05410103043067",
      "05410103051185",
      "55410103130564"
    ],
    "topCategoryName": "Lichaamsverzorging/Parfumerie",
    "topCategoryId": "591",
    "businessDomain": "NON_FOOD",
    "IsPrivateLabel": false,
    "IsBiffe": false,
    "IsWeightArticle": false,
    "RecentQuanityOfStockUnits": "1",
    "LongName": "GARNIER Belle Color Zeer lichtblond 6",
    "IsBio": false,
    "AlcoholVolume": "0",
    "CountryOfOrigin": "BELGIË",
    "FicCode": "N",
    "OrderUnit": "P",
    "ShortName": "BELLE COLOR NR 6",
    "IsNew": false
  },
  {
    "productId": "217563",
    "technicalArticleNumber": "3481990",
    "commercialArticleNumber": "346440",
    "name": "leesbril Style dioptrie +2,5",
    "brand": "INFOCUS",
    "seoBrand": "INfocus",
    "thumbNail": "https://static.colruytgroup.com/images/200x200/std.lang.all/87/67/asset-1018767.jpg",
    "fullImage": "https://static.colruytgroup.com/images/500x500/std.lang.all/87/67/asset-1018767.jpg",
    "squareImage": "https://static.colruytgroup.com/images/500x500sq/std.lang.all/87/67/asset-1018767.jpg",
    "walkRouteSequenceNumber": 14024,
    "price": {
      "basicPrice": 4.95,
      "recommendedQuantity": "1.0",
      "measurementUnitPrice": 4.95,
      "measurementUnit": "S",
      "isRedPrice": false,
      "pricePerUOM": 4.95,
      "activationDate": "07-10-2022",
      "isPromoActive": "N",
      "priceChangeCode": "E"
    },
    "isAvailable": true,
    "isPriceAvailable": true,
    "inPromo": false,
    "gtin": [
      "08713228740314",
      "08713228741113",
      "08713228742912",
      "08713228820276",
      "08713228824885",
      "08713228824953",
      "08713228825028",
      "08713228826247",
      "08713228827930",
      "08713228827992",
      "08713228828074",
      "08713228838479",
      "08713228838615",
      "08713228849529",
      "08713228849598",
      "08713228849666",
      "08713228849734",
      "08713228849802",
      "08713228849871",
      "08713228582013",
      "08713228584819",
      "08713228639410",
      "08713228642410",
      "08713228645213",
      "08713228663811",
      "08713228838547",
      "08713228838400",
      "08713228666010"
    ],
    "topCategoryName": "Lichaamsverzorging/Parfumerie",
    "topCategoryId": "591",
    "businessDomain": "NON_FOOD",
    "IsPrivateLabel": false,
    "IsBiffe": false,
    "IsWeightArticle": false,
    "RecentQuanityOfStockUnits": "1,1,1,1,1,1",
    "LongName": "INFOCUS leesbril Style dioptrie +2,5",
    "IsBio": false,
    "CountryOfOrigin": "NEDERLAND",
    "FicCode": "N",
    "OrderUnit": "P",
    "ShortName": "LEESBRIL STYLE +2.5",
    "IsNew": false
  },
  {
    "productId": "57996",
    "technicalArticleNumber": "2348590",
    "commercialArticleNumber": "832317",
    "name": "Excellence licht goudbruin 5.3",
    "description": "EXCELLENCE NR 5.3\nCHATAIN DORé CLAIR",
    "brand": "L'OREAL",
    "seoBrand": "L'Oréal Paris",
    "thumbNail": "https://static.colruytgroup.com/images/200x200/std.lang.all/16/93/asset-3271693.jpg",
    "fullImage": "https://static.colruytgroup.com/images/500x500/std.lang.all/16/93/asset-3271693.jpg",
    "squareImage": "https://static.colruytgroup.com/images/500x500sq/std.lang.all/16/93/asset-3271693.jpg",
    "walkRouteSequenceNumber": 15384,
    "price": {
      "basicPrice": 10.49,
      "recommendedQuantity": "1.0",
      "measurementUnitPrice": 10.49,
      "measurementUnit": "S",
      "isRedPrice": false,
      "pricePerUOM": 10.49,
      "activationDate": "23-03-2024",
      "recordSource": "Folder",
      "isPromoActive": "N",
      "priceChangeCode": "E"
    },
    "isAvailable": true,
    "isPriceAvailable": true,
    "inPromo": false,
    "gtin": [
      "05410103002125",
      "03600523853793",
      "03600521171400",
      "55410103002120"
    ],
    "topCategoryName": "Lichaamsverzorging/Parfumerie",
    "topCategoryId": "591",
    "businessDomain": "NON_FOOD",
    "IsPrivateLabel": false,
    "IsBiffe": false,
    "IsWeightArticle": false,
    "RecentQuanityOfStockUnits": "1",
    "LongName": "L'OREAL Excellence licht goudbruin 5.3",
    "IsBio": false,
    "CountryOfOrigin": "BELGIË",
    "FicCode": "N",
    "OrderUnit": "P",
    "ShortName": "EXCELLENCE NR 5.3",
    "IsNew": false
  },
  {
    "productId": "828875",
    "technicalArticleNumber": "4667697",
    "commercialArticleNumber": "12390",
    "name": "apparaat + 1 mesje",
    "description": "*1 apparaat + mes\n*1 magnetische houder",
    "brand": "GILLETTE LABS",
    "seoBrand": "Gillette Labs",
    "thumbNail": "https://static.colruytgroup.com/images/200x200/std.lang.all/09/49/asset-2940949.jpg",
    "fullImage": "https://static.colruytgroup.com/images/500x500/std.lang.all/09/49/asset-2940949.jpg",
    "squareImage": "https://static.colruytgroup.com/images/500x500sq/std.lang.all/09/49/asset-2940949.jpg",
    "walkRouteSequenceNumber": 18176,
    "price": {
      "basicPrice": 29.99,
      "recommendedQuantity": "1.0",
      "quantityPrice": 19.99,
      "quantityPriceQuantity": "3.0",
      "measurementUnitPrice": 29.99,
      "measurementUnitQuantityPrice": 19.99,
      "measurementUnit": "S",
      "isRedPrice": false,
      "pricePerUOM": 29.99,
      "activationDate": "23-03-2024",
      "recordSource": "Offline",
      "isPromoActive": "N",
      "priceChangeCode": "E",
      "quantityPricePerUOM": 19.99,
      "quantityActivationDate": "23-03-2024",
      "quantityPriceChangeCode": "E"
    },
    "isAvailable": true,
    "isPriceAvailable": true,
    "inPromo": false,
    "gtin": [
      "08006540661666",
      "08006540661680",
      "08006540661673"
    ],
    "topCategoryName": "Lichaamsverzorging/Parfumerie",
    "topCategoryId": "591",
    "businessDomain": "RETAIL_BE",
    "IsPrivateLabel": false,
    "IsBiffe": false,
    "WeightconversionFactor": "0",
    "IsWeightArticle": false,
    "IsBio": false,
    "CountryOfOrigin": "CHINA (VOLKSREBUPLIEK)",
    "IsExclusivelySoldInLuxembourg": false,
    "OrderUnit": "P",
    "ShortName": "GILL LABS APP+1MES.1ST",
    "IsNew": false,
    "RecentQuanityOfStockUnits": "1",
    "LongName": "GILLETTE LABS apparaat + 1 mesje",
    "FicCode": "N"
  },
  {
    "productId": "15974",
    "technicalArticleNumber": "1563400",
    "commercialArticleNumber": "654518",
    "name": "Dream mat mousse 21",
    "brand": "MAYBELLINE",
    "seoBrand": "Maybelline",
    "thumbNail": "https://static.colruytgroup.com/images/200x200/std.lang.all/52/22/asset-345222.jpg",
    "fullImage": "https://static.colruytgroup.com/images/500x500/std.lang.all/52/22/asset-345222.jpg",
    "squareImage": "https://static.colruytgroup.com/images/500x500sq/std.lang.all/52/22/asset-345222.jpg",
    "content": "18ml",
    "price": {
      "basicPrice": 12.79,
      "recommendedQuantity": "1.0",
      "measurementUnitPrice": 12.79,
      "measurementUnit": "S",
      "isRedPrice": false,
      "pricePerUOM": 12.79,
      "activationDate": "21-03-2024",
      "recordSource": "Offline",
      "isPromoActive": "N",
      "priceChangeCode": "L"
    },
    "isAvailable": true,
    "isPriceAvailable": true,
    "inPromo": false,
    "gtin": [
      "03600530171910",
      "03600530232987",
      "03600530233113",
      "03600530817566",
      "03600531490386",
      "03600530817481"
    ],
    "topCategoryName": "Lichaamsverzorging/Parfumerie",
    "topCategoryId": "591",
    "businessDomain": "NON_FOOD",
    "IsPrivateLabel": false,
    "IsBiffe": false,
    "IsWeightArticle": false,
    "RecentQuanityOfStockUnits": "1",
    "LongName": "MAYBELLINE Dream mat mousse 21 18ml",
    "IsBio": false,
    "CountryOfOrigin": "BELGIË",
    "FicCode": "N",
    "OrderUnit": "P",
    "ShortName": "DREAM MOUSSE BEIGE DORE",
    "IsNew": false
  },
  {
    "productId": "231503",
    "technicalArticleNumber": "3563081",
    "commercialArticleNumber": "346443",
    "name": "Magic Retouch 5 blond",
    "brand": "L'OREAL",
    "seoBrand": "L'Oréal Paris",
    "thumbNail": "https://static.colruytgroup.com/images/200x200/std.lang.all/18/22/asset-3271822.jpg",
    "fullImage": "https://static.colruytgroup.com/images/500x500/std.lang.all/18/22/asset-3271822.jpg",
    "squareImage": "https://static.colruytgroup.com/images/500x500sq/std.lang.all/18/22/asset-3271822.jpg",
    "content": "75ml",
    "price": {
      "basicPrice": 9.99,
      "recommendedQuantity": "1.0",
      "measurementUnitPrice": 9.99,
      "measurementUnit": "S",
      "isRedPrice": false,
      "pricePerUOM": 9.99,
      "activationDate": "11-03-2024",
      "recordSource": "Offline",
      "isPromoActive": "N",
      "priceChangeCode": "H"
    },
    "isAvailable": true,
    "isPriceAvailable": true,
    "inPromo": false,
    "gtin": [
      "03600523193684",
      "03600523193479"
    ],
    "topCategoryName": "Lichaamsverzorging/Parfumerie",
    "topCategoryId": "591",
    "businessDomain": "NON_FOOD",
    "IsPrivateLabel": false,
    "IsBiffe": false,
    "IsWeightArticle": false,
    "RecentQuanityOfStockUnits": "1",
    "LongName": "L'OREAL Magic Retouch 5 blond 75ml",
    "IsBio": false,
    "CountryOfOrigin": "BELGIË",
    "FicCode": "N",
    "OrderUnit": "P",
    "ShortName": "LOR.MAGIC RE.D.BLOND 75",
    "IsNew": false
  },
  {
    "productId": "815438",
    "technicalArticleNumber": "4644170",
    "commercialArticleNumber": "21440",
    "name": "navulmesjes",
    "brand": "GILLETTE LABS",
    "seoBrand": "Gillette Labs",
    "thumbNail": "https://ecgproductmw.colruytgroup.com/ecgproductmw/noPicForArticle_2.jpg",
    "fullImage": "https://ecgproductmw.colruytgroup.com/ecgproductmw/noPicForArticle_5.jpg",
    "squareImage": "https://ecgproductmw.colruytgroup.com/ecgproductmw/noPicForArticle_5.jpg",
    "content": "3st",
    "walkRouteSequenceNumber": 18191,
    "price": {
      "basicPrice": 19.99,
      "recommendedQuantity": "1.0",
      "quantityPrice": 14.32,
      "quantityPriceQuantity": "3.0",
      "measurementUnitPrice": 6.67,
      "measurementUnitQuantityPrice": 4.78,
      "measurementUnit": "S",
      "isRedPrice": false,
      "pricePerUOM": 6.67,
      "activationDate": "23-03-2024",
      "recordSource": "Offline",
      "isPromoActive": "N",
      "priceChangeCode": "E",
      "quantityPricePerUOM": 4.78,
      "quantityActivationDate": "23-03-2024",
      "quantityPriceChangeCode": "E"
    },
    "isAvailable": true,
    "isPriceAvailable": true,
    "inPromo": false,
    "gtin": [
      "08001090282408",
      "08001090282378",
      "08001090282392"
    ],
    "topCategoryName": "Lichaamsverzorging/Parfumerie",
    "topCategoryId": "591",
    "businessDomain": "RETAIL_BE",
    "IsPrivateLabel": false,
    "IsBiffe": false,
    "WeightconversionFactor": "0",
    "IsWeightArticle": false,
    "IsBio": false,
    "CountryOfOrigin": "VERENIGDE STATEN VAN AMERIKA",
    "IsExclusivelySoldInLuxembourg": false,
    "OrderUnit": "P",
    "ShortName": "GILL LABS 3MES",
    "IsNew": false,
    "RecentQuanityOfStockUnits": "1",
    "LongName": "GILLETTE LABS navulmesjes 3st",
    "FicCode": "N"
  },
  {
    "productId": "4909",
    "technicalArticleNumber": "436176",
    "commercialArticleNumber": "436176",
    "name": "Excellence zeer lichtblond 9",
    "brand": "L'OREAL",
    "seoBrand": "L'Oréal Paris",
    "thumbNail": "https://static.colruytgroup.com/images/200x200/std.lang.all/16/81/asset-3271681.jpg",
    "fullImage": "https://static.colruytgroup.com/images/500x500/std.lang.all/16/81/asset-3271681.jpg",
    "squareImage": "https://static.colruytgroup.com/images/500x500sq/std.lang.all/16/81/asset-3271681.jpg",
    "price": {
      "basicPrice": 10.49,
      "recommendedQuantity": "1.0",
      "measurementUnitPrice": 10.49,
      "measurementUnit": "S",
      "isRedPrice": false,
      "pricePerUOM": 10.49,
      "activationDate": "23-03-2024",
      "recordSource": "Folder",
      "isPromoActive": "N",
      "priceChangeCode": "E"
    },
    "isAvailable": true,
    "isPriceAvailable": true,
    "inPromo": false,
    "gtin": [
      "55410103002021",
      "55410103057038",
      "03600521171486",
      "03600523853199",
      "05410103002026",
      "05410103038070",
      "05410103046457",
      "45410103019589"
    ],
    "topCategoryName": "Lichaamsverzorging/Parfumerie",
    "topCategoryId": "591",
    "businessDomain": "NON_FOOD",
    "IsPrivateLabel": false,
    "IsBiffe": false,
    "IsWeightArticle": false,
    "RecentQuanityOfStockUnits": "1",
    "LongName": "L'OREAL Excellence zeer lichtblond 9",
    "IsBio": false,
    "CountryOfOrigin": "BELGIË",
    "FicCode": "N",
    "OrderUnit": "P",
    "ShortName": "EXCELLENCE NR 9",
    "IsNew": false
  },
  {
    "productId": "184684",
    "technicalArticleNumber": "3448920",
    "commercialArticleNumber": "346339",
    "name": "Infinia Préférence bruin 4.15",
    "brand": "L'OREAL",
    "seoBrand": "L'Oréal Paris",
    "thumbNail": "https://static.colruytgroup.com/images/200x200/std.lang.all/71/63/asset-817163.jpg",
    "fullImage": "https://static.colruytgroup.com/images/500x500/std.lang.all/71/63/asset-817163.jpg",
    "squareImage": "https://static.colruytgroup.com/images/500x500sq/std.lang.all/71/63/asset-817163.jpg",
    "walkRouteSequenceNumber": 14324,
    "price": {
      "basicPrice": 15.4,
      "recommendedQuantity": "1.0",
      "measurementUnitPrice": 15.4,
      "measurementUnit": "S",
      "isRedPrice": false,
      "pricePerUOM": 15.4,
      "activationDate": "21-03-2024",
      "recordSource": "Offline",
      "isPromoActive": "N",
      "priceChangeCode": "H"
    },
    "isAvailable": true,
    "isPriceAvailable": true,
    "inPromo": false,
    "gtin": [
      "03600523289295",
      "03600523289301",
      "03600523867677",
      "03600523289288"
    ],
    "topCategoryName": "Lichaamsverzorging/Parfumerie",
    "topCategoryId": "591",
    "businessDomain": "NON_FOOD",
    "IsPrivateLabel": false,
    "IsBiffe": false,
    "IsWeightArticle": false,
    "RecentQuanityOfStockUnits": "1",
    "LongName": "L'OREAL Infinia Préférence bruin 4.15",
    "IsBio": false,
    "CountryOfOrigin": "BELGIË",
    "FicCode": "N",
    "OrderUnit": "P",
    "ShortName": "PREF.KASTANJEBRUIN 4.15",
    "IsNew": false
  },
  {
    "productId": "191451",
    "technicalArticleNumber": "3463215",
    "commercialArticleNumber": "346404",
    "name": "vochtige doekjes Sensitive",
    "description": "x",
    "brand": "DEMAK'UP",
    "seoBrand": "Demak'Up",
    "thumbNail": "https://static.colruytgroup.com/images/200x200/std.lang.all/70/57/asset-837057.jpg",
    "fullImage": "https://static.colruytgroup.com/images/500x500/std.lang.all/70/57/asset-837057.jpg",
    "squareImage": "https://static.colruytgroup.com/images/500x500sq/std.lang.all/70/57/asset-837057.jpg",
    "content": "23st",
    "walkRouteSequenceNumber": 15713,
    "price": {
      "basicPrice": 4.75,
      "recommendedQuantity": "1.0",
      "measurementUnitPrice": 0.207,
      "measurementUnit": "S",
      "isRedPrice": false,
      "pricePerUOM": 0.207,
      "activationDate": "11-01-2024",
      "recordSource": "Offline",
      "isPromoActive": "N",
      "priceChangeCode": "H"
    },
    "isAvailable": true,
    "isPriceAvailable": true,
    "inPromo": false,
    "gtin": [
      "07322540797138",
      "07322540797121"
    ],
    "topCategoryName": "Lichaamsverzorging/Parfumerie",
    "topCategoryId": "591",
    "businessDomain": "NON_FOOD",
    "IsPrivateLabel": false,
    "IsBiffe": false,
    "IsWeightArticle": false,
    "RecentQuanityOfStockUnits": "1",
    "LongName": "DEMAK'UP vochtige doekjes Sensitive 23st",
    "IsBio": false,
    "CountryOfOrigin": "ITALIË",
    "FicCode": "N",
    "OrderUnit": "P",
    "ShortName": "DEMAKUP SENSITIVE DOEK",
    "IsNew": false
  },
  {
    "productId": "217554",
    "technicalArticleNumber": "3481975",
    "commercialArticleNumber": "346438",
    "name": "leesbril Style dioptrie +1,5",
    "brand": "INFOCUS",
    "seoBrand": "INfocus",
    "thumbNail": "https://static.colruytgroup.com/images/200x200/std.lang.all/87/66/asset-1018766.jpg",
    "fullImage": "https://static.colruytgroup.com/images/500x500/std.lang.all/87/66/asset-1018766.jpg",
    "squareImage": "https://static.colruytgroup.com/images/500x500sq/std.lang.all/87/66/asset-1018766.jpg",
    "walkRouteSequenceNumber": 14022,
    "price": {
      "basicPrice": 4.95,
      "recommendedQuantity": "1.0",
      "measurementUnitPrice": 4.95,
      "measurementUnit": "S",
      "isRedPrice": false,
      "pricePerUOM": 4.95,
      "activationDate": "07-10-2022",
      "isPromoActive": "N",
      "priceChangeCode": "E"
    },
    "isAvailable": true,
    "isPriceAvailable": true,
    "inPromo": false,
    "gtin": [
      "08713228838387",
      "08713228831630",
      "08713228665716",
      "08713228738410",
      "08713228740116",
      "08713228742615",
      "08713228804887",
      "08713228810277",
      "08713228824502",
      "08713228824939",
      "08713228825004",
      "08713228663514",
      "08713228645015",
      "08713228642212",
      "08713228585618",
      "08713228583911",
      "08713228581818",
      "08713228849857",
      "08713228849789",
      "08713228849710",
      "08713228849574",
      "08713228849505",
      "08713228838592",
      "08713228838455",
      "08713228831739",
      "08713228827855",
      "08713228664313",
      "08713228849642",
      "08713228838523"
    ],
    "topCategoryName": "Lichaamsverzorging/Parfumerie",
    "topCategoryId": "591",
    "businessDomain": "NON_FOOD",
    "IsPrivateLabel": false,
    "IsBiffe": false,
    "IsWeightArticle": false,
    "RecentQuanityOfStockUnits": "1,1,1,1,1,1",
    "LongName": "INFOCUS leesbril Style dioptrie +1,5",
    "IsBio": false,
    "CountryOfOrigin": "NEDERLAND",
    "FicCode": "N",
    "OrderUnit": "P",
    "ShortName": "LEESBRIL STYLE +1.5",
    "IsNew": false
  },
  {
    "productId": "847826",
    "technicalArticleNumber": "4694603",
    "commercialArticleNumber": "22506",
    "name": "mesjes fusion power",
    "brand": "GILLETTE",
    "seoBrand": "Gillette",
    "thumbNail": "https://static.colruytgroup.com/images/200x200/std.lang.all/17/94/asset-3161794.jpg",
    "fullImage": "https://static.colruytgroup.com/images/500x500/std.lang.all/17/94/asset-3161794.jpg",
    "squareImage": "https://static.colruytgroup.com/images/500x500sq/std.lang.all/17/94/asset-3161794.jpg",
    "content": "12st",
    "walkRouteSequenceNumber": 18214,
    "price": {
      "basicPrice": 64.49,
      "recommendedQuantity": "1.0",
      "measurementUnitPrice": 5.38,
      "measurementUnit": "S",
      "isRedPrice": false,
      "pricePerUOM": 5.38,
      "activationDate": "09-12-2023",
      "isPromoActive": "N",
      "priceChangeCode": "E"
    },
    "isAvailable": true,
    "isPriceAvailable": true,
    "inPromo": false,
    "gtin": [
      "08001090420596",
      "08001090420534"
    ],
    "topCategoryName": "Lichaamsverzorging/Parfumerie",
    "topCategoryId": "591",
    "businessDomain": "RETAIL_BE",
    "IsPrivateLabel": false,
    "IsBiffe": false,
    "WeightconversionFactor": "0",
    "IsWeightArticle": false,
    "IsBio": false,
    "CountryOfOrigin": "DUITSLAND",
    "IsExclusivelySoldInLuxembourg": false,
    "OrderUnit": "P",
    "ShortName": "GILL FUSION POWER 12MES",
    "IsNew": false,
    "RecentQuanityOfStockUnits": "1",
    "LongName": "GILLETTE mesjes fusion power 12st",
    "FicCode": "N"
  },
  {
    "productId": "38626",
    "technicalArticleNumber": "1787970",
    "commercialArticleNumber": "720252",
    "name": "Mahonie 878",
    "description": "OALETTE NR 878\nMAHONIE\n117 ML",
    "brand": "POLY PALETTE",
    "seoBrand": "Poly Palette",
    "thumbNail": "https://static.colruytgroup.com/images/200x200/std.lang.all/26/04/asset-1202604.jpg",
    "fullImage": "https://static.colruytgroup.com/images/500x500/std.lang.all/26/04/asset-1202604.jpg",
    "squareImage": "https://static.colruytgroup.com/images/500x500sq/std.lang.all/26/04/asset-1202604.jpg",
    "price": {
      "basicPrice": 5.19,
      "recommendedQuantity": "1.0",
      "measurementUnitPrice": 5.19,
      "measurementUnit": "S",
      "isRedPrice": false,
      "pricePerUOM": 5.19,
      "activationDate": "01-03-2024",
      "recordSource": "Offline",
      "isPromoActive": "N",
      "priceChangeCode": "L"
    },
    "isAvailable": true,
    "isPriceAvailable": true,
    "inPromo": false,
    "gtin": [
      "05410091654788",
      "05410091719951",
      "05412530714329",
      "05412530834331",
      "05412530834348",
      "05412530714336"
    ],
    "topCategoryName": "Lichaamsverzorging/Parfumerie",
    "topCategoryId": "591",
    "businessDomain": "NON_FOOD",
    "IsPrivateLabel": false,
    "IsBiffe": false,
    "IsWeightArticle": false,
    "RecentQuanityOfStockUnits": "1",
    "LongName": "POLY PALETTE Mahonie 878",
    "IsBio": false,
    "CountryOfOrigin": "BELGIË",
    "FicCode": "N",
    "OrderUnit": "P",
    "ShortName": "PALETTE MAHONIE 878",
    "IsNew": false
  },
  {
    "productId": "217560",
    "technicalArticleNumber": "3481986",
    "commercialArticleNumber": "346439",
    "name": "leesbril Style dioptrie +2",
    "brand": "INFOCUS",
    "seoBrand": "INfocus",
    "thumbNail": "https://static.colruytgroup.com/images/200x200/std.lang.all/22/79/asset-962279.jpg",
    "fullImage": "https://static.colruytgroup.com/images/500x500/std.lang.all/22/79/asset-962279.jpg",
    "squareImage": "https://static.colruytgroup.com/images/500x500sq/std.lang.all/22/79/asset-962279.jpg",
    "walkRouteSequenceNumber": 14023,
    "price": {
      "basicPrice": 4.95,
      "recommendedQuantity": "1.0",
      "measurementUnitPrice": 4.95,
      "measurementUnit": "S",
      "isRedPrice": false,
      "pricePerUOM": 4.95,
      "activationDate": "07-10-2022",
      "isPromoActive": "N",
      "priceChangeCode": "E"
    },
    "isAvailable": true,
    "isPriceAvailable": true,
    "inPromo": false,
    "gtin": [
      "08713228838394",
      "08713228827886",
      "08713228831760",
      "08713228838462",
      "08713228838530",
      "08713228838608",
      "08713228738519",
      "08713228739417",
      "08713228740215",
      "08713228741816",
      "08713228742714",
      "08713228804900",
      "08713228808267",
      "08713228817450",
      "08713228849512",
      "08713228849581",
      "08713228849659",
      "08713228849727",
      "08713228824533",
      "08713228824878",
      "08713228849796",
      "08713228849864",
      "08713228824946",
      "08713228825011",
      "08713228826223",
      "08713228665112",
      "08713228665914",
      "08713228584314",
      "08713228585717",
      "08713228642311",
      "08713228645114",
      "08713228663712",
      "08713228664412"
    ],
    "topCategoryName": "Lichaamsverzorging/Parfumerie",
    "topCategoryId": "591",
    "businessDomain": "NON_FOOD",
    "IsPrivateLabel": false,
    "IsBiffe": false,
    "IsWeightArticle": false,
    "RecentQuanityOfStockUnits": "1,1,1,1,1,1",
    "LongName": "INFOCUS leesbril Style dioptrie +2",
    "IsBio": false,
    "CountryOfOrigin": "NEDERLAND",
    "FicCode": "N",
    "OrderUnit": "P",
    "ShortName": "LEESBRIL STYLE +2",
    "IsNew": false
  },
  {
    "productId": "284011",
    "technicalArticleNumber": "3656492",
    "commercialArticleNumber": "346788",
    "name": "FDT Perf. Accord Parfait 3,5N",
    "brand": "L'OREAL",
    "seoBrand": "L'Oréal Paris",
    "thumbNail": "https://static.colruytgroup.com/images/200x200/std.lang.all/64/49/asset-1186449.jpg",
    "fullImage": "https://static.colruytgroup.com/images/500x500/std.lang.all/64/49/asset-1186449.jpg",
    "squareImage": "https://static.colruytgroup.com/images/500x500sq/std.lang.all/64/49/asset-1186449.jpg",
    "walkRouteSequenceNumber": 15828,
    "price": {
      "basicPrice": 14.24,
      "recommendedQuantity": "1.0",
      "measurementUnitPrice": 14.24,
      "measurementUnit": "S",
      "isRedPrice": false,
      "pricePerUOM": 14.24,
      "activationDate": "23-03-2024",
      "recordSource": "Folder",
      "isPromoActive": "N",
      "priceChangeCode": "E"
    },
    "isAvailable": true,
    "isPriceAvailable": true,
    "inPromo": false,
    "gtin": [
      "03600522845683",
      "03600522840657",
      "03600522845676"
    ],
    "topCategoryName": "Lichaamsverzorging/Parfumerie",
    "topCategoryId": "591",
    "businessDomain": "NON_FOOD",
    "IsPrivateLabel": false,
    "IsBiffe": false,
    "IsWeightArticle": false,
    "RecentQuanityOfStockUnits": "1",
    "LongName": "L'OREAL FDT Perf. Accord Parfait 3,5N",
    "IsBio": false,
    "CountryOfOrigin": "BELGIË",
    "FicCode": "N",
    "OrderUnit": "P",
    "ShortName": "LOR.FDT.ACC.PARF.3.5N",
    "IsNew": false
  },
  {
    "productId": "15972",
    "technicalArticleNumber": "1563398",
    "commercialArticleNumber": "654516",
    "name": "Dream mat mousse 40",
    "brand": "MAYBELLINE",
    "seoBrand": "Maybelline",
    "thumbNail": "https://static.colruytgroup.com/images/200x200/std.lang.all/52/18/asset-345218.jpg",
    "fullImage": "https://static.colruytgroup.com/images/500x500/std.lang.all/52/18/asset-345218.jpg",
    "squareImage": "https://static.colruytgroup.com/images/500x500sq/std.lang.all/52/18/asset-345218.jpg",
    "content": "18ml",
    "walkRouteSequenceNumber": 15813,
    "price": {
      "basicPrice": 12.79,
      "recommendedQuantity": "1.0",
      "measurementUnitPrice": 12.79,
      "measurementUnit": "S",
      "isRedPrice": false,
      "pricePerUOM": 12.79,
      "activationDate": "21-03-2024",
      "recordSource": "Offline",
      "isPromoActive": "N",
      "priceChangeCode": "L"
    },
    "isAvailable": true,
    "isPriceAvailable": true,
    "inPromo": false,
    "gtin": [
      "03600530171965",
      "03600530233038",
      "03600530233168",
      "03600530817580",
      "03600531490447",
      "03600530817504"
    ],
    "topCategoryName": "Lichaamsverzorging/Parfumerie",
    "topCategoryId": "591",
    "businessDomain": "NON_FOOD",
    "IsPrivateLabel": false,
    "IsBiffe": false,
    "IsWeightArticle": false,
    "RecentQuanityOfStockUnits": "1",
    "LongName": "MAYBELLINE Dream mat mousse 40 18ml",
    "IsBio": false,
    "CountryOfOrigin": "BELGIË",
    "FicCode": "N",
    "OrderUnit": "P",
    "ShortName": "DREAM MOUSSE CANNELLE",
    "IsNew": false
  },
  {
    "productId": "42106",
    "technicalArticleNumber": "2504626",
    "commercialArticleNumber": "832819",
    "name": "Volume Millions Lash W.P. zwart",
    "brand": "L'OREAL",
    "seoBrand": "L'Oréal Paris",
    "thumbNail": "https://static.colruytgroup.com/images/200x200/std.lang.all/61/54/asset-346154.jpg",
    "fullImage": "https://static.colruytgroup.com/images/500x500/std.lang.all/61/54/asset-346154.jpg",
    "squareImage": "https://static.colruytgroup.com/images/500x500sq/std.lang.all/61/54/asset-346154.jpg",
    "price": {
      "basicPrice": 13.79,
      "recommendedQuantity": "1.0",
      "measurementUnitPrice": 13.79,
      "measurementUnit": "S",
      "isRedPrice": false,
      "pricePerUOM": 13.79,
      "activationDate": "24-02-2024",
      "recordSource": "Offline",
      "isPromoActive": "N",
      "priceChangeCode": "L"
    },
    "isAvailable": true,
    "isPriceAvailable": true,
    "inPromo": false,
    "gtin": [
      "03600523928965",
      "03600522412809",
      "08710678309955",
      "03600523879939",
      "03600522412793",
      "03600521976746",
      "03600521976739",
      "03600521976722"
    ],
    "topCategoryName": "Lichaamsverzorging/Parfumerie",
    "topCategoryId": "591",
    "businessDomain": "NON_FOOD",
    "IsPrivateLabel": false,
    "IsBiffe": false,
    "IsWeightArticle": false,
    "RecentQuanityOfStockUnits": "1",
    "LongName": "L'OREAL Volume Millions Lash W.P. zwart",
    "IsBio": false,
    "CountryOfOrigin": "BELGIË",
    "FicCode": "N",
    "OrderUnit": "P",
    "ShortName": "LOR MASC.MILL.WP.ZWART",
    "IsNew": false
  },
  {
    "productId": "115722",
    "technicalArticleNumber": "3007146",
    "commercialArticleNumber": "282205",
    "name": "Casting Crème Gloss bruin 515",
    "brand": "L'OREAL",
    "seoBrand": "L'Oréal Paris",
    "thumbNail": "https://static.colruytgroup.com/images/200x200/std.lang.all/18/28/asset-3271828.jpg",
    "fullImage": "https://static.colruytgroup.com/images/500x500/std.lang.all/18/28/asset-3271828.jpg",
    "squareImage": "https://static.colruytgroup.com/images/500x500sq/std.lang.all/18/28/asset-3271828.jpg",
    "walkRouteSequenceNumber": 15432,
    "price": {
      "basicPrice": 9,
      "recommendedQuantity": "1.0",
      "measurementUnitPrice": 9,
      "measurementUnit": "S",
      "isRedPrice": false,
      "pricePerUOM": 9,
      "activationDate": "23-03-2024",
      "recordSource": "Folder",
      "isPromoActive": "N",
      "priceChangeCode": "E"
    },
    "isAvailable": true,
    "isPriceAvailable": true,
    "inPromo": false,
    "gtin": [
      "03600520985152",
      "03600523836581",
      "03600520985411",
      "03600520985671"
    ],
    "topCategoryName": "Lichaamsverzorging/Parfumerie",
    "topCategoryId": "591",
    "businessDomain": "NON_FOOD",
    "IsPrivateLabel": false,
    "IsBiffe": false,
    "IsWeightArticle": false,
    "RecentQuanityOfStockUnits": "1",
    "LongName": "L'OREAL Casting Crème Gloss bruin 515",
    "IsBio": false,
    "CountryOfOrigin": "BELGIË",
    "FicCode": "N",
    "OrderUnit": "P",
    "ShortName": "CASTING CREME GLOSS 515",
    "IsNew": false
  },
  {
    "productId": "849060",
    "technicalArticleNumber": "4696442",
    "commercialArticleNumber": "30753",
    "name": "hybrid one blade apparaat",
    "description": "*Philips OneBlade\napparaat\n*Trimmen, scheren\nen stylen\n*5in1 trimkam(1-5mm)",
    "brand": "PHILIPS",
    "seoBrand": "Philips",
    "thumbNail": "https://static.colruytgroup.com/images/200x200/std.lang.all/61/58/asset-3216158.jpg",
    "fullImage": "https://static.colruytgroup.com/images/500x500/std.lang.all/61/58/asset-3216158.jpg",
    "squareImage": "https://static.colruytgroup.com/images/500x500sq/std.lang.all/61/58/asset-3216158.jpg",
    "walkRouteSequenceNumber": 18210,
    "price": {
      "basicPrice": 50.09,
      "recommendedQuantity": "1.0",
      "measurementUnitPrice": 50.09,
      "measurementUnit": "S",
      "isRedPrice": false,
      "pricePerUOM": 50.09,
      "activationDate": "23-03-2024",
      "recordSource": "Offline",
      "isPromoActive": "N",
      "priceChangeCode": "H"
    },
    "isAvailable": true,
    "isPriceAvailable": true,
    "inPromo": false,
    "gtin": [
      "18720689003367",
      "08720689003360",
      "18720689001158",
      "08720689001151"
    ],
    "topCategoryName": "Lichaamsverzorging/Parfumerie",
    "topCategoryId": "591",
    "businessDomain": "RETAIL_BE",
    "IsPrivateLabel": false,
    "IsBiffe": false,
    "WeightconversionFactor": "0",
    "IsWeightArticle": false,
    "IsBio": false,
    "CountryOfOrigin": "INDONESIË",
    "IsExclusivelySoldInLuxembourg": false,
    "OrderUnit": "P",
    "ShortName": "PHILI.HYBRID ONE BL.APP",
    "IsNew": false,
    "RecentQuanityOfStockUnits": "1,1",
    "LongName": "PHILIPS hybrid one blade apparaat",
    "AlcoholVolume": "0",
    "FicCode": "N"
  },
  {
    "productId": "90082",
    "technicalArticleNumber": "2968483",
    "commercialArticleNumber": "282169",
    "name": "Oleo Intense donkerblond 6-10",
    "description": "SYOSS OLEO INTENSE\nDONKERBLOND 6-10\n115 ML",
    "brand": "SYOSS",
    "seoBrand": "Syoss",
    "thumbNail": "https://static.colruytgroup.com/images/200x200/std.lang.all/60/89/asset-3226089.jpg",
    "fullImage": "https://static.colruytgroup.com/images/500x500/std.lang.all/60/89/asset-3226089.jpg",
    "squareImage": "https://static.colruytgroup.com/images/500x500sq/std.lang.all/60/89/asset-3226089.jpg",
    "walkRouteSequenceNumber": 15360,
    "price": {
      "basicPrice": 11.39,
      "recommendedQuantity": "1.0",
      "measurementUnitPrice": 11.39,
      "measurementUnit": "S",
      "isRedPrice": false,
      "pricePerUOM": 11.39,
      "activationDate": "26-02-2024",
      "recordSource": "Offline",
      "isPromoActive": "N",
      "priceChangeCode": "H"
    },
    "isAvailable": true,
    "isPriceAvailable": true,
    "inPromo": false,
    "gtin": [
      "05412530805393",
      "05412530805386",
      "05410091702755"
    ],
    "topCategoryName": "Lichaamsverzorging/Parfumerie",
    "topCategoryId": "591",
    "businessDomain": "NON_FOOD",
    "IsPrivateLabel": false,
    "IsBiffe": false,
    "IsWeightArticle": false,
    "RecentQuanityOfStockUnits": "1",
    "LongName": "SYOSS Oleo Intense donkerblond 6-10",
    "IsBio": false,
    "CountryOfOrigin": "DUITSLAND",
    "FicCode": "N",
    "OrderUnit": "P",
    "ShortName": "SYOSS OLEO INTENSE 6-10",
    "IsNew": false
  },
  {
    "productId": "184700",
    "technicalArticleNumber": "3448941",
    "commercialArticleNumber": "346341",
    "name": "Infinia Préférence Bruges 5",
    "brand": "L'OREAL",
    "seoBrand": "L'Oréal Paris",
    "thumbNail": "https://static.colruytgroup.com/images/200x200/std.lang.all/18/53/asset-3271853.jpg",
    "fullImage": "https://static.colruytgroup.com/images/500x500/std.lang.all/18/53/asset-3271853.jpg",
    "squareImage": "https://static.colruytgroup.com/images/500x500sq/std.lang.all/18/53/asset-3271853.jpg",
    "walkRouteSequenceNumber": 14328,
    "price": {
      "basicPrice": 15.4,
      "recommendedQuantity": "1.0",
      "measurementUnitPrice": 15.4,
      "measurementUnit": "S",
      "isRedPrice": false,
      "pricePerUOM": 15.4,
      "activationDate": "21-03-2024",
      "recordSource": "Offline",
      "isPromoActive": "N",
      "priceChangeCode": "H"
    },
    "isAvailable": true,
    "isPriceAvailable": true,
    "inPromo": false,
    "gtin": [
      "03600523289080",
      "03600523289097",
      "03600523289103",
      "03600523867646"
    ],
    "topCategoryName": "Lichaamsverzorging/Parfumerie",
    "topCategoryId": "591",
    "businessDomain": "NON_FOOD",
    "IsPrivateLabel": false,
    "IsBiffe": false,
    "IsWeightArticle": false,
    "RecentQuanityOfStockUnits": "1",
    "LongName": "L'OREAL Infinia Préférence Bruges 5",
    "IsBio": false,
    "CountryOfOrigin": "BELGIË",
    "FicCode": "N",
    "OrderUnit": "P",
    "ShortName": "PREF.BRUGES 5",
    "IsNew": false
  },
  {
    "productId": "330264",
    "technicalArticleNumber": "3798853",
    "commercialArticleNumber": "282627",
    "name": "Color violet 3-3",
    "description": "*Trendy violet",
    "brand": "SYOSS",
    "seoBrand": "Syoss",
    "thumbNail": "https://static.colruytgroup.com/images/200x200/std.lang.all/72/91/asset-1397291.jpg",
    "fullImage": "https://static.colruytgroup.com/images/500x500/std.lang.all/72/91/asset-1397291.jpg",
    "squareImage": "https://static.colruytgroup.com/images/500x500sq/std.lang.all/72/91/asset-1397291.jpg",
    "walkRouteSequenceNumber": 14991,
    "price": {
      "basicPrice": 8.69,
      "recommendedQuantity": "1.0",
      "measurementUnitPrice": 8.69,
      "measurementUnit": "S",
      "isRedPrice": false,
      "pricePerUOM": 8.69,
      "activationDate": "28-02-2024",
      "recordSource": "Offline",
      "isPromoActive": "N",
      "priceChangeCode": "E"
    },
    "isAvailable": true,
    "isPriceAvailable": true,
    "inPromo": false,
    "gtin": [
      "05412530864352",
      "05412530864345",
      "05410091735555"
    ],
    "topCategoryName": "Lichaamsverzorging/Parfumerie",
    "topCategoryId": "591",
    "businessDomain": "NON_FOOD",
    "IsPrivateLabel": false,
    "IsBiffe": false,
    "IsWeightArticle": false,
    "RecentQuanityOfStockUnits": "1",
    "LongName": "SYOSS Color violet 3-3",
    "IsBio": false,
    "CountryOfOrigin": "BELGIË",
    "FicCode": "N",
    "OrderUnit": "P",
    "ShortName": "SYOSS COL.3-3 VIOLET",
    "IsNew": false
  },
  {
    "productId": "723211",
    "technicalArticleNumber": "4475163",
    "commercialArticleNumber": "282826",
    "name": "Dagcrème Natur.Good Aloe Vera",
    "description": "*Visage",
    "brand": "NIVEA",
    "seoBrand": "Nivea",
    "thumbNail": "https://static.colruytgroup.com/images/200x200/nl_be/43/85/asset-2524385.jpg",
    "fullImage": "https://static.colruytgroup.com/images/500x500/nl_be/43/85/asset-2524385.jpg",
    "squareImage": "https://static.colruytgroup.com/images/500x500sq/nl_be/43/85/asset-2524385.jpg",
    "content": "50ml",
    "walkRouteSequenceNumber": 15618,
    "price": {
      "basicPrice": 9.75,
      "recommendedQuantity": "1.0",
      "measurementUnitPrice": 195,
      "measurementUnit": "L",
      "isRedPrice": false,
      "pricePerUOM": 195,
      "activationDate": "23-03-2024",
      "recordSource": "Offline",
      "isPromoActive": "N",
      "priceChangeCode": "E"
    },
    "isAvailable": true,
    "isPriceAvailable": true,
    "inPromo": false,
    "gtin": [
      "04005900701220",
      "04005900701237",
      "04005900701213"
    ],
    "topCategoryName": "Lichaamsverzorging/Parfumerie",
    "topCategoryId": "591",
    "businessDomain": "NON_FOOD",
    "IsPrivateLabel": false,
    "IsBiffe": false,
    "IsWeightArticle": false,
    "RecentQuanityOfStockUnits": "1",
    "LongName": "NIVEA Dagcrème Natur.Good Aloe Vera 50ml",
    "IsBio": false,
    "CountryOfOrigin": "POLEN",
    "FicCode": "N",
    "OrderUnit": "P",
    "ShortName": "NIV.NAT.ALOE DAGCREME",
    "IsNew": false
  },
  {
    "productId": "279847",
    "technicalArticleNumber": "3656505",
    "commercialArticleNumber": "346789",
    "name": "FDT Perf. Accord Parfait 2R/2C",
    "brand": "L'OREAL",
    "seoBrand": "L'Oréal Paris",
    "thumbNail": "https://static.colruytgroup.com/images/200x200/std.lang.all/64/50/asset-1186450.jpg",
    "fullImage": "https://static.colruytgroup.com/images/500x500/std.lang.all/64/50/asset-1186450.jpg",
    "squareImage": "https://static.colruytgroup.com/images/500x500sq/std.lang.all/64/50/asset-1186450.jpg",
    "walkRouteSequenceNumber": 15829,
    "price": {
      "basicPrice": 14.24,
      "recommendedQuantity": "1.0",
      "measurementUnitPrice": 14.24,
      "measurementUnit": "S",
      "isRedPrice": false,
      "pricePerUOM": 14.24,
      "activationDate": "23-03-2024",
      "recordSource": "Folder",
      "isPromoActive": "N",
      "priceChangeCode": "E"
    },
    "isAvailable": true,
    "isPriceAvailable": true,
    "inPromo": false,
    "gtin": [
      "03600520461410",
      "03600522846567",
      "03600522846550"
    ],
    "topCategoryName": "Lichaamsverzorging/Parfumerie",
    "topCategoryId": "591",
    "businessDomain": "NON_FOOD",
    "IsPrivateLabel": false,
    "IsBiffe": false,
    "IsWeightArticle": false,
    "RecentQuanityOfStockUnits": "1",
    "LongName": "L'OREAL FDT Perf. Accord Parfait 2R/2C",
    "IsBio": false,
    "CountryOfOrigin": "BELGIË",
    "FicCode": "N",
    "OrderUnit": "P",
    "ShortName": "LOR.FDT.ACC.PARF.2R/2C",
    "IsNew": false
  },
  {
    "productId": "338944",
    "technicalArticleNumber": "3831430",
    "commercialArticleNumber": "282667",
    "name": "Color 1-4 Blue Black",
    "description": "*Blue Black",
    "brand": "SYOSS",
    "seoBrand": "Syoss",
    "thumbNail": "https://static.colruytgroup.com/images/200x200/std.lang.all/30/34/asset-1443034.jpg",
    "fullImage": "https://static.colruytgroup.com/images/500x500/std.lang.all/30/34/asset-1443034.jpg",
    "squareImage": "https://static.colruytgroup.com/images/500x500sq/std.lang.all/30/34/asset-1443034.jpg",
    "walkRouteSequenceNumber": 14992,
    "price": {
      "basicPrice": 8.69,
      "recommendedQuantity": "1.0",
      "measurementUnitPrice": 8.69,
      "measurementUnit": "S",
      "isRedPrice": false,
      "pricePerUOM": 8.69,
      "activationDate": "28-02-2024",
      "recordSource": "Offline",
      "isPromoActive": "N",
      "priceChangeCode": "E"
    },
    "isAvailable": true,
    "isPriceAvailable": true,
    "inPromo": false,
    "gtin": [
      "05412530864413",
      "05410091735586",
      "05412530864406"
    ],
    "topCategoryName": "Lichaamsverzorging/Parfumerie",
    "topCategoryId": "591",
    "businessDomain": "NON_FOOD",
    "IsPrivateLabel": false,
    "IsBiffe": false,
    "IsWeightArticle": false,
    "RecentQuanityOfStockUnits": "1",
    "LongName": "SYOSS Color 1-4 Blue Black",
    "IsBio": false,
    "CountryOfOrigin": "BELGIË",
    "FicCode": "N",
    "OrderUnit": "P",
    "ShortName": "SYOSS COL1-4 BLUE BLACK",
    "IsNew": false
  },
  {
    "productId": "6202",
    "technicalArticleNumber": "308188",
    "commercialArticleNumber": "308188",
    "name": "Belle Color lichtblond 1",
    "brand": "GARNIER",
    "seoBrand": "Garnier Belle Color",
    "thumbNail": "https://static.colruytgroup.com/images/200x200/std.lang.all/17/13/asset-3271713.jpg",
    "fullImage": "https://static.colruytgroup.com/images/500x500/std.lang.all/17/13/asset-3271713.jpg",
    "squareImage": "https://static.colruytgroup.com/images/500x500sq/std.lang.all/17/13/asset-3271713.jpg",
    "walkRouteSequenceNumber": 15419,
    "price": {
      "basicPrice": 5.24,
      "recommendedQuantity": "1.0",
      "measurementUnitPrice": 5.24,
      "measurementUnit": "S",
      "isRedPrice": false,
      "pricePerUOM": 5.24,
      "activationDate": "23-03-2024",
      "recordSource": "Folder",
      "isPromoActive": "N",
      "priceChangeCode": "L"
    },
    "isAvailable": true,
    "isPriceAvailable": true,
    "inPromo": false,
    "gtin": [
      "05410103051048",
      "05410103053028",
      "45410103043027",
      "55410103130427",
      "03600540057655",
      "03600540480903",
      "03600541867413",
      "03600541867420",
      "03600542351645",
      "05410103043029"
    ],
    "topCategoryName": "Lichaamsverzorging/Parfumerie",
    "topCategoryId": "591",
    "businessDomain": "NON_FOOD",
    "IsPrivateLabel": false,
    "IsBiffe": false,
    "IsWeightArticle": false,
    "RecentQuanityOfStockUnits": "1",
    "LongName": "GARNIER Belle Color lichtblond 1",
    "IsBio": false,
    "CountryOfOrigin": "BELGIË",
    "FicCode": "N",
    "OrderUnit": "P",
    "ShortName": "BELLE COLOR NR 1",
    "IsNew": false
  },
  {
    "productId": "69470",
    "technicalArticleNumber": "2775330",
    "commercialArticleNumber": "952203",
    "name": "Telescopic mascara magest.black",
    "brand": "L'OREAL",
    "seoBrand": "L'Oréal Paris",
    "thumbNail": "https://static.colruytgroup.com/images/200x200/std.lang.all/61/37/asset-346137.jpg",
    "fullImage": "https://static.colruytgroup.com/images/500x500/std.lang.all/61/37/asset-346137.jpg",
    "squareImage": "https://static.colruytgroup.com/images/500x500sq/std.lang.all/61/37/asset-346137.jpg",
    "walkRouteSequenceNumber": 15660,
    "price": {
      "basicPrice": 13.49,
      "recommendedQuantity": "1.0",
      "measurementUnitPrice": 13.49,
      "measurementUnit": "S",
      "isRedPrice": false,
      "pricePerUOM": 13.49,
      "activationDate": "23-03-2024",
      "recordSource": "Folder",
      "isPromoActive": "N",
      "priceChangeCode": "E"
    },
    "isAvailable": true,
    "isPriceAvailable": true,
    "inPromo": false,
    "gtin": [
      "08710678355358",
      "03600522413240",
      "03600522413233",
      "03600522097983",
      "03600522097945",
      "03600522097907"
    ],
    "topCategoryName": "Lichaamsverzorging/Parfumerie",
    "topCategoryId": "591",
    "businessDomain": "NON_FOOD",
    "IsPrivateLabel": false,
    "IsBiffe": false,
    "IsWeightArticle": false,
    "RecentQuanityOfStockUnits": "1",
    "LongName": "L'OREAL Telescopic mascara magest.black",
    "IsBio": false,
    "CountryOfOrigin": "BELGIË",
    "FicCode": "N",
    "OrderUnit": "P",
    "ShortName": "LOR MASC.TELESC.MAG.BL",
    "IsNew": false
  },
  {
    "productId": "58843",
    "technicalArticleNumber": "2346483",
    "commercialArticleNumber": "832305",
    "name": "Vol. Million Lashes Result zw.",
    "brand": "L'OREAL",
    "seoBrand": "L'Oréal Paris",
    "thumbNail": "https://static.colruytgroup.com/images/200x200/std.lang.all/52/16/asset-345216.jpg",
    "fullImage": "https://static.colruytgroup.com/images/500x500/std.lang.all/52/16/asset-345216.jpg",
    "squareImage": "https://static.colruytgroup.com/images/500x500sq/std.lang.all/52/16/asset-345216.jpg",
    "walkRouteSequenceNumber": 15794,
    "price": {
      "basicPrice": 13.79,
      "recommendedQuantity": "1.0",
      "measurementUnitPrice": 13.79,
      "measurementUnit": "S",
      "isRedPrice": false,
      "pricePerUOM": 13.79,
      "activationDate": "24-02-2024",
      "recordSource": "Offline",
      "isPromoActive": "N",
      "priceChangeCode": "L"
    },
    "isAvailable": true,
    "isPriceAvailable": true,
    "inPromo": false,
    "gtin": [
      "03600523879991",
      "03600521821251",
      "03600521821268",
      "03600521821275",
      "03600522199076",
      "03600522199083",
      "08710678298235",
      "03600522413400",
      "03600522413394"
    ],
    "topCategoryName": "Lichaamsverzorging/Parfumerie",
    "topCategoryId": "591",
    "businessDomain": "NON_FOOD",
    "IsPrivateLabel": false,
    "IsBiffe": false,
    "IsWeightArticle": false,
    "RecentQuanityOfStockUnits": "1",
    "LongName": "L'OREAL Vol. Million Lashes Result zw.",
    "IsBio": false,
    "CountryOfOrigin": "BELGIË",
    "FicCode": "N",
    "OrderUnit": "P",
    "ShortName": "LOR MASC.MIL.COLLAG.EXT",
    "IsNew": false
  },
  {
    "productId": "58004",
    "technicalArticleNumber": "2348600",
    "commercialArticleNumber": "832326",
    "name": "Casting Crème Gloss violet 316",
    "brand": "L'OREAL",
    "seoBrand": "L'Oréal Paris",
    "thumbNail": "https://static.colruytgroup.com/images/200x200/std.lang.all/20/57/asset-3272057.jpg",
    "fullImage": "https://static.colruytgroup.com/images/500x500/std.lang.all/20/57/asset-3272057.jpg",
    "squareImage": "https://static.colruytgroup.com/images/500x500sq/std.lang.all/20/57/asset-3272057.jpg",
    "walkRouteSequenceNumber": 15459,
    "price": {
      "basicPrice": 9,
      "recommendedQuantity": "1.0",
      "measurementUnitPrice": 9,
      "measurementUnit": "S",
      "isRedPrice": false,
      "pricePerUOM": 9,
      "activationDate": "23-03-2024",
      "recordSource": "Folder",
      "isPromoActive": "N",
      "priceChangeCode": "E"
    },
    "isAvailable": true,
    "isPriceAvailable": true,
    "inPromo": false,
    "gtin": [
      "03600520985367",
      "03600520985626",
      "03600523836468",
      "03600520985107"
    ],
    "topCategoryName": "Lichaamsverzorging/Parfumerie",
    "topCategoryId": "591",
    "businessDomain": "NON_FOOD",
    "IsPrivateLabel": false,
    "IsBiffe": false,
    "IsWeightArticle": false,
    "RecentQuanityOfStockUnits": "1",
    "LongName": "L'OREAL Casting Crème Gloss violet 316",
    "IsBio": false,
    "CountryOfOrigin": "BELGIË",
    "FicCode": "N",
    "OrderUnit": "P",
    "ShortName": "CASTING CREME NR316",
    "IsNew": false
  },
  {
    "productId": "58001",
    "technicalArticleNumber": "2348597",
    "commercialArticleNumber": "832323",
    "name": "Casting Crème Gloss brownie 454",
    "brand": "L'OREAL",
    "seoBrand": "L'Oréal Paris",
    "thumbNail": "https://static.colruytgroup.com/images/200x200/std.lang.all/20/54/asset-3272054.jpg",
    "fullImage": "https://static.colruytgroup.com/images/500x500/std.lang.all/20/54/asset-3272054.jpg",
    "squareImage": "https://static.colruytgroup.com/images/500x500sq/std.lang.all/20/54/asset-3272054.jpg",
    "walkRouteSequenceNumber": 15457,
    "price": {
      "basicPrice": 9,
      "recommendedQuantity": "1.0",
      "measurementUnitPrice": 9,
      "measurementUnit": "S",
      "isRedPrice": false,
      "pricePerUOM": 9,
      "activationDate": "23-03-2024",
      "recordSource": "Folder",
      "isPromoActive": "N",
      "priceChangeCode": "E"
    },
    "isAvailable": true,
    "isPriceAvailable": true,
    "inPromo": false,
    "gtin": [
      "03600523840878",
      "03600521638286",
      "03600521638200",
      "03600521638248"
    ],
    "topCategoryName": "Lichaamsverzorging/Parfumerie",
    "topCategoryId": "591",
    "businessDomain": "NON_FOOD",
    "IsPrivateLabel": false,
    "IsBiffe": false,
    "IsWeightArticle": false,
    "RecentQuanityOfStockUnits": "1",
    "LongName": "L'OREAL Casting Crème Gloss brownie 454",
    "IsBio": false,
    "CountryOfOrigin": "BELGIË",
    "FicCode": "N",
    "OrderUnit": "P",
    "ShortName": "CASTING CREME NR454",
    "IsNew": false
  },
  {
    "productId": "114234",
    "technicalArticleNumber": "3034252",
    "commercialArticleNumber": "282291",
    "name": "dagcrème",
    "brand": "BONI",
    "seoBrand": "Boni Selection",
    "thumbNail": "https://static.colruytgroup.com/images/200x200/std.lang.all/30/11/asset-2503011.jpg",
    "fullImage": "https://static.colruytgroup.com/images/500x500/std.lang.all/30/11/asset-2503011.jpg",
    "squareImage": "https://static.colruytgroup.com/images/500x500sq/std.lang.all/30/11/asset-2503011.jpg",
    "content": "50ml",
    "walkRouteSequenceNumber": 15528,
    "price": {
      "basicPrice": 1.99,
      "recommendedQuantity": "1.0",
      "measurementUnitPrice": 39.8,
      "measurementUnit": "L",
      "isRedPrice": false,
      "pricePerUOM": 39.8,
      "activationDate": "10-11-2023",
      "recordSource": "Offline",
      "isPromoActive": "N",
      "priceChangeCode": "E"
    },
    "isAvailable": true,
    "isPriceAvailable": true,
    "inPromo": false,
    "gtin": [
      "05400141822915",
      "15400141822912",
      "05400141957525",
      "15400141957522"
    ],
    "topCategoryName": "Lichaamsverzorging/Parfumerie",
    "topCategoryId": "591",
    "businessDomain": "NON_FOOD",
    "IsPrivateLabel": true,
    "IsBiffe": false,
    "IsWeightArticle": false,
    "RecentQuanityOfStockUnits": "1",
    "LongName": "BONI dagcrème 50ml",
    "IsBio": false,
    "CountryOfOrigin": "BELGIË",
    "FicCode": "N",
    "OrderUnit": "P",
    "ShortName": "BONI DAGCREME 50ML",
    "IsNew": false
  },
  {
    "productId": "847554",
    "technicalArticleNumber": "4693968",
    "commercialArticleNumber": "21074",
    "name": "Power",
    "description": "*Scheermes met\nflexbal",
    "brand": "GILLETTE FUSION5 PROGLIDE",
    "seoBrand": "Gillette Fusion5 Proglide",
    "thumbNail": "https://static.colruytgroup.com/images/200x200/std.lang.all/58/17/asset-3235817.jpg",
    "fullImage": "https://static.colruytgroup.com/images/500x500/std.lang.all/58/17/asset-3235817.jpg",
    "squareImage": "https://static.colruytgroup.com/images/500x500sq/std.lang.all/58/17/asset-3235817.jpg",
    "walkRouteSequenceNumber": 18178,
    "price": {
      "basicPrice": 21.09,
      "recommendedQuantity": "1.0",
      "measurementUnitPrice": 21.09,
      "measurementUnit": "S",
      "isRedPrice": false,
      "pricePerUOM": 21.09,
      "activationDate": "17-02-2024",
      "recordSource": "Offline",
      "isPromoActive": "N",
      "priceChangeCode": "H"
    },
    "isAvailable": true,
    "isPriceAvailable": true,
    "inPromo": false,
    "gtin": [
      "08001090447050",
      "08001090447302"
    ],
    "topCategoryName": "Lichaamsverzorging/Parfumerie",
    "topCategoryId": "591",
    "businessDomain": "RETAIL_BE",
    "IsPrivateLabel": false,
    "IsBiffe": false,
    "WeightconversionFactor": "0",
    "IsWeightArticle": false,
    "IsBio": false,
    "CountryOfOrigin": "CHINA (VOLKSREBUPLIEK)",
    "IsExclusivelySoldInLuxembourg": false,
    "OrderUnit": "P",
    "ShortName": "GILL PR.GL.FLEX APP.POW",
    "IsNew": false,
    "RecentQuanityOfStockUnits": "1",
    "LongName": "GILLETTE FUSION5 PROGLIDE Power",
    "AlcoholVolume": "0",
    "FicCode": "N"
  },
  {
    "productId": "194374",
    "technicalArticleNumber": "3445005",
    "commercialArticleNumber": "236085",
    "name": "shampoo",
    "description": "*Shampoo\n*Met kamille\n*Ph-huidneutraal",
    "brand": "NIVEA BABY",
    "seoBrand": "NIVEA BABY",
    "thumbNail": "https://static.colruytgroup.com/images/200x200/std.lang.all/71/14/asset-1517114.jpg",
    "fullImage": "https://static.colruytgroup.com/images/500x500/std.lang.all/71/14/asset-1517114.jpg",
    "squareImage": "https://static.colruytgroup.com/images/500x500sq/std.lang.all/71/14/asset-1517114.jpg",
    "content": "500ml",
    "walkRouteSequenceNumber": 15945,
    "price": {
      "basicPrice": 5.19,
      "recommendedQuantity": "1.0",
      "measurementUnitPrice": 10.38,
      "measurementUnit": "L",
      "isRedPrice": false,
      "pricePerUOM": 10.38,
      "activationDate": "27-02-2024",
      "recordSource": "Offline",
      "isPromoActive": "N",
      "priceChangeCode": "E"
    },
    "isAvailable": true,
    "isPriceAvailable": true,
    "inPromo": false,
    "gtin": [
      "04005900271297",
      "04005900271273",
      "04005900271280"
    ],
    "topCategoryName": "Baby",
    "topCategoryId": "761",
    "businessDomain": "NON_FOOD",
    "IsPrivateLabel": false,
    "IsBiffe": false,
    "IsWeightArticle": false,
    "RecentQuanityOfStockUnits": "1",
    "LongName": "NIVEA BABY shampoo 500ml",
    "IsBio": false,
    "CountryOfOrigin": "DUITSLAND",
    "FicCode": "N",
    "OrderUnit": "P",
    "ShortName": "NIVEA BABY SHAMPOO 500",
    "IsNew": false
  },
  {
    "productId": "217565",
    "technicalArticleNumber": "3481994",
    "commercialArticleNumber": "346441",
    "name": "leesbril Style dioptrie +3",
    "brand": "INFOCUS",
    "seoBrand": "INfocus",
    "thumbNail": "https://static.colruytgroup.com/images/200x200/std.lang.all/22/80/asset-962280.jpg",
    "fullImage": "https://static.colruytgroup.com/images/500x500/std.lang.all/22/80/asset-962280.jpg",
    "squareImage": "https://static.colruytgroup.com/images/500x500sq/std.lang.all/22/80/asset-962280.jpg",
    "walkRouteSequenceNumber": 14025,
    "price": {
      "basicPrice": 4.95,
      "recommendedQuantity": "1.0",
      "measurementUnitPrice": 4.95,
      "measurementUnit": "S",
      "isRedPrice": false,
      "pricePerUOM": 4.95,
      "activationDate": "07-10-2022",
      "isPromoActive": "N",
      "priceChangeCode": "E"
    },
    "isAvailable": true,
    "isPriceAvailable": true,
    "inPromo": false,
    "gtin": [
      "08713228838417",
      "08713228838486",
      "08713228820344",
      "08713228838554",
      "08713228849604",
      "08713228824960",
      "08713228825035",
      "08713228826278",
      "08713228828104",
      "08713228831616",
      "08713228838622",
      "08713228849536",
      "08713228849673",
      "08713228849741",
      "08713228849819",
      "08713228849888",
      "08713228583010",
      "08713228584918",
      "08713228639519",
      "08713228643714",
      "08713228645312",
      "08713228663910",
      "08713228664610",
      "08713228665310",
      "08713228666119",
      "08713228738816",
      "08713228739714",
      "08713228740413",
      "08713228741212",
      "08713228824267",
      "08713228742011",
      "08713228743018",
      "08713228744015",
      "08713228804955",
      "08713228824892"
    ],
    "topCategoryName": "Lichaamsverzorging/Parfumerie",
    "topCategoryId": "591",
    "businessDomain": "NON_FOOD",
    "IsPrivateLabel": false,
    "IsBiffe": false,
    "IsWeightArticle": false,
    "RecentQuanityOfStockUnits": "1,1,1,1,1,1",
    "LongName": "INFOCUS leesbril Style dioptrie +3",
    "IsBio": false,
    "CountryOfOrigin": "NEDERLAND",
    "FicCode": "N",
    "OrderUnit": "P",
    "ShortName": "LEESBRIL STYLE +3",
    "IsNew": false
  },
  {
    "productId": "246297",
    "technicalArticleNumber": "3660820",
    "commercialArticleNumber": "346805",
    "name": "Mahonie 4-2",
    "description": "SYOSS COLOR CREAM\nMAHONIE 4-2\n115 ML",
    "brand": "SYOSS",
    "seoBrand": "Syoss",
    "thumbNail": "https://static.colruytgroup.com/images/200x200/std.lang.all/18/50/asset-1211850.jpg",
    "fullImage": "https://static.colruytgroup.com/images/500x500/std.lang.all/18/50/asset-1211850.jpg",
    "squareImage": "https://static.colruytgroup.com/images/500x500sq/std.lang.all/18/50/asset-1211850.jpg",
    "walkRouteSequenceNumber": 15001,
    "price": {
      "basicPrice": 8.69,
      "recommendedQuantity": "1.0",
      "measurementUnitPrice": 8.69,
      "measurementUnit": "S",
      "isRedPrice": false,
      "pricePerUOM": 8.69,
      "activationDate": "28-02-2024",
      "recordSource": "Offline",
      "isPromoActive": "N",
      "priceChangeCode": "E"
    },
    "isAvailable": true,
    "isPriceAvailable": true,
    "inPromo": false,
    "gtin": [
      "05412530864260",
      "05410091735517",
      "05412530864277"
    ],
    "topCategoryName": "Lichaamsverzorging/Parfumerie",
    "topCategoryId": "591",
    "businessDomain": "NON_FOOD",
    "IsPrivateLabel": false,
    "IsBiffe": false,
    "IsWeightArticle": false,
    "RecentQuanityOfStockUnits": "1",
    "LongName": "SYOSS Mahonie 4-2",
    "IsBio": false,
    "AlcoholVolume": "0",
    "CountryOfOrigin": "DUITSLAND",
    "FicCode": "N",
    "OrderUnit": "P",
    "ShortName": "SYOSS COL.4-2 MAHONIE",
    "IsNew": false
  },
  {
    "productId": "279108",
    "technicalArticleNumber": "3672108",
    "commercialArticleNumber": "282308",
    "name": "uitgroeispray zwart",
    "brand": "SYOSS",
    "seoBrand": "Syoss",
    "thumbNail": "https://static.colruytgroup.com/images/200x200/std.lang.all/57/15/asset-1285715.jpg",
    "fullImage": "https://static.colruytgroup.com/images/500x500/std.lang.all/57/15/asset-1285715.jpg",
    "squareImage": "https://static.colruytgroup.com/images/500x500sq/std.lang.all/57/15/asset-1285715.jpg",
    "walkRouteSequenceNumber": 15000,
    "price": {
      "basicPrice": 8.95,
      "recommendedQuantity": "1.0",
      "measurementUnitPrice": 8.95,
      "measurementUnit": "S",
      "isRedPrice": false,
      "pricePerUOM": 8.95,
      "activationDate": "20-03-2024",
      "recordSource": "Offline",
      "isPromoActive": "N",
      "priceChangeCode": "H"
    },
    "isAvailable": true,
    "isPriceAvailable": true,
    "inPromo": false,
    "gtin": [
      "05412530862433",
      "05412530862426",
      "05410091734411"
    ],
    "topCategoryName": "Lichaamsverzorging/Parfumerie",
    "topCategoryId": "591",
    "businessDomain": "NON_FOOD",
    "IsPrivateLabel": false,
    "IsBiffe": false,
    "IsWeightArticle": false,
    "RecentQuanityOfStockUnits": "1",
    "LongName": "SYOSS uitgroeispray zwart",
    "IsBio": false,
    "CountryOfOrigin": "DUITSLAND",
    "FicCode": "N",
    "OrderUnit": "P",
    "ShortName": "SYOSS UITGR.SPRAY ZWART",
    "IsNew": false
  },
  {
    "productId": "702641",
    "technicalArticleNumber": "4436279",
    "commercialArticleNumber": "346395",
    "name": "micellair water vitamine C",
    "brand": "NIVEA",
    "seoBrand": "Nivea Visage",
    "thumbNail": "https://static.colruytgroup.com/images/200x200/std.lang.all/54/89/asset-2525489.jpg",
    "fullImage": "https://static.colruytgroup.com/images/500x500/std.lang.all/54/89/asset-2525489.jpg",
    "squareImage": "https://static.colruytgroup.com/images/500x500sq/std.lang.all/54/89/asset-2525489.jpg",
    "content": "400ml",
    "walkRouteSequenceNumber": 15644,
    "price": {
      "basicPrice": 8.49,
      "recommendedQuantity": "1.0",
      "measurementUnitPrice": 21.23,
      "measurementUnit": "L",
      "isRedPrice": false,
      "pricePerUOM": 21.23,
      "activationDate": "27-02-2024",
      "recordSource": "Offline",
      "isPromoActive": "N",
      "priceChangeCode": "E"
    },
    "isAvailable": true,
    "isPriceAvailable": true,
    "inPromo": false,
    "gtin": [
      "04005900891365",
      "04005900891389",
      "04005900891372"
    ],
    "topCategoryName": "Lichaamsverzorging/Parfumerie",
    "topCategoryId": "591",
    "businessDomain": "NON_FOOD",
    "IsPrivateLabel": false,
    "IsBiffe": false,
    "IsWeightArticle": false,
    "RecentQuanityOfStockUnits": "1",
    "LongName": "NIVEA micellair water vitamine C 400ml",
    "IsBio": false,
    "CountryOfOrigin": "DUITSLAND",
    "FicCode": "N",
    "OrderUnit": "P",
    "ShortName": "NIV.MIC.WATER VIT C",
    "IsNew": false
  },
  {
    "productId": "495135",
    "technicalArticleNumber": "4042714",
    "commercialArticleNumber": "378191",
    "name": "Bio rein.gel detox citr.",
    "brand": "GARNIER",
    "seoBrand": "Garnier",
    "thumbNail": "https://static.colruytgroup.com/images/200x200/std.lang.all/17/99/asset-1711799.jpg",
    "fullImage": "https://static.colruytgroup.com/images/500x500/std.lang.all/17/99/asset-1711799.jpg",
    "squareImage": "https://static.colruytgroup.com/images/500x500sq/std.lang.all/17/99/asset-1711799.jpg",
    "content": "150ml",
    "walkRouteSequenceNumber": 15506,
    "price": {
      "basicPrice": 8.99,
      "recommendedQuantity": "1.0",
      "measurementUnitPrice": 59.94,
      "measurementUnit": "L",
      "isRedPrice": false,
      "pricePerUOM": 59.94,
      "activationDate": "01-03-2024",
      "recordSource": "Offline",
      "isPromoActive": "N",
      "priceChangeCode": "E"
    },
    "isAvailable": true,
    "isPriceAvailable": true,
    "inPromo": false,
    "gtin": [
      "03600542197137",
      "03600542196611"
    ],
    "topCategoryName": "Lichaamsverzorging/Parfumerie",
    "topCategoryId": "591",
    "businessDomain": "NON_FOOD",
    "IsPrivateLabel": false,
    "IsBiffe": false,
    "IsWeightArticle": false,
    "RecentQuanityOfStockUnits": "1",
    "LongName": "GARNIER Bio rein.gel detox citr. 150ml",
    "IsBio": false,
    "CountryOfOrigin": "BELGIË",
    "FicCode": "N",
    "OrderUnit": "P",
    "ShortName": "GARN.BIO REIN.GEL DETOX",
    "IsNew": false
  },
  {
    "productId": "847895",
    "technicalArticleNumber": "4694697",
    "commercialArticleNumber": "23607",
    "name": "mesjes",
    "description": "*Voor alle Fusion\napparaten",
    "brand": "GILLETTE",
    "seoBrand": "Gillette Proshield Fusion5",
    "thumbNail": "https://static.colruytgroup.com/images/200x200/std.lang.all/17/99/asset-3161799.jpg",
    "fullImage": "https://static.colruytgroup.com/images/500x500/std.lang.all/17/99/asset-3161799.jpg",
    "squareImage": "https://static.colruytgroup.com/images/500x500sq/std.lang.all/17/99/asset-3161799.jpg",
    "content": "6st",
    "walkRouteSequenceNumber": 15045,
    "price": {
      "basicPrice": 37.95,
      "recommendedQuantity": "1.0",
      "quantityPrice": 27.26,
      "quantityPriceQuantity": "3.0",
      "measurementUnitPrice": 6.33,
      "measurementUnitQuantityPrice": 4.55,
      "measurementUnit": "S",
      "isRedPrice": false,
      "pricePerUOM": 6.33,
      "activationDate": "23-03-2024",
      "recordSource": "Offline",
      "isPromoActive": "N",
      "priceChangeCode": "E",
      "quantityPricePerUOM": 4.55,
      "quantityActivationDate": "23-03-2024",
      "quantityPriceChangeCode": "E"
    },
    "isAvailable": true,
    "isPriceAvailable": true,
    "inPromo": false,
    "gtin": [
      "08001090622785",
      "08001090622204"
    ],
    "topCategoryName": "Lichaamsverzorging/Parfumerie",
    "topCategoryId": "591",
    "businessDomain": "RETAIL_BE",
    "IsPrivateLabel": false,
    "IsBiffe": false,
    "WeightconversionFactor": "0",
    "IsWeightArticle": false,
    "IsBio": false,
    "CountryOfOrigin": "DUITSLAND",
    "IsExclusivelySoldInLuxembourg": false,
    "OrderUnit": "P",
    "ShortName": "GILL.FUSION5 PROSH.6MES",
    "IsNew": false,
    "RecentQuanityOfStockUnits": "1",
    "LongName": "GILLETTE mesjes 6st",
    "FicCode": "N"
  },
  {
    "productId": "658616",
    "technicalArticleNumber": "4361230",
    "commercialArticleNumber": "378062",
    "name": "Visage micellair water",
    "description": "*Naturally Good",
    "brand": "NIVEA",
    "seoBrand": "Nivea",
    "thumbNail": "https://static.colruytgroup.com/images/200x200/std.lang.all/87/02/asset-2268702.jpg",
    "fullImage": "https://static.colruytgroup.com/images/500x500/std.lang.all/87/02/asset-2268702.jpg",
    "squareImage": "https://static.colruytgroup.com/images/500x500sq/std.lang.all/87/02/asset-2268702.jpg",
    "content": "400ml",
    "walkRouteSequenceNumber": 15641,
    "price": {
      "basicPrice": 8.79,
      "recommendedQuantity": "1.0",
      "measurementUnitPrice": 21.98,
      "measurementUnit": "L",
      "isRedPrice": false,
      "pricePerUOM": 21.98,
      "activationDate": "06-03-2024",
      "recordSource": "Offline",
      "isPromoActive": "N",
      "priceChangeCode": "E"
    },
    "isAvailable": true,
    "isPriceAvailable": true,
    "inPromo": false,
    "gtin": [
      "04005900759320",
      "04005900759337",
      "04005900759344"
    ],
    "topCategoryName": "Lichaamsverzorging/Parfumerie",
    "topCategoryId": "591",
    "businessDomain": "NON_FOOD",
    "IsPrivateLabel": false,
    "IsBiffe": false,
    "IsWeightArticle": false,
    "RecentQuanityOfStockUnits": "1",
    "LongName": "NIVEA Visage micellair water 400ml",
    "IsBio": false,
    "CountryOfOrigin": "DUITSLAND",
    "FicCode": "N",
    "OrderUnit": "P",
    "ShortName": "NIV.NAT.G.VIS MIC.WATER",
    "IsNew": false
  },
  {
    "productId": "81517",
    "technicalArticleNumber": "2929062",
    "commercialArticleNumber": "282009",
    "name": "Olia donkerblond 7.0",
    "brand": "GARNIER",
    "seoBrand": "Garnier",
    "thumbNail": "https://static.colruytgroup.com/images/200x200/std.lang.all/17/72/asset-3271772.jpg",
    "fullImage": "https://static.colruytgroup.com/images/500x500/std.lang.all/17/72/asset-3271772.jpg",
    "squareImage": "https://static.colruytgroup.com/images/500x500sq/std.lang.all/17/72/asset-3271772.jpg",
    "walkRouteSequenceNumber": 15364,
    "price": {
      "basicPrice": 11.39,
      "recommendedQuantity": "1.0",
      "measurementUnitPrice": 11.39,
      "measurementUnit": "S",
      "isRedPrice": false,
      "pricePerUOM": 11.39,
      "activationDate": "05-03-2024",
      "recordSource": "Offline",
      "isPromoActive": "N",
      "priceChangeCode": "E"
    },
    "isAvailable": true,
    "isPriceAvailable": true,
    "inPromo": false,
    "gtin": [
      "03600541237124",
      "03600541237162",
      "03600541237155",
      "03600542348133",
      "03600542490474",
      "03600542490481"
    ],
    "topCategoryName": "Lichaamsverzorging/Parfumerie",
    "topCategoryId": "591",
    "businessDomain": "NON_FOOD",
    "IsPrivateLabel": false,
    "IsBiffe": false,
    "IsWeightArticle": false,
    "RecentQuanityOfStockUnits": "1",
    "LongName": "GARNIER Olia donkerblond 7.0",
    "IsBio": false,
    "CountryOfOrigin": "BELGIË",
    "FicCode": "N",
    "OrderUnit": "P",
    "ShortName": "OLIA COLOR 7.0 D.BLOND",
    "IsNew": false
  },
  {
    "productId": "23428",
    "technicalArticleNumber": "1886164",
    "commercialArticleNumber": "720591",
    "name": "Casting Crème Gloss choc. 535",
    "brand": "L'OREAL",
    "seoBrand": "L'Oréal Paris",
    "thumbNail": "https://static.colruytgroup.com/images/200x200/std.lang.all/20/51/asset-3272051.jpg",
    "fullImage": "https://static.colruytgroup.com/images/500x500/std.lang.all/20/51/asset-3272051.jpg",
    "squareImage": "https://static.colruytgroup.com/images/500x500sq/std.lang.all/20/51/asset-3272051.jpg",
    "walkRouteSequenceNumber": 15455,
    "price": {
      "basicPrice": 9,
      "recommendedQuantity": "1.0",
      "measurementUnitPrice": 9,
      "measurementUnit": "S",
      "isRedPrice": false,
      "pricePerUOM": 9,
      "activationDate": "23-03-2024",
      "recordSource": "Folder",
      "isPromoActive": "N",
      "priceChangeCode": "E"
    },
    "isAvailable": true,
    "isPriceAvailable": true,
    "inPromo": false,
    "gtin": [
      "03600521189146",
      "03600521189177",
      "03600521189115",
      "03600523838806"
    ],
    "topCategoryName": "Lichaamsverzorging/Parfumerie",
    "topCategoryId": "591",
    "businessDomain": "NON_FOOD",
    "IsPrivateLabel": false,
    "IsBiffe": false,
    "IsWeightArticle": false,
    "RecentQuanityOfStockUnits": "1",
    "LongName": "L'OREAL Casting Crème Gloss choc. 535",
    "IsBio": false,
    "CountryOfOrigin": "BELGIË",
    "FicCode": "N",
    "OrderUnit": "P",
    "ShortName": "CASTING CREME GLOSS 535",
    "IsNew": false
  },
  {
    "productId": "6212",
    "technicalArticleNumber": "308202",
    "commercialArticleNumber": "308202",
    "name": "Belle Color Mahonie 50",
    "brand": "GARNIER",
    "seoBrand": "Garnier Belle Color",
    "thumbNail": "https://ecgproductmw.colruytgroup.com/ecgproductmw/noPicForArticle_2.jpg",
    "fullImage": "https://ecgproductmw.colruytgroup.com/ecgproductmw/noPicForArticle_5.jpg",
    "squareImage": "https://ecgproductmw.colruytgroup.com/ecgproductmw/noPicForArticle_5.jpg",
    "walkRouteSequenceNumber": 15426,
    "price": {
      "basicPrice": 5.24,
      "recommendedQuantity": "1.0",
      "measurementUnitPrice": 5.24,
      "measurementUnit": "S",
      "isRedPrice": false,
      "pricePerUOM": 5.24,
      "activationDate": "23-03-2024",
      "recordSource": "Folder",
      "isPromoActive": "N",
      "priceChangeCode": "L"
    },
    "isAvailable": true,
    "isPriceAvailable": true,
    "inPromo": false,
    "gtin": [
      "03600540480835",
      "03600541867215",
      "03600541867222",
      "03600542351522",
      "05410103043128",
      "05410103051178",
      "03600540057549",
      "45410103043126"
    ],
    "topCategoryName": "Lichaamsverzorging/Parfumerie",
    "topCategoryId": "591",
    "businessDomain": "NON_FOOD",
    "IsPrivateLabel": false,
    "IsBiffe": false,
    "IsWeightArticle": false,
    "RecentQuanityOfStockUnits": "1",
    "LongName": "GARNIER Belle Color Mahonie 50",
    "IsBio": false,
    "AlcoholVolume": "0",
    "CountryOfOrigin": "BELGIË",
    "FicCode": "N",
    "OrderUnit": "P",
    "ShortName": "BELLE COLOR NR 50",
    "IsNew": false
  },
  {
    "productId": "6244",
    "technicalArticleNumber": "378894",
    "commercialArticleNumber": "378894",
    "name": "scheerkwast",
    "description": "SCHEERKWAST.\nIMITATIE DAS",
    "brand": "MUHLE",
    "seoBrand": "Mühle",
    "thumbNail": "https://static.colruytgroup.com/images/200x200/std.lang.all/26/43/asset-922643.jpg",
    "fullImage": "https://static.colruytgroup.com/images/500x500/std.lang.all/26/43/asset-922643.jpg",
    "squareImage": "https://static.colruytgroup.com/images/500x500sq/std.lang.all/26/43/asset-922643.jpg",
    "walkRouteSequenceNumber": 15222,
    "price": {
      "basicPrice": 9.99,
      "recommendedQuantity": "1.0",
      "measurementUnitPrice": 9.99,
      "measurementUnit": "S",
      "isRedPrice": false,
      "pricePerUOM": 9.99,
      "activationDate": "14-11-2022",
      "isPromoActive": "N",
      "priceChangeCode": "E"
    },
    "isAvailable": true,
    "isPriceAvailable": true,
    "inPromo": false,
    "gtin": [
      "05425001928750",
      "15425001928757"
    ],
    "topCategoryName": "Lichaamsverzorging/Parfumerie",
    "topCategoryId": "591",
    "businessDomain": "NON_FOOD",
    "IsPrivateLabel": false,
    "IsBiffe": false,
    "IsWeightArticle": false,
    "RecentQuanityOfStockUnits": "1",
    "LongName": "MUHLE scheerkwast",
    "IsBio": false,
    "CountryOfOrigin": "ITALIË",
    "FicCode": "N",
    "OrderUnit": "P",
    "ShortName": "SCHEERKWAST",
    "IsNew": false
  },
  {
    "productId": "212768",
    "technicalArticleNumber": "3517729",
    "commercialArticleNumber": "346545",
    "name": "uitgroeiset goudbruin R2",
    "brand": "SCHWARZKOPF",
    "seoBrand": "Schwarzkopf",
    "thumbNail": "https://static.colruytgroup.com/images/200x200/std.lang.all/86/09/asset-1318609.jpg",
    "fullImage": "https://static.colruytgroup.com/images/500x500/std.lang.all/86/09/asset-1318609.jpg",
    "squareImage": "https://static.colruytgroup.com/images/500x500sq/std.lang.all/86/09/asset-1318609.jpg",
    "walkRouteSequenceNumber": 15402,
    "price": {
      "basicPrice": 7.49,
      "recommendedQuantity": "1.0",
      "measurementUnitPrice": 7.49,
      "measurementUnit": "S",
      "isRedPrice": false,
      "pricePerUOM": 7.49,
      "activationDate": "20-03-2024",
      "recordSource": "Offline",
      "isPromoActive": "N",
      "priceChangeCode": "L"
    },
    "isAvailable": true,
    "isPriceAvailable": true,
    "inPromo": false,
    "gtin": [
      "05412530838513",
      "05412530838506",
      "05410091721992"
    ],
    "topCategoryName": "Lichaamsverzorging/Parfumerie",
    "topCategoryId": "591",
    "businessDomain": "NON_FOOD",
    "IsPrivateLabel": false,
    "IsBiffe": false,
    "IsWeightArticle": false,
    "RecentQuanityOfStockUnits": "1",
    "LongName": "SCHWARZKOPF uitgroeiset goudbruin R2",
    "IsBio": false,
    "CountryOfOrigin": "DUITSLAND",
    "FicCode": "N",
    "OrderUnit": "P",
    "ShortName": "SK UITGR.SET GOUDBRUIN",
    "IsNew": false
  },
  {
    "productId": "186044",
    "technicalArticleNumber": "3449088",
    "commercialArticleNumber": "346351",
    "name": "Infinia préférence mango 7.40",
    "brand": "L'OREAL",
    "seoBrand": "L'Oréal Paris",
    "thumbNail": "https://static.colruytgroup.com/images/200x200/std.lang.all/19/36/asset-3271936.jpg",
    "fullImage": "https://static.colruytgroup.com/images/500x500/std.lang.all/19/36/asset-3271936.jpg",
    "squareImage": "https://static.colruytgroup.com/images/500x500sq/std.lang.all/19/36/asset-3271936.jpg",
    "walkRouteSequenceNumber": 14327,
    "price": {
      "basicPrice": 15.4,
      "recommendedQuantity": "1.0",
      "measurementUnitPrice": 15.4,
      "measurementUnit": "S",
      "isRedPrice": false,
      "pricePerUOM": 15.4,
      "activationDate": "21-03-2024",
      "recordSource": "Offline",
      "isPromoActive": "N",
      "priceChangeCode": "H"
    },
    "isAvailable": true,
    "isPriceAvailable": true,
    "inPromo": false,
    "gtin": [
      "03600523287901",
      "03600523287895",
      "03600523287888",
      "03600523867738"
    ],
    "topCategoryName": "Lichaamsverzorging/Parfumerie",
    "topCategoryId": "591",
    "businessDomain": "NON_FOOD",
    "IsPrivateLabel": false,
    "IsBiffe": false,
    "IsWeightArticle": false,
    "RecentQuanityOfStockUnits": "1",
    "LongName": "L'OREAL Infinia préférence mango 7.40",
    "IsBio": false,
    "CountryOfOrigin": "BELGIË",
    "FicCode": "N",
    "OrderUnit": "P",
    "ShortName": "PREF.MANGO 7.40",
    "IsNew": false
  },
  {
    "productId": "214284",
    "technicalArticleNumber": "3480065",
    "commercialArticleNumber": "346434",
    "name": "leesbril Style dioptrie +1",
    "brand": "INFOCUS",
    "seoBrand": "INfocus",
    "thumbNail": "https://static.colruytgroup.com/images/200x200/std.lang.all/85/80/asset-1018580.jpg",
    "fullImage": "https://static.colruytgroup.com/images/500x500/std.lang.all/85/80/asset-1018580.jpg",
    "squareImage": "https://static.colruytgroup.com/images/500x500sq/std.lang.all/85/80/asset-1018580.jpg",
    "walkRouteSequenceNumber": 14021,
    "price": {
      "basicPrice": 4.95,
      "recommendedQuantity": "1.0",
      "measurementUnitPrice": 4.95,
      "measurementUnit": "S",
      "isRedPrice": false,
      "pricePerUOM": 4.95,
      "activationDate": "07-10-2022",
      "isPromoActive": "N",
      "priceChangeCode": "E"
    },
    "isAvailable": true,
    "isPriceAvailable": true,
    "inPromo": false,
    "gtin": [
      "08713228838370",
      "08713228583713",
      "08713228841370",
      "08713228849840",
      "08713228849772",
      "08713228849703",
      "08713228849635",
      "08713228849499",
      "08713228838585",
      "08713228838516",
      "08713228585410",
      "08713228642014",
      "08713228644919",
      "08713228645619",
      "08713228664214",
      "08713228738212",
      "08713228740017",
      "08713228741519",
      "08713228742516",
      "08713228804870",
      "08713228824472",
      "08713228824922",
      "08713228824991",
      "08713228826209",
      "08713228826353",
      "08713228827817",
      "08713228835461",
      "08713228838448",
      "08713228827985",
      "08713228831715"
    ],
    "topCategoryName": "Lichaamsverzorging/Parfumerie",
    "topCategoryId": "591",
    "businessDomain": "NON_FOOD",
    "IsPrivateLabel": false,
    "IsBiffe": false,
    "IsWeightArticle": false,
    "RecentQuanityOfStockUnits": "1,1,1,1,1,1",
    "LongName": "INFOCUS leesbril Style dioptrie +1",
    "IsBio": false,
    "CountryOfOrigin": "NEDERLAND",
    "FicCode": "N",
    "OrderUnit": "P",
    "ShortName": "LEESBRIL STYLE +1",
    "IsNew": false
  },
  {
    "productId": "4915",
    "technicalArticleNumber": "436184",
    "commercialArticleNumber": "436184",
    "name": "Excellence zwart 1",
    "brand": "L'OREAL",
    "seoBrand": "L'Oréal Paris",
    "thumbNail": "https://static.colruytgroup.com/images/200x200/std.lang.all/16/85/asset-3271685.jpg",
    "fullImage": "https://static.colruytgroup.com/images/500x500/std.lang.all/16/85/asset-3271685.jpg",
    "squareImage": "https://static.colruytgroup.com/images/500x500sq/std.lang.all/16/85/asset-3271685.jpg",
    "price": {
      "basicPrice": 10.49,
      "recommendedQuantity": "1.0",
      "measurementUnitPrice": 10.49,
      "measurementUnit": "S",
      "isRedPrice": false,
      "pricePerUOM": 10.49,
      "activationDate": "23-03-2024",
      "recordSource": "Folder",
      "isPromoActive": "N",
      "priceChangeCode": "E"
    },
    "isAvailable": true,
    "isPriceAvailable": true,
    "inPromo": false,
    "gtin": [
      "03600521171349",
      "03600523853496",
      "05410103002187",
      "05410103046600",
      "55410103002182"
    ],
    "topCategoryName": "Lichaamsverzorging/Parfumerie",
    "topCategoryId": "591",
    "businessDomain": "NON_FOOD",
    "IsPrivateLabel": false,
    "IsBiffe": false,
    "IsWeightArticle": false,
    "RecentQuanityOfStockUnits": "1",
    "LongName": "L'OREAL Excellence zwart 1",
    "IsBio": false,
    "CountryOfOrigin": "BELGIË",
    "FicCode": "N",
    "OrderUnit": "P",
    "ShortName": "EXCELLENCE NR 1",
    "IsNew": false
  },
  {
    "productId": "143762",
    "technicalArticleNumber": "3330031",
    "commercialArticleNumber": "346076",
    "name": "puntenslijper",
    "brand": "BABYLISS",
    "seoBrand": "Babyliss",
    "thumbNail": "https://static.colruytgroup.com/images/200x200/std.lang.all/73/28/asset-1017328.jpg",
    "fullImage": "https://static.colruytgroup.com/images/500x500/std.lang.all/73/28/asset-1017328.jpg",
    "squareImage": "https://static.colruytgroup.com/images/500x500sq/std.lang.all/73/28/asset-1017328.jpg",
    "price": {
      "basicPrice": 4.65,
      "recommendedQuantity": "1.0",
      "measurementUnitPrice": 4.65,
      "measurementUnit": "S",
      "isRedPrice": false,
      "pricePerUOM": 4.65,
      "activationDate": "15-03-2024",
      "recordSource": "Offline",
      "isPromoActive": "N",
      "priceChangeCode": "L"
    },
    "isAvailable": true,
    "isPriceAvailable": true,
    "inPromo": false,
    "gtin": [
      "83030057942681",
      "73030057942684",
      "03030057942685"
    ],
    "topCategoryName": "Lichaamsverzorging/Parfumerie",
    "topCategoryId": "591",
    "businessDomain": "NON_FOOD",
    "IsPrivateLabel": false,
    "IsBiffe": false,
    "IsWeightArticle": false,
    "RecentQuanityOfStockUnits": "1",
    "LongName": "BABYLISS puntenslijper",
    "IsBio": false,
    "CountryOfOrigin": "CHINA (VOLKSREBUPLIEK)",
    "FicCode": "N",
    "OrderUnit": "P",
    "ShortName": "BABYLISS PUNTENSLIJPER",
    "IsNew": false
  },
  {
    "productId": "17263",
    "technicalArticleNumber": "1730789",
    "commercialArticleNumber": "720125",
    "name": "Casting Crème Gloss blond 700",
    "brand": "L'OREAL",
    "seoBrand": "L'Oréal Paris",
    "thumbNail": "https://static.colruytgroup.com/images/200x200/std.lang.all/20/49/asset-3272049.jpg",
    "fullImage": "https://static.colruytgroup.com/images/500x500/std.lang.all/20/49/asset-3272049.jpg",
    "squareImage": "https://static.colruytgroup.com/images/500x500sq/std.lang.all/20/49/asset-3272049.jpg",
    "walkRouteSequenceNumber": 15451,
    "price": {
      "basicPrice": 9,
      "recommendedQuantity": "1.0",
      "measurementUnitPrice": 9,
      "measurementUnit": "S",
      "isRedPrice": false,
      "pricePerUOM": 9,
      "activationDate": "23-03-2024",
      "recordSource": "Folder",
      "isPromoActive": "N",
      "priceChangeCode": "E"
    },
    "isAvailable": true,
    "isPriceAvailable": true,
    "inPromo": false,
    "gtin": [
      "03600520985251",
      "03600520985510",
      "03600520985770",
      "03600523835805"
    ],
    "topCategoryName": "Lichaamsverzorging/Parfumerie",
    "topCategoryId": "591",
    "businessDomain": "NON_FOOD",
    "IsPrivateLabel": false,
    "IsBiffe": false,
    "IsWeightArticle": false,
    "RecentQuanityOfStockUnits": "1",
    "LongName": "L'OREAL Casting Crème Gloss blond 700",
    "IsBio": false,
    "CountryOfOrigin": "BELGIË",
    "FicCode": "N",
    "OrderUnit": "P",
    "ShortName": "CASTING CREME 700 BLOND",
    "IsNew": false
  },
  {
    "productId": "23430",
    "technicalArticleNumber": "1886172",
    "commercialArticleNumber": "720595",
    "name": "Excellenc.creme kastanjebr.5.15",
    "brand": "L'OREAL",
    "seoBrand": "L'Oréal Paris",
    "thumbNail": "https://static.colruytgroup.com/images/200x200/std.lang.all/16/88/asset-3271688.jpg",
    "fullImage": "https://static.colruytgroup.com/images/500x500/std.lang.all/16/88/asset-3271688.jpg",
    "squareImage": "https://static.colruytgroup.com/images/500x500sq/std.lang.all/16/88/asset-3271688.jpg",
    "walkRouteSequenceNumber": 15382,
    "price": {
      "basicPrice": 10.49,
      "recommendedQuantity": "1.0",
      "measurementUnitPrice": 10.49,
      "measurementUnit": "S",
      "isRedPrice": false,
      "pricePerUOM": 10.49,
      "activationDate": "23-03-2024",
      "recordSource": "Folder",
      "isPromoActive": "N",
      "priceChangeCode": "E"
    },
    "isAvailable": true,
    "isPriceAvailable": true,
    "inPromo": false,
    "gtin": [
      "03600520969985",
      "03600520970059",
      "03600523856015",
      "03600521171639"
    ],
    "topCategoryName": "Lichaamsverzorging/Parfumerie",
    "topCategoryId": "591",
    "businessDomain": "NON_FOOD",
    "IsPrivateLabel": false,
    "IsBiffe": false,
    "IsWeightArticle": false,
    "RecentQuanityOfStockUnits": "1",
    "LongName": "L'OREAL Excellenc.creme kastanjebr.5.15",
    "IsBio": false,
    "CountryOfOrigin": "BELGIË",
    "FicCode": "N",
    "OrderUnit": "P",
    "ShortName": "EXCELLENCE NR 5.15",
    "IsNew": false
  },
  {
    "productId": "495132",
    "technicalArticleNumber": "4042711",
    "commercialArticleNumber": "378190",
    "name": "Bio dagcrème lavendel",
    "description": "*Anti-age",
    "brand": "GARNIER",
    "seoBrand": "Garnier",
    "thumbNail": "https://static.colruytgroup.com/images/200x200/std.lang.all/17/30/asset-3361730.jpg",
    "fullImage": "https://static.colruytgroup.com/images/500x500/std.lang.all/17/30/asset-3361730.jpg",
    "squareImage": "https://static.colruytgroup.com/images/500x500sq/std.lang.all/17/30/asset-3361730.jpg",
    "content": "50ml",
    "walkRouteSequenceNumber": 15507,
    "price": {
      "basicPrice": 13.39,
      "recommendedQuantity": "1.0",
      "measurementUnitPrice": 267.8,
      "measurementUnit": "L",
      "isRedPrice": false,
      "pricePerUOM": 267.8,
      "activationDate": "22-03-2024",
      "recordSource": "Offline",
      "isPromoActive": "N",
      "priceChangeCode": "H"
    },
    "isAvailable": true,
    "isPriceAvailable": true,
    "inPromo": false,
    "gtin": [
      "03600542196604",
      "03600542197106"
    ],
    "topCategoryName": "Lichaamsverzorging/Parfumerie",
    "topCategoryId": "591",
    "businessDomain": "NON_FOOD",
    "IsPrivateLabel": false,
    "IsBiffe": false,
    "IsWeightArticle": false,
    "RecentQuanityOfStockUnits": "1",
    "LongName": "GARNIER Bio dagcrème lavendel 50ml",
    "IsBio": false,
    "CountryOfOrigin": "BELGIË",
    "FicCode": "N",
    "OrderUnit": "P",
    "ShortName": "GARN.BIO DAGCREME LAV",
    "IsNew": false
  },
  {
    "productId": "15971",
    "technicalArticleNumber": "1563397",
    "commercialArticleNumber": "654515",
    "name": "Dream mat mousse 30",
    "brand": "MAYBELLINE",
    "seoBrand": "Maybelline",
    "thumbNail": "https://static.colruytgroup.com/images/200x200/std.lang.all/52/24/asset-345224.jpg",
    "fullImage": "https://static.colruytgroup.com/images/500x500/std.lang.all/52/24/asset-345224.jpg",
    "squareImage": "https://static.colruytgroup.com/images/500x500sq/std.lang.all/52/24/asset-345224.jpg",
    "content": "18ml",
    "price": {
      "basicPrice": 12.79,
      "recommendedQuantity": "1.0",
      "measurementUnitPrice": 12.79,
      "measurementUnit": "S",
      "isRedPrice": false,
      "pricePerUOM": 12.79,
      "activationDate": "21-03-2024",
      "recordSource": "Offline",
      "isPromoActive": "N",
      "priceChangeCode": "L"
    },
    "isAvailable": true,
    "isPriceAvailable": true,
    "inPromo": false,
    "gtin": [
      "03600530817573",
      "03600531490416",
      "03600530171941",
      "03600530233144",
      "03600530817498",
      "03600530233014"
    ],
    "topCategoryName": "Lichaamsverzorging/Parfumerie",
    "topCategoryId": "591",
    "businessDomain": "NON_FOOD",
    "IsPrivateLabel": false,
    "IsBiffe": false,
    "IsWeightArticle": false,
    "RecentQuanityOfStockUnits": "1",
    "LongName": "MAYBELLINE Dream mat mousse 30 18ml",
    "IsBio": false,
    "CountryOfOrigin": "BELGIË",
    "FicCode": "N",
    "OrderUnit": "P",
    "ShortName": "DREAM MOUSSE SABLE 30",
    "IsNew": false
  },
  {
    "productId": "432545",
    "technicalArticleNumber": "3971580",
    "commercialArticleNumber": "378110",
    "name": "Visage Q10 SPF15 VH dag",
    "description": "*Anti-rimpel\n*Gemengde tot\nvette huid",
    "brand": "NIVEA",
    "seoBrand": "Nivea",
    "thumbNail": "https://static.colruytgroup.com/images/200x200/std.lang.all/92/38/asset-1699238.jpg",
    "fullImage": "https://static.colruytgroup.com/images/500x500/std.lang.all/92/38/asset-1699238.jpg",
    "squareImage": "https://static.colruytgroup.com/images/500x500sq/std.lang.all/92/38/asset-1699238.jpg",
    "content": "50ml",
    "walkRouteSequenceNumber": 15628,
    "price": {
      "basicPrice": 13.39,
      "recommendedQuantity": "1.0",
      "measurementUnitPrice": 267.8,
      "measurementUnit": "L",
      "isRedPrice": false,
      "pricePerUOM": 267.8,
      "activationDate": "06-03-2024",
      "recordSource": "Offline",
      "isPromoActive": "N",
      "priceChangeCode": "E"
    },
    "isAvailable": true,
    "isPriceAvailable": true,
    "inPromo": false,
    "gtin": [
      "04005900545633",
      "04005900545619",
      "04005900545626"
    ],
    "topCategoryName": "Lichaamsverzorging/Parfumerie",
    "topCategoryId": "591",
    "businessDomain": "NON_FOOD",
    "IsPrivateLabel": false,
    "IsBiffe": false,
    "IsWeightArticle": false,
    "RecentQuanityOfStockUnits": "1",
    "LongName": "NIVEA Visage Q10 SPF15 VH dag 50ml",
    "IsBio": false,
    "CountryOfOrigin": "BELGIË",
    "FicCode": "N",
    "OrderUnit": "P",
    "ShortName": "NIV.VIS.Q10 DAGCR SPF15",
    "IsNew": false
  },
  {
    "productId": "185420",
    "technicalArticleNumber": "3453446",
    "commercialArticleNumber": "346366",
    "name": "Superst.7D gel top coat",
    "brand": "MAYBELLINE",
    "seoBrand": "Maybelline",
    "thumbNail": "https://static.colruytgroup.com/images/200x200/std.lang.all/76/46/asset-827646.jpg",
    "fullImage": "https://static.colruytgroup.com/images/500x500/std.lang.all/76/46/asset-827646.jpg",
    "squareImage": "https://static.colruytgroup.com/images/500x500sq/std.lang.all/76/46/asset-827646.jpg",
    "walkRouteSequenceNumber": 15784,
    "price": {
      "basicPrice": 8.89,
      "recommendedQuantity": "1.0",
      "measurementUnitPrice": 8.89,
      "measurementUnit": "S",
      "isRedPrice": false,
      "pricePerUOM": 8.89,
      "activationDate": "15-03-2024",
      "recordSource": "Offline",
      "isPromoActive": "N",
      "priceChangeCode": "H"
    },
    "isAvailable": true,
    "isPriceAvailable": true,
    "inPromo": false,
    "gtin": [
      "03600531318970",
      "03600531479084",
      "03600531319113",
      "03600531319106"
    ],
    "topCategoryName": "Lichaamsverzorging/Parfumerie",
    "topCategoryId": "591",
    "businessDomain": "NON_FOOD",
    "IsPrivateLabel": false,
    "IsBiffe": false,
    "IsWeightArticle": false,
    "RecentQuanityOfStockUnits": "1",
    "LongName": "MAYBELLINE Superst.7D gel top coat",
    "IsBio": false,
    "CountryOfOrigin": "BELGIË",
    "FicCode": "N",
    "OrderUnit": "P",
    "ShortName": "MAYB.SUPERST.3DAYS GEL",
    "IsNew": false
  },
  {
    "productId": "134306",
    "technicalArticleNumber": "3156544",
    "commercialArticleNumber": "282573",
    "name": "Oleo Intense mokkabruin 4-18",
    "description": "SYOSS OLEO INTENSE\nMOCCA CHOCOLAT 4-18\n115 ML",
    "brand": "SYOSS",
    "seoBrand": "Syoss",
    "thumbNail": "https://static.colruytgroup.com/images/200x200/std.lang.all/79/55/asset-3237955.jpg",
    "fullImage": "https://static.colruytgroup.com/images/500x500/std.lang.all/79/55/asset-3237955.jpg",
    "squareImage": "https://static.colruytgroup.com/images/500x500sq/std.lang.all/79/55/asset-3237955.jpg",
    "walkRouteSequenceNumber": 15387,
    "price": {
      "basicPrice": 11.39,
      "recommendedQuantity": "1.0",
      "measurementUnitPrice": 11.39,
      "measurementUnit": "S",
      "isRedPrice": false,
      "pricePerUOM": 11.39,
      "activationDate": "26-02-2024",
      "recordSource": "Offline",
      "isPromoActive": "N",
      "priceChangeCode": "H"
    },
    "isAvailable": true,
    "isPriceAvailable": true,
    "inPromo": false,
    "gtin": [
      "05412530805324",
      "05412530805317",
      "05410091702717"
    ],
    "topCategoryName": "Lichaamsverzorging/Parfumerie",
    "topCategoryId": "591",
    "businessDomain": "NON_FOOD",
    "IsPrivateLabel": false,
    "IsBiffe": false,
    "IsWeightArticle": false,
    "RecentQuanityOfStockUnits": "1",
    "LongName": "SYOSS Oleo Intense mokkabruin 4-18",
    "IsBio": false,
    "CountryOfOrigin": "DUITSLAND",
    "FicCode": "N",
    "OrderUnit": "P",
    "ShortName": "SYOSS OLEO INTENSE 4-18",
    "IsNew": false
  },
  {
    "productId": "81502",
    "technicalArticleNumber": "2929002",
    "commercialArticleNumber": "282004",
    "name": "Olia nacht zwart 1.0",
    "brand": "GARNIER",
    "seoBrand": "Garnier",
    "thumbNail": "https://static.colruytgroup.com/images/200x200/std.lang.all/16/99/asset-3271699.jpg",
    "fullImage": "https://static.colruytgroup.com/images/500x500/std.lang.all/16/99/asset-3271699.jpg",
    "squareImage": "https://static.colruytgroup.com/images/500x500sq/std.lang.all/16/99/asset-3271699.jpg",
    "walkRouteSequenceNumber": 15361,
    "price": {
      "basicPrice": 11.39,
      "recommendedQuantity": "1.0",
      "measurementUnitPrice": 11.39,
      "measurementUnit": "S",
      "isRedPrice": false,
      "pricePerUOM": 11.39,
      "activationDate": "05-03-2024",
      "recordSource": "Offline",
      "isPromoActive": "N",
      "priceChangeCode": "E"
    },
    "isAvailable": true,
    "isPriceAvailable": true,
    "inPromo": false,
    "gtin": [
      "03600541236455",
      "03600542347860",
      "03600541236424",
      "03600541236462",
      "03600542490191",
      "03600542490207"
    ],
    "topCategoryName": "Lichaamsverzorging/Parfumerie",
    "topCategoryId": "591",
    "businessDomain": "NON_FOOD",
    "IsPrivateLabel": false,
    "IsBiffe": false,
    "IsWeightArticle": false,
    "RecentQuanityOfStockUnits": "1",
    "LongName": "GARNIER Olia nacht zwart 1.0",
    "IsBio": false,
    "CountryOfOrigin": "BELGIË",
    "FicCode": "N",
    "OrderUnit": "P",
    "ShortName": "OLIA COLOR 1.0.NACHT",
    "IsNew": false
  },
  {
    "productId": "847503",
    "technicalArticleNumber": "4693907",
    "commercialArticleNumber": "19944",
    "name": "sensor3 mesjes",
    "description": "*Vervangmesjes\nmet 3-voudig mesje,\nvoor Sensor\napparaten\n*8 stuks",
    "brand": "GILLETTE",
    "seoBrand": "Gillette",
    "thumbNail": "https://static.colruytgroup.com/images/200x200/std.lang.all/17/87/asset-3161787.jpg",
    "fullImage": "https://static.colruytgroup.com/images/500x500/std.lang.all/17/87/asset-3161787.jpg",
    "squareImage": "https://static.colruytgroup.com/images/500x500sq/std.lang.all/17/87/asset-3161787.jpg",
    "content": "8st",
    "walkRouteSequenceNumber": 18179,
    "price": {
      "basicPrice": 14.99,
      "recommendedQuantity": "1.0",
      "measurementUnitPrice": 1.88,
      "measurementUnit": "S",
      "isRedPrice": false,
      "pricePerUOM": 1.88,
      "activationDate": "22-09-2023",
      "isPromoActive": "N",
      "priceChangeCode": "L"
    },
    "isAvailable": true,
    "isPriceAvailable": true,
    "inPromo": false,
    "gtin": [
      "08006540744413",
      "08006540744369"
    ],
    "topCategoryName": "Lichaamsverzorging/Parfumerie",
    "topCategoryId": "591",
    "businessDomain": "RETAIL_BE",
    "IsPrivateLabel": false,
    "IsBiffe": false,
    "WeightconversionFactor": "0",
    "IsWeightArticle": false,
    "IsBio": false,
    "CountryOfOrigin": "POLEN",
    "IsExclusivelySoldInLuxembourg": false,
    "OrderUnit": "P",
    "ShortName": "GILL. SENSOR3 8MESJES",
    "IsNew": false,
    "RecentQuanityOfStockUnits": "1",
    "LongName": "GILLETTE sensor3 mesjes 8st",
    "FicCode": "N"
  },
  {
    "productId": "12769",
    "technicalArticleNumber": "1303740",
    "commercialArticleNumber": "573449",
    "name": "Lift+ hydra ogen",
    "description": "*Oogcontourcrème\n*15 ml\n*Anti-rimpel",
    "brand": "DIADERMINE",
    "seoBrand": "Diadermine",
    "thumbNail": "https://static.colruytgroup.com/images/200x200/std.lang.all/34/56/asset-2823456.jpg",
    "fullImage": "https://static.colruytgroup.com/images/500x500/std.lang.all/34/56/asset-2823456.jpg",
    "squareImage": "https://static.colruytgroup.com/images/500x500sq/std.lang.all/34/56/asset-2823456.jpg",
    "content": "15ml",
    "walkRouteSequenceNumber": 15538,
    "price": {
      "basicPrice": 13.99,
      "recommendedQuantity": "1.0",
      "measurementUnitPrice": 932.67,
      "measurementUnit": "L",
      "isRedPrice": false,
      "pricePerUOM": 932.67,
      "activationDate": "14-03-2024",
      "recordSource": "Offline",
      "isPromoActive": "N",
      "priceChangeCode": "E"
    },
    "isAvailable": true,
    "isPriceAvailable": true,
    "inPromo": false,
    "gtin": [
      "03178040710085",
      "03178041233194",
      "03178041328814",
      "58410020835716",
      "05412530687616",
      "08718900002155",
      "04015000500012"
    ],
    "topCategoryName": "Lichaamsverzorging/Parfumerie",
    "topCategoryId": "591",
    "businessDomain": "NON_FOOD",
    "IsPrivateLabel": false,
    "IsBiffe": false,
    "IsWeightArticle": false,
    "RecentQuanityOfStockUnits": "1",
    "LongName": "DIADERMINE Lift+ hydra ogen 15ml",
    "IsBio": false,
    "CountryOfOrigin": "BELGIË",
    "FicCode": "N",
    "OrderUnit": "P",
    "ShortName": "DIAD.LIFT+ CONTOUR OOG",
    "IsNew": false
  },
  {
    "productId": "184808",
    "technicalArticleNumber": "3448954",
    "commercialArticleNumber": "346342",
    "name": "Infinia Préférence Ombrie 6",
    "brand": "L'OREAL",
    "seoBrand": "L'Oréal Paris",
    "thumbNail": "https://static.colruytgroup.com/images/200x200/std.lang.all/19/32/asset-3271932.jpg",
    "fullImage": "https://static.colruytgroup.com/images/500x500/std.lang.all/19/32/asset-3271932.jpg",
    "squareImage": "https://static.colruytgroup.com/images/500x500sq/std.lang.all/19/32/asset-3271932.jpg",
    "walkRouteSequenceNumber": 14323,
    "price": {
      "basicPrice": 15.4,
      "recommendedQuantity": "1.0",
      "measurementUnitPrice": 15.4,
      "measurementUnit": "S",
      "isRedPrice": false,
      "pricePerUOM": 15.4,
      "activationDate": "21-03-2024",
      "recordSource": "Offline",
      "isPromoActive": "N",
      "priceChangeCode": "H"
    },
    "isAvailable": true,
    "isPriceAvailable": true,
    "inPromo": false,
    "gtin": [
      "03600523289004",
      "03600523288991",
      "03600523288984"
    ],
    "topCategoryName": "Lichaamsverzorging/Parfumerie",
    "topCategoryId": "591",
    "businessDomain": "NON_FOOD",
    "IsPrivateLabel": false,
    "IsBiffe": false,
    "IsWeightArticle": false,
    "RecentQuanityOfStockUnits": "1",
    "LongName": "L'OREAL Infinia Préférence Ombrie 6",
    "IsBio": false,
    "CountryOfOrigin": "BELGIË",
    "FicCode": "N",
    "OrderUnit": "P",
    "ShortName": "PREF.OMBRIE 6",
    "IsNew": false
  },
  {
    "productId": "34841",
    "technicalArticleNumber": "1809542",
    "commercialArticleNumber": "720356",
    "name": "Nagellak Tenue&Strong 6",
    "description": "*Rouge Profond",
    "brand": "MAYBELLINE",
    "seoBrand": "Maybelline",
    "thumbNail": "https://static.colruytgroup.com/images/200x200/std.lang.all/98/78/asset-689878.jpg",
    "fullImage": "https://static.colruytgroup.com/images/500x500/std.lang.all/98/78/asset-689878.jpg",
    "squareImage": "https://static.colruytgroup.com/images/500x500sq/std.lang.all/98/78/asset-689878.jpg",
    "content": "10ml",
    "walkRouteSequenceNumber": 15792,
    "price": {
      "basicPrice": 8.89,
      "recommendedQuantity": "1.0",
      "measurementUnitPrice": 8.89,
      "measurementUnit": "S",
      "isRedPrice": false,
      "pricePerUOM": 8.89,
      "activationDate": "15-03-2024",
      "recordSource": "Offline",
      "isPromoActive": "N",
      "priceChangeCode": "H"
    },
    "isAvailable": true,
    "isPriceAvailable": true,
    "inPromo": false,
    "gtin": [
      "03600531473044",
      "03600530351107",
      "03600530351480",
      "03600530351862",
      "03600530495818"
    ],
    "topCategoryName": "Lichaamsverzorging/Parfumerie",
    "topCategoryId": "591",
    "businessDomain": "NON_FOOD",
    "IsPrivateLabel": false,
    "IsBiffe": false,
    "IsWeightArticle": false,
    "RecentQuanityOfStockUnits": "1",
    "LongName": "MAYBELLINE Nagellak Tenue&Strong 6 10ml",
    "IsBio": false,
    "AlcoholVolume": "0",
    "CountryOfOrigin": "BELGIË",
    "FicCode": "N",
    "OrderUnit": "P",
    "ShortName": "MAYB.TENUE&STR.PRO 06",
    "IsNew": false
  },
  {
    "productId": "815450",
    "technicalArticleNumber": "4644182",
    "commercialArticleNumber": "21492",
    "name": "appar.+2mesjes+reisbox",
    "description": "*1 apparaat+2 mesjes\n*1 magnetische houder\n*1 reisbox",
    "brand": "GILLETTE LABS",
    "seoBrand": "Gillette Labs",
    "thumbNail": "https://static.colruytgroup.com/images/200x200/std.lang.all/41/08/asset-2994108.jpg",
    "fullImage": "https://static.colruytgroup.com/images/500x500/std.lang.all/41/08/asset-2994108.jpg",
    "squareImage": "https://static.colruytgroup.com/images/500x500sq/std.lang.all/41/08/asset-2994108.jpg",
    "walkRouteSequenceNumber": 18175,
    "price": {
      "basicPrice": 39.99,
      "recommendedQuantity": "1.0",
      "quantityPrice": 26.66,
      "quantityPriceQuantity": "3.0",
      "measurementUnitPrice": 39.99,
      "measurementUnitQuantityPrice": 26.66,
      "measurementUnit": "S",
      "isRedPrice": false,
      "pricePerUOM": 39.99,
      "activationDate": "23-03-2024",
      "recordSource": "Offline",
      "isPromoActive": "N",
      "priceChangeCode": "E",
      "quantityPricePerUOM": 26.66,
      "quantityActivationDate": "23-03-2024",
      "quantityPriceChangeCode": "E"
    },
    "isAvailable": true,
    "isPriceAvailable": true,
    "inPromo": false,
    "gtin": [
      "07702018627561",
      "07702018627554",
      "07702018627547"
    ],
    "topCategoryName": "Lichaamsverzorging/Parfumerie",
    "topCategoryId": "591",
    "businessDomain": "RETAIL_BE",
    "IsPrivateLabel": false,
    "IsBiffe": false,
    "WeightconversionFactor": "0",
    "IsWeightArticle": false,
    "IsBio": false,
    "CountryOfOrigin": "CHINA (VOLKSREBUPLIEK)",
    "IsExclusivelySoldInLuxembourg": false,
    "OrderUnit": "P",
    "ShortName": "GILL LAB.APP+2M+REISBOX",
    "IsNew": false,
    "RecentQuanityOfStockUnits": "1",
    "LongName": "GILLETTE LABS appar.+2mesjes+reisbox",
    "FicCode": "N"
  },
  {
    "productId": "265519",
    "technicalArticleNumber": "3629220",
    "commercialArticleNumber": "346718",
    "name": "Orgasm'Intense Gel",
    "brand": "DUREX",
    "seoBrand": "Durex",
    "thumbNail": "https://static.colruytgroup.com/images/200x200/std.lang.all/18/40/asset-1131840.jpg",
    "fullImage": "https://static.colruytgroup.com/images/500x500/std.lang.all/18/40/asset-1131840.jpg",
    "squareImage": "https://static.colruytgroup.com/images/500x500sq/std.lang.all/18/40/asset-1131840.jpg",
    "content": "10ml",
    "walkRouteSequenceNumber": 14578,
    "price": {
      "basicPrice": 14.19,
      "recommendedQuantity": "1.0",
      "measurementUnitPrice": 1419,
      "measurementUnit": "L",
      "isRedPrice": false,
      "pricePerUOM": 1419,
      "activationDate": "23-03-2024",
      "recordSource": "Offline",
      "isPromoActive": "N",
      "priceChangeCode": "E"
    },
    "isAvailable": true,
    "isPriceAvailable": true,
    "inPromo": false,
    "gtin": [
      "63059948001449",
      "03059948001447",
      "23059948001441"
    ],
    "topCategoryName": "Lichaamsverzorging/Parfumerie",
    "topCategoryId": "591",
    "businessDomain": "NON_FOOD",
    "IsPrivateLabel": false,
    "IsBiffe": false,
    "IsWeightArticle": false,
    "RecentQuanityOfStockUnits": "1",
    "LongName": "DUREX Orgasm'Intense Gel 10ml",
    "IsBio": false,
    "CountryOfOrigin": "BELGIË",
    "FicCode": "N",
    "OrderUnit": "P",
    "ShortName": "DUR.ORGASMINT.GEL 10ML",
    "IsNew": false
  },
  {
    "productId": "207808",
    "technicalArticleNumber": "3512751",
    "commercialArticleNumber": "16553",
    "name": "Styling spray Strong/Ultra",
    "description": "*Styling spray\n*250 ml\n*2 parfums:\n-Strong\n-Ultra Strong",
    "brand": "NIVEA",
    "seoBrand": "Nivea",
    "thumbNail": "https://static.colruytgroup.com/images/200x200/std.lang.all/51/48/asset-2855148.jpg",
    "fullImage": "https://static.colruytgroup.com/images/500x500/std.lang.all/51/48/asset-2855148.jpg",
    "squareImage": "https://static.colruytgroup.com/images/500x500sq/std.lang.all/51/48/asset-2855148.jpg",
    "content": "250ml",
    "walkRouteSequenceNumber": 15319,
    "price": {
      "basicPrice": 2.99,
      "recommendedQuantity": "1.0",
      "quantityPrice": 1.49,
      "quantityPriceQuantity": "4.0",
      "measurementUnitPrice": 11.96,
      "measurementUnitQuantityPrice": 5.96,
      "measurementUnit": "L",
      "isRedPrice": false,
      "pricePerUOM": 11.96,
      "activationDate": "20-03-2024",
      "recordSource": "Offline",
      "isPromoActive": "N",
      "priceChangeCode": "E",
      "quantityPricePerUOM": 5.96,
      "quantityActivationDate": "20-03-2024",
      "quantityPriceChangeCode": "L"
    },
    "isAvailable": true,
    "isPriceAvailable": true,
    "inPromo": false,
    "gtin": [
      "04005800320798",
      "04005800320774",
      "04005800320781",
      "04005900173812",
      "04005900173836",
      "04005900173997",
      "04005900174017",
      "05400141138160",
      "04005900173829",
      "04005900985668",
      "04005900985644",
      "04005900985651"
    ],
    "topCategoryName": "Lichaamsverzorging/Parfumerie",
    "topCategoryId": "591",
    "businessDomain": "RETAIL_BE",
    "IsPrivateLabel": false,
    "IsBiffe": false,
    "WeightconversionFactor": "0",
    "IsWeightArticle": false,
    "IsBio": false,
    "CountryOfOrigin": "DUITSLAND",
    "IsExclusivelySoldInLuxembourg": false,
    "OrderUnit": "P",
    "ShortName": "NIV.SPR.STR/ULTR.STR250",
    "IsNew": false,
    "RecentQuanityOfStockUnits": "2,1,1,1",
    "LongName": "NIVEA Styling spray Strong/Ultra 250ml",
    "AlcoholVolume": "0",
    "FicCode": "N"
  },
  {
    "productId": "217569",
    "technicalArticleNumber": "3481999",
    "commercialArticleNumber": "346444",
    "name": "leesbril Style dioptrie +4",
    "brand": "INFOCUS",
    "seoBrand": "INfocus",
    "thumbNail": "https://static.colruytgroup.com/images/200x200/std.lang.all/85/81/asset-1018581.jpg",
    "fullImage": "https://static.colruytgroup.com/images/500x500/std.lang.all/85/81/asset-1018581.jpg",
    "squareImage": "https://static.colruytgroup.com/images/500x500sq/std.lang.all/85/81/asset-1018581.jpg",
    "walkRouteSequenceNumber": 14027,
    "price": {
      "basicPrice": 4.95,
      "recommendedQuantity": "1.0",
      "measurementUnitPrice": 4.95,
      "measurementUnit": "S",
      "isRedPrice": false,
      "pricePerUOM": 4.95,
      "activationDate": "07-10-2022",
      "isPromoActive": "N",
      "priceChangeCode": "E"
    },
    "isAvailable": true,
    "isPriceAvailable": true,
    "inPromo": false,
    "gtin": [
      "08713228824984",
      "08713228824915",
      "08713228849901",
      "08713228585212",
      "08713228641314",
      "08713228644513",
      "08713228645510",
      "08713228664115",
      "08713228664818",
      "08713228739110",
      "08713228740611",
      "08713228741410",
      "08713228742219",
      "08713228743216",
      "08713228804986",
      "08713228817504",
      "08713228824380",
      "08713228825059",
      "08713228826292",
      "08713228826407",
      "08713228827978",
      "08713228831920",
      "08713228838431",
      "08713228838509",
      "08713228838578",
      "08713228838646",
      "08713228849550",
      "08713228849628",
      "08713228849697",
      "08713228849765",
      "08713228849833",
      "08713228831708"
    ],
    "topCategoryName": "Lichaamsverzorging/Parfumerie",
    "topCategoryId": "591",
    "businessDomain": "NON_FOOD",
    "IsPrivateLabel": false,
    "IsBiffe": false,
    "IsWeightArticle": false,
    "RecentQuanityOfStockUnits": "1,1,1,1,1,1",
    "LongName": "INFOCUS leesbril Style dioptrie +4",
    "IsBio": false,
    "CountryOfOrigin": "NEDERLAND",
    "FicCode": "N",
    "OrderUnit": "P",
    "ShortName": "LEESBRIL STYLE +4",
    "IsNew": false
  },
  {
    "productId": "16925",
    "technicalArticleNumber": "1570308",
    "commercialArticleNumber": "29865",
    "name": "douche Natural Oil",
    "description": "*Douche-olie\n*Natural oil\n*Met voedende oliën",
    "brand": "NIVEA",
    "seoBrand": "Nivea",
    "thumbNail": "https://static.colruytgroup.com/images/200x200/std.lang.all/35/03/asset-2233503.jpg",
    "fullImage": "https://static.colruytgroup.com/images/500x500/std.lang.all/35/03/asset-2233503.jpg",
    "squareImage": "https://static.colruytgroup.com/images/500x500sq/std.lang.all/35/03/asset-2233503.jpg",
    "content": "200ml",
    "walkRouteSequenceNumber": 14615,
    "price": {
      "basicPrice": 4.99,
      "recommendedQuantity": "1.0",
      "quantityPrice": 2.99,
      "quantityPriceQuantity": "5.0",
      "measurementUnitPrice": 24.95,
      "measurementUnitQuantityPrice": 14.95,
      "measurementUnit": "L",
      "isRedPrice": false,
      "pricePerUOM": 24.95,
      "activationDate": "23-03-2024",
      "recordSource": "Offline",
      "isPromoActive": "N",
      "priceChangeCode": "E",
      "quantityPricePerUOM": 14.95,
      "quantityActivationDate": "23-03-2024",
      "quantityPriceChangeCode": "E"
    },
    "isAvailable": true,
    "isPriceAvailable": true,
    "inPromo": false,
    "gtin": [
      "04005808128426",
      "04005900261557",
      "04005900261571",
      "05400141298659",
      "04005900804297",
      "04005900804303",
      "04005900804280"
    ],
    "topCategoryName": "Lichaamsverzorging/Parfumerie",
    "topCategoryId": "591",
    "businessDomain": "RETAIL_BE",
    "IsPrivateLabel": false,
    "IsBiffe": false,
    "WeightconversionFactor": "0",
    "IsWeightArticle": false,
    "IsBio": false,
    "CountryOfOrigin": "DUITSLAND",
    "IsExclusivelySoldInLuxembourg": false,
    "OrderUnit": "P",
    "ShortName": "NIVEA DOUCHE OLIE 200ML",
    "IsNew": false,
    "RecentQuanityOfStockUnits": "2,1",
    "LongName": "NIVEA douche Natural Oil 200ml",
    "AlcoholVolume": "0",
    "FicCode": "N"
  },
  {
    "productId": "217567",
    "technicalArticleNumber": "3481997",
    "commercialArticleNumber": "346442",
    "name": "leesbril Style dioptrie +3,5",
    "brand": "INFOCUS",
    "seoBrand": "INfocus",
    "thumbNail": "https://static.colruytgroup.com/images/200x200/std.lang.all/87/68/asset-1018768.jpg",
    "fullImage": "https://static.colruytgroup.com/images/500x500/std.lang.all/87/68/asset-1018768.jpg",
    "squareImage": "https://static.colruytgroup.com/images/500x500sq/std.lang.all/87/68/asset-1018768.jpg",
    "walkRouteSequenceNumber": 14026,
    "price": {
      "basicPrice": 4.95,
      "recommendedQuantity": "1.0",
      "measurementUnitPrice": 4.95,
      "measurementUnit": "S",
      "isRedPrice": false,
      "pricePerUOM": 4.95,
      "activationDate": "07-10-2022",
      "isPromoActive": "N",
      "priceChangeCode": "E"
    },
    "isAvailable": true,
    "isPriceAvailable": true,
    "inPromo": false,
    "gtin": [
      "08713228585113",
      "08713228849826",
      "08713228849895",
      "08713228838493",
      "08713228824977",
      "08713228825042",
      "08713228826285",
      "08713228826360",
      "08713228828029",
      "08713228831623",
      "08713228831852",
      "08713228838424",
      "08713228838639",
      "08713228849543",
      "08713228849611",
      "08713228849680",
      "08713228641215",
      "08713228644414",
      "08713228645411",
      "08713228664016",
      "08713228664719",
      "08713228666317",
      "08713228739813",
      "08713228740512",
      "08713228742110",
      "08713228743117",
      "08713228804962",
      "08713228820610",
      "08713228824908",
      "08713228583614",
      "08713228849758",
      "08713228838561"
    ],
    "topCategoryName": "Lichaamsverzorging/Parfumerie",
    "topCategoryId": "591",
    "businessDomain": "NON_FOOD",
    "IsPrivateLabel": false,
    "IsBiffe": false,
    "IsWeightArticle": false,
    "RecentQuanityOfStockUnits": "1,1,1,1,1,1",
    "LongName": "INFOCUS leesbril Style dioptrie +3,5",
    "IsBio": false,
    "CountryOfOrigin": "NEDERLAND",
    "FicCode": "N",
    "OrderUnit": "P",
    "ShortName": "LEESBRIL STYLE +3.5",
    "IsNew": false
  },
  {
    "productId": "56475",
    "technicalArticleNumber": "2258477",
    "commercialArticleNumber": "832175",
    "name": "Accord Parfait poeder D7",
    "brand": "L'OREAL",
    "seoBrand": "L'Oréal Paris",
    "thumbNail": "https://static.colruytgroup.com/images/200x200/std.lang.all/78/30/asset-347830.jpg",
    "fullImage": "https://static.colruytgroup.com/images/500x500/std.lang.all/78/30/asset-347830.jpg",
    "squareImage": "https://static.colruytgroup.com/images/500x500sq/std.lang.all/78/30/asset-347830.jpg",
    "price": {
      "basicPrice": 12.74,
      "recommendedQuantity": "1.0",
      "measurementUnitPrice": 12.74,
      "measurementUnit": "S",
      "isRedPrice": false,
      "pricePerUOM": 12.74,
      "activationDate": "23-03-2024",
      "recordSource": "Folder",
      "isPromoActive": "N",
      "priceChangeCode": "E"
    },
    "isAvailable": true,
    "isPriceAvailable": true,
    "inPromo": false,
    "gtin": [
      "03600520773865",
      "03600520930466",
      "03600520930404"
    ],
    "topCategoryName": "Lichaamsverzorging/Parfumerie",
    "topCategoryId": "591",
    "businessDomain": "NON_FOOD",
    "IsPrivateLabel": false,
    "IsBiffe": false,
    "IsWeightArticle": false,
    "RecentQuanityOfStockUnits": "1",
    "LongName": "L'OREAL Accord Parfait poeder D7",
    "IsBio": false,
    "CountryOfOrigin": "BELGIË",
    "FicCode": "N",
    "OrderUnit": "P",
    "ShortName": "LOR.ACC.PARF.POEDER D7",
    "IsNew": false
  },
  {
    "productId": "135114",
    "technicalArticleNumber": "3181018",
    "commercialArticleNumber": "282633",
    "name": "Excellence lichtblond 8",
    "description": "EXCELLENCE NR 8\nNATURAL BOND\n250GR",
    "brand": "L'OREAL",
    "seoBrand": "L'Oréal Paris",
    "thumbNail": "https://static.colruytgroup.com/images/200x200/std.lang.all/17/51/asset-3271751.jpg",
    "fullImage": "https://static.colruytgroup.com/images/500x500/std.lang.all/17/51/asset-3271751.jpg",
    "squareImage": "https://static.colruytgroup.com/images/500x500sq/std.lang.all/17/51/asset-3271751.jpg",
    "walkRouteSequenceNumber": 15373,
    "price": {
      "basicPrice": 10.49,
      "recommendedQuantity": "1.0",
      "measurementUnitPrice": 10.49,
      "measurementUnit": "S",
      "isRedPrice": false,
      "pricePerUOM": 10.49,
      "activationDate": "23-03-2024",
      "recordSource": "Folder",
      "isPromoActive": "N",
      "priceChangeCode": "E"
    },
    "isAvailable": true,
    "isPriceAvailable": true,
    "inPromo": false,
    "gtin": [
      "55410103969041",
      "03600521171509",
      "08710678024087",
      "03600523853137"
    ],
    "topCategoryName": "Lichaamsverzorging/Parfumerie",
    "topCategoryId": "591",
    "businessDomain": "NON_FOOD",
    "IsPrivateLabel": false,
    "IsBiffe": false,
    "IsWeightArticle": false,
    "RecentQuanityOfStockUnits": "1",
    "LongName": "L'OREAL Excellence lichtblond 8",
    "IsBio": false,
    "CountryOfOrigin": "BELGIË",
    "FicCode": "N",
    "OrderUnit": "P",
    "ShortName": "EXCELLENCE NR 8",
    "IsNew": false
  },
  {
    "productId": "52449",
    "technicalArticleNumber": "2184310",
    "commercialArticleNumber": "23743",
    "name": "douche Waterlily/Pure Fresh",
    "description": "*Douchegel\n*2 parfums:\n-Waterlelie\n-Pure Fresh\n*Met olieparels",
    "brand": "NIVEA",
    "seoBrand": "Nivea",
    "thumbNail": "https://static.colruytgroup.com/images/200x200/std.lang.all/70/84/asset-2377084.jpg",
    "fullImage": "https://static.colruytgroup.com/images/500x500/std.lang.all/70/84/asset-2377084.jpg",
    "squareImage": "https://static.colruytgroup.com/images/500x500sq/std.lang.all/70/84/asset-2377084.jpg",
    "content": "250ml",
    "walkRouteSequenceNumber": 14617,
    "price": {
      "basicPrice": 3.19,
      "recommendedQuantity": "1.0",
      "quantityPrice": 1.91,
      "quantityPriceQuantity": "5.0",
      "measurementUnitPrice": 12.76,
      "measurementUnitQuantityPrice": 7.64,
      "measurementUnit": "L",
      "isRedPrice": false,
      "pricePerUOM": 12.76,
      "activationDate": "23-03-2024",
      "recordSource": "Offline",
      "isPromoActive": "N",
      "priceChangeCode": "E",
      "quantityPricePerUOM": 7.64,
      "quantityActivationDate": "23-03-2024",
      "quantityPriceChangeCode": "E"
    },
    "isAvailable": true,
    "isPriceAvailable": true,
    "inPromo": false,
    "gtin": [
      "04005900257826",
      "04005900804259",
      "04005900804273",
      "04005900811080",
      "04005900811127",
      "04005900804266",
      "05400141237436",
      "04005900257321",
      "04005900257345",
      "04005900257581",
      "04005900257802",
      "04005900811097"
    ],
    "topCategoryName": "Lichaamsverzorging/Parfumerie",
    "topCategoryId": "591",
    "businessDomain": "RETAIL_BE",
    "IsPrivateLabel": false,
    "IsBiffe": false,
    "WeightconversionFactor": "0",
    "IsWeightArticle": false,
    "IsBio": false,
    "CountryOfOrigin": "DUITSLAND",
    "IsExclusivelySoldInLuxembourg": false,
    "OrderUnit": "P",
    "ShortName": "NIVE DCH WAT/P.FRESH250",
    "IsNew": false,
    "RecentQuanityOfStockUnits": "1,1,2",
    "LongName": "NIVEA douche Waterlily/Pure Fresh 250ml",
    "AlcoholVolume": "0",
    "FicCode": "N"
  },
  {
    "productId": "208234",
    "technicalArticleNumber": "3517131",
    "commercialArticleNumber": "346536",
    "name": "Oleo Intense lichtbruin 5-86",
    "brand": "SYOSS",
    "seoBrand": "Syoss",
    "thumbNail": "https://static.colruytgroup.com/images/200x200/std.lang.all/60/94/asset-3226094.jpg",
    "fullImage": "https://static.colruytgroup.com/images/500x500/std.lang.all/60/94/asset-3226094.jpg",
    "squareImage": "https://static.colruytgroup.com/images/500x500sq/std.lang.all/60/94/asset-3226094.jpg",
    "walkRouteSequenceNumber": 15390,
    "price": {
      "basicPrice": 11.39,
      "recommendedQuantity": "1.0",
      "measurementUnitPrice": 11.39,
      "measurementUnit": "S",
      "isRedPrice": false,
      "pricePerUOM": 11.39,
      "activationDate": "26-02-2024",
      "recordSource": "Offline",
      "isPromoActive": "N",
      "priceChangeCode": "H"
    },
    "isAvailable": true,
    "isPriceAvailable": true,
    "inPromo": false,
    "gtin": [
      "05412530805379",
      "05412530805362",
      "05410091702748"
    ],
    "topCategoryName": "Lichaamsverzorging/Parfumerie",
    "topCategoryId": "591",
    "businessDomain": "NON_FOOD",
    "IsPrivateLabel": false,
    "IsBiffe": false,
    "IsWeightArticle": false,
    "RecentQuanityOfStockUnits": "1",
    "LongName": "SYOSS Oleo Intense lichtbruin 5-86",
    "IsBio": false,
    "CountryOfOrigin": "DUITSLAND",
    "FicCode": "N",
    "OrderUnit": "P",
    "ShortName": "SYOSS OLEO INTENSE 5-86",
    "IsNew": false
  },
  {
    "productId": "14762",
    "technicalArticleNumber": "1543633",
    "commercialArticleNumber": "654356",
    "name": "Accord Parfait foundation D7",
    "brand": "L'OREAL",
    "seoBrand": "L'Oréal Paris",
    "thumbNail": "https://static.colruytgroup.com/images/200x200/std.lang.all/65/60/asset-376560.jpg",
    "fullImage": "https://static.colruytgroup.com/images/500x500/std.lang.all/65/60/asset-376560.jpg",
    "squareImage": "https://static.colruytgroup.com/images/500x500sq/std.lang.all/65/60/asset-376560.jpg",
    "price": {
      "basicPrice": 14.24,
      "recommendedQuantity": "1.0",
      "measurementUnitPrice": 14.24,
      "measurementUnit": "S",
      "isRedPrice": false,
      "pricePerUOM": 14.24,
      "activationDate": "23-03-2024",
      "recordSource": "Folder",
      "isPromoActive": "N",
      "priceChangeCode": "E"
    },
    "isAvailable": true,
    "isPriceAvailable": true,
    "inPromo": false,
    "gtin": [
      "03600521069592",
      "03600522058274",
      "03600522178620",
      "03600522845041",
      "03600520461496",
      "03600521069394",
      "03600522845034"
    ],
    "topCategoryName": "Lichaamsverzorging/Parfumerie",
    "topCategoryId": "591",
    "businessDomain": "NON_FOOD",
    "IsPrivateLabel": false,
    "IsBiffe": false,
    "IsWeightArticle": false,
    "RecentQuanityOfStockUnits": "1",
    "LongName": "L'OREAL Accord Parfait foundation D7",
    "IsBio": false,
    "CountryOfOrigin": "BELGIË",
    "FicCode": "N",
    "OrderUnit": "P",
    "ShortName": "LOR.FDT. ACC.PARFAIT D7",
    "IsNew": false
  },
  {
    "productId": "34842",
    "technicalArticleNumber": "1809546",
    "commercialArticleNumber": "720360",
    "name": "nagellak Tenue&Str.287",
    "description": "GEM.TENUE & STRONG\nROUGE COUTURE\nPRO 287",
    "brand": "MAYBELLINE",
    "seoBrand": "Maybelline",
    "thumbNail": "https://static.colruytgroup.com/images/200x200/std.lang.all/65/62/asset-376562.jpg",
    "fullImage": "https://static.colruytgroup.com/images/500x500/std.lang.all/65/62/asset-376562.jpg",
    "squareImage": "https://static.colruytgroup.com/images/500x500sq/std.lang.all/65/62/asset-376562.jpg",
    "content": "10ml",
    "walkRouteSequenceNumber": 15793,
    "price": {
      "basicPrice": 8.89,
      "recommendedQuantity": "1.0",
      "measurementUnitPrice": 8.89,
      "measurementUnit": "S",
      "isRedPrice": false,
      "pricePerUOM": 8.89,
      "activationDate": "15-03-2024",
      "recordSource": "Offline",
      "isPromoActive": "N",
      "priceChangeCode": "H"
    },
    "isAvailable": true,
    "isPriceAvailable": true,
    "inPromo": false,
    "gtin": [
      "03600530351701",
      "03600531473198",
      "03600530496037",
      "03600530352081",
      "03600530351329"
    ],
    "topCategoryName": "Lichaamsverzorging/Parfumerie",
    "topCategoryId": "591",
    "businessDomain": "NON_FOOD",
    "IsPrivateLabel": false,
    "IsBiffe": false,
    "IsWeightArticle": false,
    "RecentQuanityOfStockUnits": "1",
    "LongName": "MAYBELLINE nagellak Tenue&Str.287 10ml",
    "IsBio": false,
    "CountryOfOrigin": "BELGIË",
    "FicCode": "N",
    "OrderUnit": "P",
    "ShortName": "MAYB.TENUE&STR.PRO287",
    "IsNew": false
  },
  {
    "productId": "589116",
    "technicalArticleNumber": "4246586",
    "commercialArticleNumber": "282440",
    "name": "Cellular Cushion medium",
    "description": "*15ml",
    "brand": "NIVEA",
    "seoBrand": "Nivea",
    "thumbNail": "https://static.colruytgroup.com/images/200x200/std.lang.all/83/05/asset-2428305.jpg",
    "fullImage": "https://static.colruytgroup.com/images/500x500/std.lang.all/83/05/asset-2428305.jpg",
    "squareImage": "https://static.colruytgroup.com/images/500x500sq/std.lang.all/83/05/asset-2428305.jpg",
    "content": "15ml",
    "walkRouteSequenceNumber": 15819,
    "price": {
      "basicPrice": 25.99,
      "recommendedQuantity": "1.0",
      "measurementUnitPrice": 1732.67,
      "measurementUnit": "L",
      "isRedPrice": false,
      "pricePerUOM": 1732.67,
      "activationDate": "08-03-2024",
      "recordSource": "Offline",
      "isPromoActive": "N",
      "priceChangeCode": "E"
    },
    "isAvailable": true,
    "isPriceAvailable": true,
    "inPromo": false,
    "gtin": [
      "04005900901156",
      "04005900901163",
      "04005900456458",
      "04005900456441"
    ],
    "topCategoryName": "Lichaamsverzorging/Parfumerie",
    "topCategoryId": "591",
    "businessDomain": "NON_FOOD",
    "IsPrivateLabel": false,
    "IsBiffe": false,
    "IsWeightArticle": false,
    "RecentQuanityOfStockUnits": "1,1",
    "LongName": "NIVEA Cellular Cushion medium 15ml",
    "IsBio": false,
    "CountryOfOrigin": "BELGIË",
    "FicCode": "N",
    "OrderUnit": "P",
    "ShortName": "NIV.CUSH.CELLULAR MED",
    "IsNew": false
  },
  {
    "productId": "104560",
    "technicalArticleNumber": "3095238",
    "commercialArticleNumber": "282410",
    "name": "Velvet smooth Express Pedi nav.",
    "description": "*Navulling",
    "brand": "SCHOLL",
    "seoBrand": "Scholl",
    "thumbNail": "https://static.colruytgroup.com/images/200x200/std.lang.all/57/57/asset-635757.jpg",
    "fullImage": "https://static.colruytgroup.com/images/500x500/std.lang.all/57/57/asset-635757.jpg",
    "squareImage": "https://static.colruytgroup.com/images/500x500sq/std.lang.all/57/57/asset-635757.jpg",
    "walkRouteSequenceNumber": 14119,
    "price": {
      "basicPrice": 17.99,
      "recommendedQuantity": "1.0",
      "measurementUnitPrice": 9,
      "measurementUnit": "S",
      "isRedPrice": false,
      "pricePerUOM": 9,
      "activationDate": "19-03-2024",
      "recordSource": "Offline",
      "isPromoActive": "N",
      "priceChangeCode": "H"
    },
    "isAvailable": true,
    "isPriceAvailable": true,
    "inPromo": false,
    "gtin": [
      "05052197040258",
      "05052197040241",
      "05052197023664",
      "05052197023626",
      "05052197023619",
      "05052197041682"
    ],
    "topCategoryName": "Lichaamsverzorging/Parfumerie",
    "topCategoryId": "591",
    "businessDomain": "NON_FOOD",
    "IsPrivateLabel": false,
    "IsBiffe": false,
    "IsWeightArticle": false,
    "RecentQuanityOfStockUnits": "1",
    "LongName": "SCHOLL Velvet smooth Express Pedi nav.",
    "IsBio": false,
    "CountryOfOrigin": "BELGIË",
    "FicCode": "N",
    "OrderUnit": "P",
    "ShortName": "SCHOLL V.SM.NAVULLING",
    "IsNew": false
  },
  {
    "productId": "82108",
    "technicalArticleNumber": "2929075",
    "commercialArticleNumber": "282011",
    "name": "Olia lichtblond 9.0",
    "brand": "GARNIER",
    "seoBrand": "Garnier",
    "thumbNail": "https://static.colruytgroup.com/images/200x200/std.lang.all/17/74/asset-3271774.jpg",
    "fullImage": "https://static.colruytgroup.com/images/500x500/std.lang.all/17/74/asset-3271774.jpg",
    "squareImage": "https://static.colruytgroup.com/images/500x500sq/std.lang.all/17/74/asset-3271774.jpg",
    "walkRouteSequenceNumber": 15366,
    "price": {
      "basicPrice": 11.39,
      "recommendedQuantity": "1.0",
      "measurementUnitPrice": 11.39,
      "measurementUnit": "S",
      "isRedPrice": false,
      "pricePerUOM": 11.39,
      "activationDate": "05-03-2024",
      "recordSource": "Offline",
      "isPromoActive": "N",
      "priceChangeCode": "E"
    },
    "isAvailable": true,
    "isPriceAvailable": true,
    "inPromo": false,
    "gtin": [
      "03600541237322",
      "03600541237353",
      "03600541237360",
      "03600542347747",
      "03600542493925",
      "03600542490559"
    ],
    "topCategoryName": "Lichaamsverzorging/Parfumerie",
    "topCategoryId": "591",
    "businessDomain": "NON_FOOD",
    "IsPrivateLabel": false,
    "IsBiffe": false,
    "IsWeightArticle": false,
    "RecentQuanityOfStockUnits": "1",
    "LongName": "GARNIER Olia lichtblond 9.0",
    "IsBio": false,
    "CountryOfOrigin": "BELGIË",
    "FicCode": "N",
    "OrderUnit": "P",
    "ShortName": "OLIA COLOR 9.0 L.BLOND",
    "IsNew": false
  },
  {
    "productId": "330267",
    "technicalArticleNumber": "3798857",
    "commercialArticleNumber": "282721",
    "name": "Color Silver Blond 10-55",
    "brand": "SYOSS",
    "seoBrand": "Syoss",
    "thumbNail": "https://static.colruytgroup.com/images/200x200/std.lang.all/72/92/asset-1397292.jpg",
    "fullImage": "https://static.colruytgroup.com/images/500x500/std.lang.all/72/92/asset-1397292.jpg",
    "squareImage": "https://static.colruytgroup.com/images/500x500sq/std.lang.all/72/92/asset-1397292.jpg",
    "price": {
      "basicPrice": 8.69,
      "recommendedQuantity": "1.0",
      "measurementUnitPrice": 8.69,
      "measurementUnit": "S",
      "isRedPrice": false,
      "pricePerUOM": 8.69,
      "activationDate": "28-02-2024",
      "recordSource": "Offline",
      "isPromoActive": "N",
      "priceChangeCode": "E"
    },
    "isAvailable": true,
    "isPriceAvailable": true,
    "inPromo": false,
    "gtin": [
      "05410091734879",
      "05412530863058",
      "05412530863065"
    ],
    "topCategoryName": "Lichaamsverzorging/Parfumerie",
    "topCategoryId": "591",
    "businessDomain": "NON_FOOD",
    "IsPrivateLabel": false,
    "IsBiffe": false,
    "IsWeightArticle": false,
    "RecentQuanityOfStockUnits": "1",
    "LongName": "SYOSS Color Silver Blond 10-55",
    "IsBio": false,
    "CountryOfOrigin": "BELGIË",
    "FicCode": "N",
    "OrderUnit": "P",
    "ShortName": "SYOSS COLOR 10-55",
    "IsNew": false
  },
  {
    "productId": "544764",
    "technicalArticleNumber": "4170426",
    "commercialArticleNumber": "8221",
    "name": "douchegel kids 3in1 ass.",
    "description": "*Douche & shampoo\n& conditioner\n*Assortiment:\n-Girls: bessengeur\n-Boys: appelgeur",
    "brand": "NIVEA",
    "seoBrand": "Nivea",
    "thumbNail": "https://static.colruytgroup.com/images/200x200/std.lang.all/97/75/asset-3149775.jpg",
    "fullImage": "https://static.colruytgroup.com/images/500x500/std.lang.all/97/75/asset-3149775.jpg",
    "squareImage": "https://static.colruytgroup.com/images/500x500sq/std.lang.all/97/75/asset-3149775.jpg",
    "content": "250ml",
    "walkRouteSequenceNumber": 14458,
    "price": {
      "basicPrice": 3.79,
      "recommendedQuantity": "1.0",
      "measurementUnitPrice": 15.16,
      "measurementUnit": "L",
      "isRedPrice": false,
      "pricePerUOM": 15.16,
      "activationDate": "14-03-2024",
      "recordSource": "Offline",
      "isPromoActive": "N",
      "priceChangeCode": "E"
    },
    "isAvailable": true,
    "isPriceAvailable": true,
    "inPromo": false,
    "gtin": [
      "04005900677891",
      "04005900677860",
      "04005900677907",
      "04005900677884",
      "04005900677877",
      "04005900677853"
    ],
    "topCategoryName": "Baby",
    "topCategoryId": "761",
    "businessDomain": "RETAIL_BE",
    "IsPrivateLabel": false,
    "IsBiffe": false,
    "WeightconversionFactor": "0",
    "IsWeightArticle": false,
    "IsBio": false,
    "CountryOfOrigin": "DUITSLAND",
    "IsExclusivelySoldInLuxembourg": false,
    "OrderUnit": "P",
    "ShortName": "NIVE KIDS 3IN1 ASS.250",
    "IsNew": false,
    "RecentQuanityOfStockUnits": "1,1,2",
    "LongName": "NIVEA douchegel kids 3in1 ass. 250ml",
    "FicCode": "N"
  },
  {
    "productId": "209609",
    "technicalArticleNumber": "3510778",
    "commercialArticleNumber": "15999",
    "name": "handzeep Soft/Care",
    "description": "*Verzorgende zeep",
    "brand": "NIVEA",
    "seoBrand": "Nivea",
    "thumbNail": "https://static.colruytgroup.com/images/200x200/std.lang.all/19/83/asset-1161983.jpg",
    "fullImage": "https://static.colruytgroup.com/images/500x500/std.lang.all/19/83/asset-1161983.jpg",
    "squareImage": "https://static.colruytgroup.com/images/500x500sq/std.lang.all/19/83/asset-1161983.jpg",
    "content": "250ml",
    "walkRouteSequenceNumber": 15080,
    "price": {
      "basicPrice": 3.39,
      "recommendedQuantity": "1.0",
      "measurementUnitPrice": 13.56,
      "measurementUnit": "L",
      "isRedPrice": false,
      "pricePerUOM": 13.56,
      "activationDate": "27-02-2024",
      "recordSource": "Offline",
      "isPromoActive": "N",
      "priceChangeCode": "E"
    },
    "isAvailable": true,
    "isPriceAvailable": true,
    "inPromo": false,
    "gtin": [
      "04005900866905",
      "04005900866929",
      "04005900083272",
      "04005900866912",
      "04005808413331",
      "04005900083296",
      "04005808807000",
      "04005808332502",
      "04005900083289"
    ],
    "topCategoryName": "Lichaamsverzorging/Parfumerie",
    "topCategoryId": "591",
    "businessDomain": "RETAIL_BE",
    "IsPrivateLabel": false,
    "IsBiffe": false,
    "WeightconversionFactor": "0",
    "IsWeightArticle": false,
    "IsBio": false,
    "CountryOfOrigin": "DUITSLAND",
    "IsExclusivelySoldInLuxembourg": false,
    "OrderUnit": "P",
    "ShortName": "NIV.HANDZ.CR.CAR/SOF250",
    "IsNew": false,
    "RecentQuanityOfStockUnits": "1,1,1",
    "LongName": "NIVEA handzeep Soft/Care 250ml",
    "AlcoholVolume": "0",
    "FicCode": "N"
  },
  {
    "productId": "5038",
    "technicalArticleNumber": "282590",
    "commercialArticleNumber": "282590",
    "name": "nageltang",
    "description": "SOLINGEN.\n.\n.",
    "brand": "WILKINSON",
    "seoBrand": "Wilkinson Sword",
    "thumbNail": "https://static.colruytgroup.com/images/200x200/std.lang.all/61/23/asset-376123.jpg",
    "fullImage": "https://static.colruytgroup.com/images/500x500/std.lang.all/61/23/asset-376123.jpg",
    "squareImage": "https://static.colruytgroup.com/images/500x500sq/std.lang.all/61/23/asset-376123.jpg",
    "price": {
      "basicPrice": 14.75,
      "recommendedQuantity": "1.0",
      "measurementUnitPrice": 14.75,
      "measurementUnit": "S",
      "isRedPrice": false,
      "pricePerUOM": 14.75,
      "activationDate": "14-11-2023",
      "isPromoActive": "N",
      "priceChangeCode": "E"
    },
    "isAvailable": true,
    "isPriceAvailable": true,
    "inPromo": false,
    "gtin": [
      "04027800092703",
      "04027800092710",
      "04027800092727"
    ],
    "topCategoryName": "Lichaamsverzorging/Parfumerie",
    "topCategoryId": "591",
    "businessDomain": "NON_FOOD",
    "IsPrivateLabel": false,
    "IsBiffe": false,
    "IsWeightArticle": false,
    "RecentQuanityOfStockUnits": "1",
    "LongName": "WILKINSON nageltang",
    "IsBio": false,
    "CountryOfOrigin": "ROEMENIË",
    "FicCode": "N",
    "OrderUnit": "P",
    "ShortName": "W.S.NAGELTANG",
    "IsNew": false
  },
  {
    "productId": "79808",
    "technicalArticleNumber": "2565669",
    "commercialArticleNumber": "14218",
    "name": "Handzeep lavendel/sensitive",
    "description": "*Assortiment:\n-Lavendel\n-Sensitive: verzachtend",
    "brand": "DETTOL",
    "seoBrand": "Dettol",
    "thumbNail": "https://static.colruytgroup.com/images/200x200/std.lang.all/54/13/asset-3215413.jpg",
    "fullImage": "https://static.colruytgroup.com/images/500x500/std.lang.all/54/13/asset-3215413.jpg",
    "squareImage": "https://static.colruytgroup.com/images/500x500sq/std.lang.all/54/13/asset-3215413.jpg",
    "content": "250ml",
    "walkRouteSequenceNumber": 15069,
    "price": {
      "basicPrice": 2.19,
      "recommendedQuantity": "1.0",
      "measurementUnitPrice": 8.76,
      "measurementUnit": "L",
      "isRedPrice": false,
      "pricePerUOM": 8.76,
      "activationDate": "12-03-2024",
      "recordSource": "Offline",
      "isPromoActive": "N",
      "priceChangeCode": "E"
    },
    "isAvailable": true,
    "isPriceAvailable": true,
    "inPromo": false,
    "gtin": [
      "05410036314715",
      "05410036314746",
      "05410036314722",
      "15410036220556",
      "15410036220600",
      "15410036220648",
      "05400141124910",
      "05410036501276",
      "15410036106546",
      "15410036501556",
      "05410036533659",
      "05410036533673",
      "08710552261331",
      "08710552261881",
      "08710552364452",
      "15410036106539",
      "08710552581729"
    ],
    "topCategoryName": "Lichaamsverzorging/Parfumerie",
    "topCategoryId": "591",
    "businessDomain": "RETAIL_BE",
    "IsPrivateLabel": false,
    "IsBiffe": false,
    "WeightconversionFactor": "0",
    "IsWeightArticle": false,
    "IsBio": false,
    "CountryOfOrigin": "BELGIË",
    "IsExclusivelySoldInLuxembourg": false,
    "OrderUnit": "P",
    "ShortName": "DETT LAV/SENS.250ML",
    "InSeason": true,
    "IsNew": false,
    "RecentQuanityOfStockUnits": "1,1,1,2,1",
    "LongName": "DETTOL Handzeep lavendel/sensitive 250ml",
    "AlcoholVolume": "0",
    "StartSeasonDate": "07/06/2023",
    "FicCode": "N"
  },
  {
    "productId": "1785",
    "technicalArticleNumber": "23225",
    "commercialArticleNumber": "23225",
    "name": "deo Dry Impact+ roller",
    "description": "*Anti-transpirant\n*Dry Impact:\n48u bescherming",
    "brand": "NIVEA MEN",
    "seoBrand": "Nivea",
    "thumbNail": "https://static.colruytgroup.com/images/200x200/std.lang.all/86/40/asset-1508640.jpg",
    "fullImage": "https://static.colruytgroup.com/images/500x500/std.lang.all/86/40/asset-1508640.jpg",
    "squareImage": "https://static.colruytgroup.com/images/500x500sq/std.lang.all/86/40/asset-1508640.jpg",
    "content": "50ml",
    "walkRouteSequenceNumber": 14659,
    "price": {
      "basicPrice": 2.59,
      "recommendedQuantity": "1.0",
      "quantityPrice": 1.55,
      "quantityPriceQuantity": "3.0",
      "measurementUnitPrice": 51.8,
      "measurementUnitQuantityPrice": 31,
      "measurementUnit": "L",
      "isRedPrice": false,
      "pricePerUOM": 51.8,
      "activationDate": "23-03-2024",
      "recordSource": "Offline",
      "isPromoActive": "N",
      "priceChangeCode": "E",
      "quantityPricePerUOM": 31,
      "quantityActivationDate": "23-03-2024",
      "quantityPriceChangeCode": "E"
    },
    "isAvailable": true,
    "isPriceAvailable": true,
    "inPromo": false,
    "gtin": [
      "04005900457981",
      "05400141232257",
      "15400141596165",
      "00000042239734",
      "00000042345084"
    ],
    "topCategoryName": "Lichaamsverzorging/Parfumerie",
    "topCategoryId": "591",
    "businessDomain": "RETAIL_BE",
    "IsPrivateLabel": false,
    "IsBiffe": false,
    "WeightconversionFactor": "0",
    "IsWeightArticle": false,
    "IsBio": false,
    "CountryOfOrigin": "DUITSLAND",
    "IsExclusivelySoldInLuxembourg": false,
    "OrderUnit": "P",
    "ShortName": "NIVEA ROLL ON DRY MEN50",
    "IsNew": false,
    "RecentQuanityOfStockUnits": "2,1",
    "LongName": "NIVEA MEN deo Dry Impact+ roller 50ml",
    "AlcoholVolume": "0",
    "FicCode": "N"
  },
  {
    "productId": "6241",
    "technicalArticleNumber": "378433",
    "commercialArticleNumber": "378433",
    "name": "nagelschaar",
    "description": "NAGELSCHAAR.",
    "brand": "WILKINSON",
    "seoBrand": "Wilkinson Sword",
    "thumbNail": "https://static.colruytgroup.com/images/200x200/std.lang.all/61/12/asset-376112.jpg",
    "fullImage": "https://static.colruytgroup.com/images/500x500/std.lang.all/61/12/asset-376112.jpg",
    "squareImage": "https://static.colruytgroup.com/images/500x500sq/std.lang.all/61/12/asset-376112.jpg",
    "price": {
      "basicPrice": 14.75,
      "recommendedQuantity": "1.0",
      "measurementUnitPrice": 14.75,
      "measurementUnit": "S",
      "isRedPrice": false,
      "pricePerUOM": 14.75,
      "activationDate": "14-11-2023",
      "isPromoActive": "N",
      "priceChangeCode": "E"
    },
    "isAvailable": true,
    "isPriceAvailable": true,
    "inPromo": false,
    "gtin": [
      "04027800092208",
      "04027800092215",
      "04027800092222"
    ],
    "topCategoryName": "Lichaamsverzorging/Parfumerie",
    "topCategoryId": "591",
    "businessDomain": "NON_FOOD",
    "IsPrivateLabel": false,
    "IsBiffe": false,
    "IsWeightArticle": false,
    "RecentQuanityOfStockUnits": "1",
    "LongName": "WILKINSON nagelschaar",
    "IsBio": false,
    "CountryOfOrigin": "BELGIË",
    "FicCode": "N",
    "OrderUnit": "P",
    "ShortName": "W.S.NAGELSCHAAR",
    "IsNew": false
  },
  {
    "productId": "163013",
    "technicalArticleNumber": "3367615",
    "commercialArticleNumber": "346239",
    "name": "Lift+ superfil.dagcrème",
    "description": "*DAGCRèME\n*50ML\n*voor alle huidtypes",
    "brand": "DIADERMINE",
    "seoBrand": "Diadermine",
    "thumbNail": "https://ecgproductmw.colruytgroup.com/ecgproductmw/noPicForArticle_2.jpg",
    "fullImage": "https://ecgproductmw.colruytgroup.com/ecgproductmw/noPicForArticle_5.jpg",
    "squareImage": "https://ecgproductmw.colruytgroup.com/ecgproductmw/noPicForArticle_5.jpg",
    "content": "50ml",
    "walkRouteSequenceNumber": 15537,
    "price": {
      "basicPrice": 14.99,
      "recommendedQuantity": "1.0",
      "measurementUnitPrice": 299.8,
      "measurementUnit": "L",
      "isRedPrice": false,
      "pricePerUOM": 299.8,
      "activationDate": "21-03-2024",
      "recordSource": "Offline",
      "isPromoActive": "N",
      "priceChangeCode": "H"
    },
    "isAvailable": true,
    "isPriceAvailable": true,
    "inPromo": false,
    "gtin": [
      "05412530849076",
      "05410091725549"
    ],
    "topCategoryName": "Lichaamsverzorging/Parfumerie",
    "topCategoryId": "591",
    "businessDomain": "NON_FOOD",
    "IsPrivateLabel": false,
    "IsBiffe": false,
    "IsWeightArticle": false,
    "RecentQuanityOfStockUnits": "1",
    "LongName": "DIADERMINE Lift+ superfil.dagcrème 50ml",
    "IsBio": false,
    "AlcoholVolume": "0",
    "CountryOfOrigin": "BELGIË",
    "FicCode": "N",
    "OrderUnit": "P",
    "ShortName": "DIAD.LIFT+ SUPERFIL.DAG",
    "IsNew": false
  },
  {
    "productId": "346462",
    "technicalArticleNumber": "3819759",
    "commercialArticleNumber": "346962",
    "name": "Men Ontharingscrème douche",
    "description": "*Ontharingscrème\n*Gevoelige huid",
    "brand": "VEET",
    "seoBrand": "Veet",
    "thumbNail": "https://static.colruytgroup.com/images/200x200/std.lang.all/22/26/asset-1492226.jpg",
    "fullImage": "https://static.colruytgroup.com/images/500x500/std.lang.all/22/26/asset-1492226.jpg",
    "squareImage": "https://static.colruytgroup.com/images/500x500sq/std.lang.all/22/26/asset-1492226.jpg",
    "content": "150ml",
    "walkRouteSequenceNumber": 15212,
    "price": {
      "basicPrice": 11.99,
      "recommendedQuantity": "1.0",
      "measurementUnitPrice": 79.94,
      "measurementUnit": "L",
      "isRedPrice": false,
      "pricePerUOM": 79.94,
      "activationDate": "17-02-2024",
      "recordSource": "Offline",
      "isPromoActive": "N",
      "priceChangeCode": "E"
    },
    "isAvailable": true,
    "isPriceAvailable": true,
    "inPromo": false,
    "gtin": [
      "23059944025922",
      "03059944025928"
    ],
    "topCategoryName": "Lichaamsverzorging/Parfumerie",
    "topCategoryId": "591",
    "businessDomain": "NON_FOOD",
    "IsPrivateLabel": false,
    "IsBiffe": false,
    "IsWeightArticle": false,
    "RecentQuanityOfStockUnits": "1",
    "LongName": "VEET Men Ontharingscrème douche 150ml",
    "IsBio": false,
    "CountryOfOrigin": "BELGIË",
    "FicCode": "N",
    "OrderUnit": "P",
    "ShortName": "VEET MEN CREME DOUCHE",
    "IsNew": false
  },
  {
    "productId": "58213",
    "technicalArticleNumber": "2474355",
    "commercialArticleNumber": "832726",
    "name": "spray protect F30",
    "description": "*Zonnecrème\n*200 ml\n*Spray",
    "brand": "AMBRE SOLAIRE",
    "seoBrand": "Ambre Solaire",
    "thumbNail": "https://static.colruytgroup.com/images/200x200/std.lang.all/33/82/asset-2823382.jpg",
    "fullImage": "https://static.colruytgroup.com/images/500x500/std.lang.all/33/82/asset-2823382.jpg",
    "squareImage": "https://static.colruytgroup.com/images/500x500sq/std.lang.all/33/82/asset-2823382.jpg",
    "content": "200ml",
    "walkRouteSequenceNumber": 13368,
    "price": {
      "basicPrice": 15.99,
      "recommendedQuantity": "1.0",
      "measurementUnitPrice": 79.95,
      "measurementUnit": "L",
      "isRedPrice": false,
      "pricePerUOM": 79.95,
      "activationDate": "14-03-2024",
      "recordSource": "Folder",
      "isPromoActive": "N",
      "priceChangeCode": "L"
    },
    "isAvailable": true,
    "isPriceAvailable": true,
    "inPromo": true,
    "promotion": [
      {
        "techPromoId": "100926COLR",
        "promotionId": "100926",
        "promotionType": "3",
        "isPersonalized": "N",
        "publicationStartDate": "13-03-2024",
        "publicationEndDate": "26-03-2024"
      }
    ],
    "gtin": [
      "03600542082761",
      "03600540082985",
      "03600540082824"
    ],
    "topCategoryName": "Lichaamsverzorging/Parfumerie",
    "topCategoryId": "591",
    "businessDomain": "NON_FOOD",
    "IsPrivateLabel": false,
    "IsBiffe": false,
    "IsWeightArticle": false,
    "RecentQuanityOfStockUnits": "1",
    "LongName": "AMBRE SOLAIRE spray protect F30 200ml",
    "IsBio": false,
    "AlcoholVolume": "0",
    "CountryOfOrigin": "DUITSLAND",
    "FicCode": "N",
    "OrderUnit": "P",
    "ShortName": "AMB.SPR.PROTECT F30 200",
    "IsNew": false
  },
  {
    "productId": "283671",
    "technicalArticleNumber": "3661835",
    "commercialArticleNumber": "346810",
    "name": "middenblond 7-6",
    "description": "SYOSS COLOR CREAM\nMIDDENBLOND 7-6\n115 ML",
    "brand": "SYOSS",
    "seoBrand": "Syoss",
    "thumbNail": "https://static.colruytgroup.com/images/200x200/std.lang.all/21/30/asset-1212130.jpg",
    "fullImage": "https://static.colruytgroup.com/images/500x500/std.lang.all/21/30/asset-1212130.jpg",
    "squareImage": "https://static.colruytgroup.com/images/500x500sq/std.lang.all/21/30/asset-1212130.jpg",
    "walkRouteSequenceNumber": 14996,
    "price": {
      "basicPrice": 8.69,
      "recommendedQuantity": "1.0",
      "measurementUnitPrice": 8.69,
      "measurementUnit": "S",
      "isRedPrice": false,
      "pricePerUOM": 8.69,
      "activationDate": "28-02-2024",
      "recordSource": "Offline",
      "isPromoActive": "N",
      "priceChangeCode": "E"
    },
    "isAvailable": true,
    "isPriceAvailable": true,
    "inPromo": false,
    "gtin": [
      "05410091735562",
      "05412530864369",
      "05412530864376"
    ],
    "topCategoryName": "Lichaamsverzorging/Parfumerie",
    "topCategoryId": "591",
    "businessDomain": "NON_FOOD",
    "IsPrivateLabel": false,
    "IsBiffe": false,
    "IsWeightArticle": false,
    "RecentQuanityOfStockUnits": "1",
    "LongName": "SYOSS middenblond 7-6",
    "IsBio": false,
    "AlcoholVolume": "0",
    "CountryOfOrigin": "DUITSLAND",
    "FicCode": "N",
    "OrderUnit": "P",
    "ShortName": "SYOSS COL.7-6 MID.BLOND",
    "IsNew": false
  },
  {
    "productId": "469406",
    "technicalArticleNumber": "4069095",
    "commercialArticleNumber": "282910",
    "name": "lotion Intensive",
    "description": "*Lichaamscrème\n*Lotion droge huid\n*Voedende verzorging",
    "brand": "DOVE",
    "seoBrand": "Dove",
    "thumbNail": "https://static.colruytgroup.com/images/200x200/std.lang.all/12/72/asset-3361272.jpg",
    "fullImage": "https://static.colruytgroup.com/images/500x500/std.lang.all/12/72/asset-3361272.jpg",
    "squareImage": "https://static.colruytgroup.com/images/500x500sq/std.lang.all/12/72/asset-3361272.jpg",
    "content": "400ml",
    "walkRouteSequenceNumber": 15268,
    "price": {
      "basicPrice": 4.24,
      "recommendedQuantity": "1.0",
      "measurementUnitPrice": 10.6,
      "measurementUnit": "L",
      "isRedPrice": false,
      "pricePerUOM": 10.6,
      "activationDate": "23-03-2024",
      "recordSource": "Folder",
      "isPromoActive": "N",
      "priceChangeCode": "E"
    },
    "isAvailable": true,
    "isPriceAvailable": true,
    "inPromo": false,
    "gtin": [
      "08711700841085",
      "08711600453975",
      "08711600454071",
      "08711600454088",
      "08711700841078"
    ],
    "topCategoryName": "Lichaamsverzorging/Parfumerie",
    "topCategoryId": "591",
    "businessDomain": "NON_FOOD",
    "IsPrivateLabel": false,
    "IsBiffe": false,
    "IsWeightArticle": false,
    "RecentQuanityOfStockUnits": "1",
    "LongName": "DOVE lotion Intensive 400ml",
    "IsBio": false,
    "CountryOfOrigin": "BELGIË",
    "FicCode": "N",
    "OrderUnit": "P",
    "ShortName": "DOVE LOTION INT.400ML",
    "IsNew": false
  },
  {
    "productId": "1021095",
    "technicalArticleNumber": "4789861",
    "commercialArticleNumber": "23008",
    "name": "Discreet Maxi",
    "description": "*Verbanden + (12s)\n*Zwaar urineverlies\n*Triple Protection\n*Odour Control\n*Parfumvrij",
    "brand": "TENA",
    "seoBrand": "Tena",
    "thumbNail": "https://static.colruytgroup.com/images/200x200/std.lang.all/75/24/asset-3417524.jpg",
    "fullImage": "https://static.colruytgroup.com/images/500x500/std.lang.all/75/24/asset-3417524.jpg",
    "squareImage": "https://static.colruytgroup.com/images/500x500sq/std.lang.all/75/24/asset-3417524.jpg",
    "content": "12st",
    "walkRouteSequenceNumber": 14247,
    "price": {
      "basicPrice": 9.02,
      "recommendedQuantity": "1.0",
      "measurementUnitPrice": 0.76,
      "measurementUnit": "S",
      "isRedPrice": false,
      "pricePerUOM": 0.76,
      "activationDate": "27-01-2024",
      "isPromoActive": "N",
      "priceChangeCode": "H"
    },
    "isAvailable": true,
    "isPriceAvailable": true,
    "inPromo": false,
    "gtin": [
      "07322540593099",
      "07322541067995"
    ],
    "topCategoryName": "Lichaamsverzorging/Parfumerie",
    "topCategoryId": "591",
    "businessDomain": "RETAIL_BE",
    "IsPrivateLabel": false,
    "IsBiffe": false,
    "WeightconversionFactor": "0",
    "IsWeightArticle": false,
    "IsBio": false,
    "CountryOfOrigin": "NEDERLAND",
    "IsExclusivelySoldInLuxembourg": false,
    "OrderUnit": "P",
    "ShortName": "TENA DISC.VB PR+.MAXI12",
    "IsNew": true,
    "RecentQuanityOfStockUnits": "1",
    "LongName": "TENA Discreet Maxi 12st",
    "AlcoholVolume": "0",
    "FicCode": "N"
  },
  {
    "productId": "273442",
    "technicalArticleNumber": "3626416",
    "commercialArticleNumber": "346710",
    "name": "Expert Fondamental nacht",
    "brand": "DIADERMINE",
    "seoBrand": "Diadermine",
    "thumbNail": "https://static.colruytgroup.com/images/200x200/std.lang.all/34/67/asset-2823467.jpg",
    "fullImage": "https://static.colruytgroup.com/images/500x500/std.lang.all/34/67/asset-2823467.jpg",
    "squareImage": "https://static.colruytgroup.com/images/500x500sq/std.lang.all/34/67/asset-2823467.jpg",
    "content": "50ml",
    "walkRouteSequenceNumber": 15558,
    "price": {
      "basicPrice": 15.89,
      "recommendedQuantity": "1.0",
      "measurementUnitPrice": 317.8,
      "measurementUnit": "L",
      "isRedPrice": false,
      "pricePerUOM": 317.8,
      "activationDate": "21-03-2024",
      "recordSource": "Offline",
      "isPromoActive": "N",
      "priceChangeCode": "L"
    },
    "isAvailable": true,
    "isPriceAvailable": true,
    "inPromo": false,
    "gtin": [
      "05412530864024",
      "05410091735395"
    ],
    "topCategoryName": "Lichaamsverzorging/Parfumerie",
    "topCategoryId": "591",
    "businessDomain": "NON_FOOD",
    "IsPrivateLabel": false,
    "IsBiffe": false,
    "IsWeightArticle": false,
    "RecentQuanityOfStockUnits": "1",
    "LongName": "DIADERMINE Expert Fondamental nacht 50ml",
    "IsBio": false,
    "CountryOfOrigin": "BELGIË",
    "FicCode": "N",
    "OrderUnit": "P",
    "ShortName": "DIAD.EXP.FOND.NACHT50ML",
    "IsNew": false
  },
  {
    "productId": "274388",
    "technicalArticleNumber": "3625574",
    "commercialArticleNumber": "346698",
    "name": "Fit Me Matte 110",
    "brand": "MAYBELLINE",
    "seoBrand": "Maybelline",
    "thumbNail": "https://static.colruytgroup.com/images/200x200/std.lang.all/86/77/asset-1118677.jpg",
    "fullImage": "https://static.colruytgroup.com/images/500x500/std.lang.all/86/77/asset-1118677.jpg",
    "squareImage": "https://static.colruytgroup.com/images/500x500sq/std.lang.all/86/77/asset-1118677.jpg",
    "content": "30ml",
    "walkRouteSequenceNumber": 15807,
    "price": {
      "basicPrice": 9.95,
      "recommendedQuantity": "1.0",
      "measurementUnitPrice": 9.95,
      "measurementUnit": "S",
      "isRedPrice": false,
      "pricePerUOM": 9.95,
      "activationDate": "15-03-2024",
      "recordSource": "Offline",
      "isPromoActive": "N",
      "priceChangeCode": "L"
    },
    "isAvailable": true,
    "isPriceAvailable": true,
    "inPromo": false,
    "gtin": [
      "03600531325237",
      "03600531607586",
      "03600531607579",
      "03600531326814",
      "03600531326807"
    ],
    "topCategoryName": "Lichaamsverzorging/Parfumerie",
    "topCategoryId": "591",
    "businessDomain": "NON_FOOD",
    "IsPrivateLabel": false,
    "IsBiffe": false,
    "IsWeightArticle": false,
    "RecentQuanityOfStockUnits": "1",
    "LongName": "MAYBELLINE Fit Me Matte 110 30ml",
    "IsBio": false,
    "CountryOfOrigin": "BELGIË",
    "FicCode": "N",
    "OrderUnit": "P",
    "ShortName": "MAY.FDT FIT ME 110",
    "IsNew": false
  },
  {
    "productId": "132704",
    "technicalArticleNumber": "3166903",
    "commercialArticleNumber": "282577",
    "name": "regen-en douchemuts",
    "description": "GAUTHIER DE DUYCK\nREGEN/DOUCHE MUTS",
    "brand": "GDD",
    "seoBrand": "Gauthier De Duyck",
    "thumbNail": "https://static.colruytgroup.com/images/200x200/std.lang.all/93/13/asset-379313.jpg",
    "fullImage": "https://static.colruytgroup.com/images/500x500/std.lang.all/93/13/asset-379313.jpg",
    "squareImage": "https://static.colruytgroup.com/images/500x500sq/std.lang.all/93/13/asset-379313.jpg",
    "walkRouteSequenceNumber": 14290,
    "price": {
      "basicPrice": 1.8,
      "recommendedQuantity": "1.0",
      "measurementUnitPrice": 1.8,
      "measurementUnit": "S",
      "isRedPrice": false,
      "pricePerUOM": 1.8,
      "activationDate": "14-11-2022",
      "isPromoActive": "N",
      "priceChangeCode": "E"
    },
    "isAvailable": true,
    "isPriceAvailable": true,
    "inPromo": false,
    "gtin": [
      "05420071800548",
      "15420071800545"
    ],
    "topCategoryName": "Lichaamsverzorging/Parfumerie",
    "topCategoryId": "591",
    "businessDomain": "NON_FOOD",
    "IsPrivateLabel": false,
    "IsBiffe": false,
    "IsWeightArticle": false,
    "RecentQuanityOfStockUnits": "1",
    "LongName": "GDD regen-en douchemuts",
    "IsBio": false,
    "CountryOfOrigin": "CHINA (VOLKSREBUPLIEK)",
    "FicCode": "N",
    "OrderUnit": "P",
    "ShortName": "GDD.REGEN/DOUCHE MUTS",
    "IsNew": false
  },
  {
    "productId": "725740",
    "technicalArticleNumber": "4479480",
    "commercialArticleNumber": "14346",
    "name": "scheermes hybrid 3",
    "brand": "BIC",
    "seoBrand": "Bic",
    "thumbNail": "https://static.colruytgroup.com/images/200x200/std.lang.all/43/53/asset-2624353.jpg",
    "fullImage": "https://static.colruytgroup.com/images/500x500/std.lang.all/43/53/asset-2624353.jpg",
    "squareImage": "https://static.colruytgroup.com/images/500x500sq/std.lang.all/43/53/asset-2624353.jpg",
    "content": "4st",
    "walkRouteSequenceNumber": 18194,
    "price": {
      "basicPrice": 13.25,
      "recommendedQuantity": "1.0",
      "quantityPrice": 7.59,
      "quantityPriceQuantity": "2.0",
      "measurementUnitPrice": 3.32,
      "measurementUnitQuantityPrice": 1.9,
      "measurementUnit": "S",
      "isRedPrice": false,
      "pricePerUOM": 3.32,
      "activationDate": "20-03-2024",
      "recordSource": "Offline",
      "isPromoActive": "N",
      "priceChangeCode": "E",
      "quantityPricePerUOM": 1.9,
      "quantityActivationDate": "20-03-2024",
      "quantityPriceChangeCode": "H"
    },
    "isAvailable": true,
    "isPriceAvailable": true,
    "inPromo": false,
    "gtin": [
      "03086126470641",
      "03086129211807",
      "03086123480926"
    ],
    "topCategoryName": "Lichaamsverzorging/Parfumerie",
    "topCategoryId": "591",
    "businessDomain": "RETAIL_BE",
    "IsPrivateLabel": false,
    "IsBiffe": false,
    "WeightconversionFactor": "0",
    "IsWeightArticle": false,
    "IsBio": false,
    "CountryOfOrigin": "GRIEKENLAND",
    "IsExclusivelySoldInLuxembourg": false,
    "OrderUnit": "P",
    "ShortName": "BIC HYBRID3 4MESJES",
    "IsNew": false,
    "RecentQuanityOfStockUnits": "1",
    "LongName": "BIC scheermes hybrid 3 4st",
    "FicCode": "N"
  },
  {
    "productId": "163617",
    "technicalArticleNumber": "3367649",
    "commercialArticleNumber": "346240",
    "name": "Lift+superfil.nachtcrème",
    "description": "*NACHTCRèME\n*50ML\n*VOOR ALLE HUIDTYPES",
    "brand": "DIADERMINE",
    "seoBrand": "Diadermine",
    "thumbNail": "https://ecgproductmw.colruytgroup.com/ecgproductmw/noPicForArticle_2.jpg",
    "fullImage": "https://ecgproductmw.colruytgroup.com/ecgproductmw/noPicForArticle_5.jpg",
    "squareImage": "https://ecgproductmw.colruytgroup.com/ecgproductmw/noPicForArticle_5.jpg",
    "content": "50ml",
    "walkRouteSequenceNumber": 15586,
    "price": {
      "basicPrice": 13.65,
      "recommendedQuantity": "1.0",
      "measurementUnitPrice": 273,
      "measurementUnit": "L",
      "isRedPrice": false,
      "pricePerUOM": 273,
      "activationDate": "13-03-2024",
      "recordSource": "Offline",
      "isPromoActive": "N",
      "priceChangeCode": "L"
    },
    "isAvailable": true,
    "isPriceAvailable": true,
    "inPromo": false,
    "gtin": [
      "05410091725556",
      "05412530849090"
    ],
    "topCategoryName": "Lichaamsverzorging/Parfumerie",
    "topCategoryId": "591",
    "businessDomain": "NON_FOOD",
    "IsPrivateLabel": false,
    "IsBiffe": false,
    "IsWeightArticle": false,
    "RecentQuanityOfStockUnits": "1",
    "LongName": "DIADERMINE Lift+superfil.nachtcrème 50ml",
    "IsBio": false,
    "CountryOfOrigin": "BELGIË",
    "FicCode": "N",
    "OrderUnit": "P",
    "ShortName": "DIAD.LIFT+SUPERF.NACHT",
    "IsNew": false
  },
  {
    "productId": "90083",
    "technicalArticleNumber": "2968488",
    "commercialArticleNumber": "282170",
    "name": "Oleo Intense natuurl.blond 7-10",
    "description": "*Natuurlijk blond",
    "brand": "SYOSS",
    "seoBrand": "Syoss",
    "thumbNail": "https://static.colruytgroup.com/images/200x200/std.lang.all/60/90/asset-3226090.jpg",
    "fullImage": "https://static.colruytgroup.com/images/500x500/std.lang.all/60/90/asset-3226090.jpg",
    "squareImage": "https://static.colruytgroup.com/images/500x500sq/std.lang.all/60/90/asset-3226090.jpg",
    "walkRouteSequenceNumber": 15368,
    "price": {
      "basicPrice": 11.39,
      "recommendedQuantity": "1.0",
      "measurementUnitPrice": 11.39,
      "measurementUnit": "S",
      "isRedPrice": false,
      "pricePerUOM": 11.39,
      "activationDate": "26-02-2024",
      "recordSource": "Offline",
      "isPromoActive": "N",
      "priceChangeCode": "H"
    },
    "isAvailable": true,
    "isPriceAvailable": true,
    "inPromo": false,
    "gtin": [
      "05410091702762",
      "05412530805409",
      "05412530805416"
    ],
    "topCategoryName": "Lichaamsverzorging/Parfumerie",
    "topCategoryId": "591",
    "businessDomain": "NON_FOOD",
    "IsPrivateLabel": false,
    "IsBiffe": false,
    "IsWeightArticle": false,
    "RecentQuanityOfStockUnits": "1",
    "LongName": "SYOSS Oleo Intense natuurl.blond 7-10",
    "IsBio": false,
    "CountryOfOrigin": "DUITSLAND",
    "FicCode": "N",
    "OrderUnit": "P",
    "ShortName": "SYOSS OLEO INTENSE 7-10",
    "IsNew": false
  },
  {
    "productId": "5040",
    "technicalArticleNumber": "282828",
    "commercialArticleNumber": "282828",
    "name": "Pneumat.haarborstel 3081",
    "description": "*Everzwijnhaar",
    "brand": "GDD",
    "seoBrand": "Gauthier De Duyck",
    "thumbNail": "https://static.colruytgroup.com/images/200x200/std.lang.all/73/34/asset-387334.jpg",
    "fullImage": "https://static.colruytgroup.com/images/500x500/std.lang.all/73/34/asset-387334.jpg",
    "squareImage": "https://static.colruytgroup.com/images/500x500sq/std.lang.all/73/34/asset-387334.jpg",
    "walkRouteSequenceNumber": 15323,
    "price": {
      "basicPrice": 29.99,
      "recommendedQuantity": "1.0",
      "measurementUnitPrice": 29.99,
      "measurementUnit": "S",
      "isRedPrice": false,
      "pricePerUOM": 29.99,
      "activationDate": "14-11-2022",
      "isPromoActive": "N",
      "priceChangeCode": "E"
    },
    "isAvailable": true,
    "isPriceAvailable": true,
    "inPromo": false,
    "gtin": [
      "05425001928866",
      "15425001928863"
    ],
    "topCategoryName": "Lichaamsverzorging/Parfumerie",
    "topCategoryId": "591",
    "businessDomain": "NON_FOOD",
    "IsPrivateLabel": false,
    "IsBiffe": false,
    "IsWeightArticle": false,
    "RecentQuanityOfStockUnits": "1",
    "LongName": "GDD Pneumat.haarborstel 3081",
    "IsBio": false,
    "CountryOfOrigin": "BELGIË",
    "FicCode": "N",
    "OrderUnit": "P",
    "ShortName": "GDD PNEUMAT.HAARBORSTEL",
    "IsNew": false
  },
  {
    "productId": "824197",
    "technicalArticleNumber": "4660144",
    "commercialArticleNumber": "29814",
    "name": "Style master",
    "description": "*Voor contouren\ntrimmen en bijwerken\n*4D-mesje voor\ngemakkelijke, snelle",
    "brand": "KING C. GILLETTE",
    "seoBrand": "King C. Gillette",
    "thumbNail": "https://static.colruytgroup.com/images/200x200/std.lang.all/07/55/asset-3370755.jpg",
    "fullImage": "https://static.colruytgroup.com/images/500x500/std.lang.all/07/55/asset-3370755.jpg",
    "squareImage": "https://static.colruytgroup.com/images/500x500sq/std.lang.all/07/55/asset-3370755.jpg",
    "walkRouteSequenceNumber": 18181,
    "price": {
      "basicPrice": 45.49,
      "recommendedQuantity": "1.0",
      "quantityPrice": 33.32,
      "quantityPriceQuantity": "3.0",
      "measurementUnitPrice": 45.49,
      "measurementUnitQuantityPrice": 33.32,
      "measurementUnit": "S",
      "isRedPrice": false,
      "pricePerUOM": 45.49,
      "activationDate": "23-03-2024",
      "recordSource": "Online",
      "isPromoActive": "N",
      "priceChangeCode": "E",
      "quantityPricePerUOM": 33.32,
      "quantityActivationDate": "23-03-2024",
      "quantityPriceChangeCode": "E"
    },
    "isAvailable": true,
    "isPriceAvailable": true,
    "inPromo": false,
    "gtin": [
      "07702018602087",
      "07702018602070"
    ],
    "topCategoryName": "Lichaamsverzorging/Parfumerie",
    "topCategoryId": "591",
    "businessDomain": "RETAIL_BE",
    "IsPrivateLabel": false,
    "IsBiffe": false,
    "WeightconversionFactor": "0",
    "IsWeightArticle": false,
    "IsBio": false,
    "CountryOfOrigin": "CHINA (VOLKSREBUPLIEK)",
    "IsExclusivelySoldInLuxembourg": false,
    "OrderUnit": "P",
    "ShortName": "KCG STYLE MASTER 1ST",
    "IsNew": false,
    "RecentQuanityOfStockUnits": "1",
    "LongName": "KING C. GILLETTE Style master",
    "FicCode": "N"
  },
  {
    "productId": "688870",
    "technicalArticleNumber": "4414291",
    "commercialArticleNumber": "10543",
    "name": "deo kick fresh/fr.sens.",
    "description": "*Deospray 48u\n*Assortiment\n-Fresh Kick: met cactuswater\n-Fresh sensation\n*Antibacterieel",
    "brand": "NIVEA MEN",
    "seoBrand": "Nivea",
    "thumbNail": "https://static.colruytgroup.com/images/200x200/std.lang.all/97/50/asset-3249750.jpg",
    "fullImage": "https://static.colruytgroup.com/images/500x500/std.lang.all/97/50/asset-3249750.jpg",
    "squareImage": "https://static.colruytgroup.com/images/500x500sq/std.lang.all/97/50/asset-3249750.jpg",
    "content": "150ml",
    "walkRouteSequenceNumber": 18681,
    "price": {
      "basicPrice": 4.59,
      "recommendedQuantity": "1.0",
      "quantityPrice": 3.12,
      "quantityPriceQuantity": "3.0",
      "measurementUnitPrice": 30.6,
      "measurementUnitQuantityPrice": 20.8,
      "measurementUnit": "L",
      "isRedPrice": false,
      "pricePerUOM": 30.6,
      "activationDate": "22-03-2024",
      "recordSource": "Offline",
      "isPromoActive": "N",
      "priceChangeCode": "E",
      "quantityPricePerUOM": 20.8,
      "quantityActivationDate": "22-03-2024",
      "quantityPriceChangeCode": "E"
    },
    "isAvailable": true,
    "isPriceAvailable": true,
    "inPromo": false,
    "gtin": [
      "04006000011332",
      "04006000011349",
      "15400141618546",
      "65400141777897",
      "04005900840868",
      "04005900856166",
      "04005900840851",
      "04005900856159"
    ],
    "topCategoryName": "Lichaamsverzorging/Parfumerie",
    "topCategoryId": "591",
    "businessDomain": "RETAIL_BE",
    "IsPrivateLabel": false,
    "IsBiffe": false,
    "WeightconversionFactor": "0",
    "IsWeightArticle": false,
    "IsBio": false,
    "CountryOfOrigin": "DUITSLAND",
    "IsExclusivelySoldInLuxembourg": false,
    "OrderUnit": "P",
    "ShortName": "NIVE DEO MEN KICK/FR150",
    "IsNew": false,
    "RecentQuanityOfStockUnits": "2,1,1,1",
    "LongName": "NIVEA MEN deo kick fresh/fr.sens. 150ml",
    "FicCode": "N"
  },
  {
    "productId": "1045226",
    "technicalArticleNumber": "4798033",
    "commercialArticleNumber": "4064",
    "name": "Broekje Normal M",
    "description": "*Voor urineverlies\n*Medisch hulpmiddel",
    "brand": "ALWAYS DISCREET",
    "seoBrand": "Always Discreet",
    "thumbNail": "https://static.colruytgroup.com/images/200x200/nl_be/38/23/asset-3453823.jpg",
    "fullImage": "https://static.colruytgroup.com/images/500x500/nl_be/38/23/asset-3453823.jpg",
    "squareImage": "https://static.colruytgroup.com/images/500x500sq/nl_be/38/23/asset-3453823.jpg",
    "content": "13st",
    "walkRouteSequenceNumber": 14137,
    "price": {
      "basicPrice": 13.49,
      "recommendedQuantity": "1.0",
      "measurementUnitPrice": 1.04,
      "measurementUnit": "S",
      "isRedPrice": false,
      "pricePerUOM": 1.04,
      "activationDate": "13-03-2024",
      "isPromoActive": "N",
      "priceChangeCode": "E"
    },
    "isAvailable": true,
    "isPriceAvailable": true,
    "inPromo": false,
    "gtin": [
      "08700216225007",
      "08700216224987"
    ],
    "topCategoryName": "Lichaamsverzorging/Parfumerie",
    "topCategoryId": "591",
    "businessDomain": "RETAIL_BE",
    "IsPrivateLabel": false,
    "IsBiffe": false,
    "WeightconversionFactor": "0",
    "IsWeightArticle": false,
    "IsBio": false,
    "CountryOfOrigin": "DUITSLAND",
    "IsExclusivelySoldInLuxembourg": false,
    "OrderUnit": "P",
    "ShortName": "ALWA DIS BRK MEDIUM 13S",
    "IsNew": true,
    "RecentQuanityOfStockUnits": "2,1",
    "LongName": "ALWAYS DISCREET Broekje Normal M 13st",
    "AlcoholVolume": "0",
    "FicCode": "N"
  },
  {
    "productId": "20473",
    "technicalArticleNumber": "1903176",
    "commercialArticleNumber": "23535",
    "name": "deo Pearl/Double Effect",
    "description": "*Anti-transpirant\n*2 parfums:\n48u bescherming\n-Pearl & Beauty\n-Double Effect",
    "brand": "NIVEA",
    "seoBrand": "Nivea",
    "thumbNail": "https://static.colruytgroup.com/images/200x200/std.lang.all/72/02/asset-1507202.jpg",
    "fullImage": "https://static.colruytgroup.com/images/500x500/std.lang.all/72/02/asset-1507202.jpg",
    "squareImage": "https://static.colruytgroup.com/images/500x500sq/std.lang.all/72/02/asset-1507202.jpg",
    "content": "150ml",
    "walkRouteSequenceNumber": 14735,
    "price": {
      "basicPrice": 3.29,
      "recommendedQuantity": "1.0",
      "quantityPrice": 2.15,
      "quantityPriceQuantity": "5.0",
      "measurementUnitPrice": 21.94,
      "measurementUnitQuantityPrice": 14.34,
      "measurementUnit": "L",
      "isRedPrice": false,
      "pricePerUOM": 21.94,
      "activationDate": "23-03-2024",
      "recordSource": "Offline",
      "isPromoActive": "N",
      "priceChangeCode": "E",
      "quantityPricePerUOM": 14.34,
      "quantityActivationDate": "23-03-2024",
      "quantityPriceChangeCode": "E"
    },
    "isAvailable": true,
    "isPriceAvailable": true,
    "inPromo": false,
    "gtin": [
      "04005900278876",
      "04005900457608",
      "04005900457615",
      "04005900457646",
      "04005808735402",
      "05400141335354",
      "15400141596233",
      "04005900457653"
    ],
    "topCategoryName": "Lichaamsverzorging/Parfumerie",
    "topCategoryId": "591",
    "businessDomain": "RETAIL_BE",
    "IsPrivateLabel": false,
    "IsBiffe": false,
    "WeightconversionFactor": "0",
    "IsWeightArticle": false,
    "IsBio": false,
    "CountryOfOrigin": "DUITSLAND",
    "IsExclusivelySoldInLuxembourg": false,
    "OrderUnit": "P",
    "ShortName": "NIV.DEO PEARL/DOUBLE150",
    "IsNew": false,
    "RecentQuanityOfStockUnits": "1,1,2",
    "LongName": "NIVEA deo Pearl/Double Effect 150ml",
    "AlcoholVolume": "0",
    "FicCode": "N"
  },
  {
    "productId": "192322",
    "technicalArticleNumber": "3448861",
    "commercialArticleNumber": "346337",
    "name": "Infinia Préférence Brasilia 3",
    "brand": "L'OREAL",
    "seoBrand": "L'Oréal Paris",
    "thumbNail": "https://static.colruytgroup.com/images/200x200/std.lang.all/19/29/asset-3271929.jpg",
    "fullImage": "https://static.colruytgroup.com/images/500x500/std.lang.all/19/29/asset-3271929.jpg",
    "squareImage": "https://static.colruytgroup.com/images/500x500sq/std.lang.all/19/29/asset-3271929.jpg",
    "walkRouteSequenceNumber": 14326,
    "price": {
      "basicPrice": 15.4,
      "recommendedQuantity": "1.0",
      "measurementUnitPrice": 15.4,
      "measurementUnit": "S",
      "isRedPrice": false,
      "pricePerUOM": 15.4,
      "activationDate": "21-03-2024",
      "recordSource": "Offline",
      "isPromoActive": "N",
      "priceChangeCode": "H"
    },
    "isAvailable": true,
    "isPriceAvailable": true,
    "inPromo": false,
    "gtin": [
      "03600523867592",
      "03600523289400",
      "03600523289394",
      "03600523289387"
    ],
    "topCategoryName": "Lichaamsverzorging/Parfumerie",
    "topCategoryId": "591",
    "businessDomain": "NON_FOOD",
    "IsPrivateLabel": false,
    "IsBiffe": false,
    "IsWeightArticle": false,
    "RecentQuanityOfStockUnits": "1",
    "LongName": "L'OREAL Infinia Préférence Brasilia 3",
    "IsBio": false,
    "CountryOfOrigin": "BELGIË",
    "FicCode": "N",
    "OrderUnit": "P",
    "ShortName": "PREF.BRASILIA 03",
    "IsNew": false
  },
  {
    "productId": "284167",
    "technicalArticleNumber": "3661844",
    "commercialArticleNumber": "346811",
    "name": "Color hazelnootbruin 5-8",
    "description": "SYOSS COLOR CREAM\nHAZELNOOTBRUIN 5-8\n115 ML",
    "brand": "SYOSS",
    "seoBrand": "Syoss",
    "thumbNail": "https://static.colruytgroup.com/images/200x200/std.lang.all/21/31/asset-1212131.jpg",
    "fullImage": "https://static.colruytgroup.com/images/500x500/std.lang.all/21/31/asset-1212131.jpg",
    "squareImage": "https://static.colruytgroup.com/images/500x500sq/std.lang.all/21/31/asset-1212131.jpg",
    "walkRouteSequenceNumber": 14997,
    "price": {
      "basicPrice": 8.69,
      "recommendedQuantity": "1.0",
      "measurementUnitPrice": 8.69,
      "measurementUnit": "S",
      "isRedPrice": false,
      "pricePerUOM": 8.69,
      "activationDate": "28-02-2024",
      "recordSource": "Offline",
      "isPromoActive": "N",
      "priceChangeCode": "E"
    },
    "isAvailable": true,
    "isPriceAvailable": true,
    "inPromo": false,
    "gtin": [
      "05410091735593",
      "05412530864437",
      "05412530864420"
    ],
    "topCategoryName": "Lichaamsverzorging/Parfumerie",
    "topCategoryId": "591",
    "businessDomain": "NON_FOOD",
    "IsPrivateLabel": false,
    "IsBiffe": false,
    "IsWeightArticle": false,
    "RecentQuanityOfStockUnits": "1",
    "LongName": "SYOSS Color hazelnootbruin 5-8",
    "IsBio": false,
    "CountryOfOrigin": "BELGIË",
    "FicCode": "N",
    "OrderUnit": "P",
    "ShortName": "SYOSS COL.5-8 HAZELN.BR",
    "IsNew": false
  },
  {
    "productId": "274393",
    "technicalArticleNumber": "3625580",
    "commercialArticleNumber": "346701",
    "name": "Fit Me Matte 220",
    "brand": "MAYBELLINE",
    "seoBrand": "Maybelline",
    "thumbNail": "https://static.colruytgroup.com/images/200x200/std.lang.all/49/66/asset-1124966.jpg",
    "fullImage": "https://static.colruytgroup.com/images/500x500/std.lang.all/49/66/asset-1124966.jpg",
    "squareImage": "https://static.colruytgroup.com/images/500x500sq/std.lang.all/49/66/asset-1124966.jpg",
    "content": "30ml",
    "price": {
      "basicPrice": 9.95,
      "recommendedQuantity": "1.0",
      "measurementUnitPrice": 9.95,
      "measurementUnit": "S",
      "isRedPrice": false,
      "pricePerUOM": 9.95,
      "activationDate": "15-03-2024",
      "recordSource": "Offline",
      "isPromoActive": "N",
      "priceChangeCode": "L"
    },
    "isAvailable": true,
    "isPriceAvailable": true,
    "inPromo": false,
    "gtin": [
      "03600531327019",
      "03600531327002",
      "03600531325183",
      "03600531607814",
      "03600531607821"
    ],
    "topCategoryName": "Lichaamsverzorging/Parfumerie",
    "topCategoryId": "591",
    "businessDomain": "NON_FOOD",
    "IsPrivateLabel": false,
    "IsBiffe": false,
    "IsWeightArticle": false,
    "RecentQuanityOfStockUnits": "1",
    "LongName": "MAYBELLINE Fit Me Matte 220 30ml",
    "IsBio": false,
    "CountryOfOrigin": "BELGIË",
    "FicCode": "N",
    "OrderUnit": "P",
    "ShortName": "MAY.FDT FIT ME 220",
    "IsNew": false
  },
  {
    "productId": "1045232",
    "technicalArticleNumber": "4798039",
    "commercialArticleNumber": "4071",
    "name": "Broekjes Large",
    "description": "*Voor urineverlies\n*Medisch hulpmiddel",
    "brand": "ALWAYS DISCREET",
    "seoBrand": "Always Discreet",
    "thumbNail": "https://ecgproductmw.colruytgroup.com/ecgproductmw/noPicForArticle_2.jpg",
    "fullImage": "https://ecgproductmw.colruytgroup.com/ecgproductmw/noPicForArticle_5.jpg",
    "squareImage": "https://ecgproductmw.colruytgroup.com/ecgproductmw/noPicForArticle_5.jpg",
    "content": "11st",
    "walkRouteSequenceNumber": 14135,
    "price": {
      "basicPrice": 13.49,
      "recommendedQuantity": "1.0",
      "measurementUnitPrice": 1.23,
      "measurementUnit": "S",
      "isRedPrice": false,
      "pricePerUOM": 1.23,
      "activationDate": "21-02-2024",
      "isPromoActive": "N",
      "priceChangeCode": "E"
    },
    "isAvailable": true,
    "isPriceAvailable": true,
    "inPromo": false,
    "gtin": [
      "08700216225021",
      "08700216225014",
      "55400141562595"
    ],
    "topCategoryName": "Lichaamsverzorging/Parfumerie",
    "topCategoryId": "591",
    "businessDomain": "RETAIL_BE",
    "IsPrivateLabel": false,
    "IsBiffe": false,
    "WeightconversionFactor": "0",
    "IsWeightArticle": false,
    "IsBio": false,
    "CountryOfOrigin": "DUITSLAND",
    "IsExclusivelySoldInLuxembourg": false,
    "OrderUnit": "P",
    "ShortName": "ALWA DIS BRK LARGE 11ST",
    "IsNew": true,
    "RecentQuanityOfStockUnits": "2,1",
    "LongName": "ALWAYS DISCREET Broekjes Large 11st",
    "AlcoholVolume": "0",
    "FicCode": "N"
  },
  {
    "productId": "847486",
    "technicalArticleNumber": "4693889",
    "commercialArticleNumber": "19590",
    "name": "mesjes",
    "description": "*Navulling voor Labs\nscheerapparaat\n*12 stuks",
    "brand": "GILLETTE LABS",
    "seoBrand": "Gillette Labs",
    "thumbNail": "https://static.colruytgroup.com/images/200x200/std.lang.all/10/75/asset-3211075.jpg",
    "fullImage": "https://static.colruytgroup.com/images/500x500/std.lang.all/10/75/asset-3211075.jpg",
    "squareImage": "https://static.colruytgroup.com/images/500x500sq/std.lang.all/10/75/asset-3211075.jpg",
    "content": "12st",
    "walkRouteSequenceNumber": 18171,
    "price": {
      "basicPrice": 71.1,
      "recommendedQuantity": "1.0",
      "measurementUnitPrice": 5.93,
      "measurementUnit": "S",
      "isRedPrice": false,
      "pricePerUOM": 5.93,
      "activationDate": "12-03-2024",
      "recordSource": "Folder",
      "isPromoActive": "N",
      "priceChangeCode": "H"
    },
    "isAvailable": true,
    "isPriceAvailable": true,
    "inPromo": true,
    "promotion": [
      {
        "techPromoId": "001977COLR",
        "promotionId": "001977",
        "promotionType": "3",
        "isPersonalized": "N",
        "publicationStartDate": "01-03-2024",
        "publicationEndDate": "31-03-2024"
      }
    ],
    "gtin": [
      "08006540831731",
      "08006540831748"
    ],
    "topCategoryName": "Lichaamsverzorging/Parfumerie",
    "topCategoryId": "591",
    "businessDomain": "RETAIL_BE",
    "IsPrivateLabel": false,
    "IsBiffe": false,
    "WeightconversionFactor": "0",
    "IsWeightArticle": false,
    "IsBio": false,
    "CountryOfOrigin": "VERENIGDE STATEN VAN AMERIKA",
    "IsExclusivelySoldInLuxembourg": false,
    "OrderUnit": "P",
    "ShortName": "GILL.LABS.EXFOL. 12ST",
    "IsNew": false,
    "RecentQuanityOfStockUnits": "1",
    "LongName": "GILLETTE LABS mesjes 12st",
    "FicCode": "N"
  },
  {
    "productId": "91201",
    "technicalArticleNumber": "2911433",
    "commercialArticleNumber": "952665",
    "name": "Ronde haarborst.3303 diam.19/45mm",
    "brand": "GDD",
    "seoBrand": "Gauthier De Duyck",
    "thumbNail": "https://static.colruytgroup.com/images/200x200/std.lang.all/73/75/asset-347375.jpg",
    "fullImage": "https://static.colruytgroup.com/images/500x500/std.lang.all/73/75/asset-347375.jpg",
    "squareImage": "https://static.colruytgroup.com/images/500x500sq/std.lang.all/73/75/asset-347375.jpg",
    "walkRouteSequenceNumber": 15326,
    "price": {
      "basicPrice": 16.6,
      "recommendedQuantity": "1.0",
      "measurementUnitPrice": 16.6,
      "measurementUnit": "S",
      "isRedPrice": false,
      "pricePerUOM": 16.6,
      "activationDate": "07-10-2022",
      "isPromoActive": "N",
      "priceChangeCode": "E"
    },
    "isAvailable": true,
    "isPriceAvailable": true,
    "inPromo": false,
    "gtin": [
      "05425001923472",
      "15425001923479"
    ],
    "topCategoryName": "Lichaamsverzorging/Parfumerie",
    "topCategoryId": "591",
    "businessDomain": "NON_FOOD",
    "IsPrivateLabel": false,
    "IsBiffe": false,
    "IsWeightArticle": false,
    "RecentQuanityOfStockUnits": "1",
    "LongName": "GDD Ronde haarborst.3303 diam.19/45mm",
    "IsBio": false,
    "CountryOfOrigin": "BELGIË",
    "FicCode": "N",
    "OrderUnit": "P",
    "ShortName": "GDD.RONDE HAARB 19/45MM",
    "IsNew": false
  },
  {
    "productId": "104170",
    "technicalArticleNumber": "3116290",
    "commercialArticleNumber": "282521",
    "name": "borstel you",
    "description": "BABYLISS\nBORSTEL YOU",
    "brand": "BABYLISS",
    "seoBrand": "Babyliss",
    "thumbNail": "https://static.colruytgroup.com/images/200x200/std.lang.all/84/47/asset-1018447.jpg",
    "fullImage": "https://static.colruytgroup.com/images/500x500/std.lang.all/84/47/asset-1018447.jpg",
    "squareImage": "https://static.colruytgroup.com/images/500x500sq/std.lang.all/84/47/asset-1018447.jpg",
    "price": {
      "basicPrice": 9.99,
      "recommendedQuantity": "1.0",
      "measurementUnitPrice": 9.99,
      "measurementUnit": "S",
      "isRedPrice": false,
      "pricePerUOM": 9.99,
      "activationDate": "19-03-2024",
      "recordSource": "Offline",
      "isPromoActive": "N",
      "priceChangeCode": "L"
    },
    "isAvailable": true,
    "isPriceAvailable": true,
    "inPromo": false,
    "gtin": [
      "83030057761626",
      "03030057761620",
      "03030057918697",
      "73030057761629"
    ],
    "topCategoryName": "Lichaamsverzorging/Parfumerie",
    "topCategoryId": "591",
    "businessDomain": "NON_FOOD",
    "IsPrivateLabel": false,
    "IsBiffe": false,
    "IsWeightArticle": false,
    "RecentQuanityOfStockUnits": "1",
    "LongName": "BABYLISS borstel you",
    "IsBio": false,
    "CountryOfOrigin": "BELGIË",
    "FicCode": "N",
    "OrderUnit": "P",
    "ShortName": "BABYLISS BORSTEL YOU",
    "IsNew": false
  },
  {
    "productId": "348404",
    "technicalArticleNumber": "3864692",
    "commercialArticleNumber": "10927",
    "name": "deo 0% Fresh Pure/comf",
    "description": "*Deodorant\n*Parfum:\n-Fresh Pure\n-Comfort",
    "brand": "NIVEA",
    "seoBrand": "Nivea",
    "thumbNail": "https://static.colruytgroup.com/images/200x200/std.lang.all/23/43/asset-1582343.jpg",
    "fullImage": "https://static.colruytgroup.com/images/500x500/std.lang.all/23/43/asset-1582343.jpg",
    "squareImage": "https://static.colruytgroup.com/images/500x500sq/std.lang.all/23/43/asset-1582343.jpg",
    "content": "150ml",
    "walkRouteSequenceNumber": 14740,
    "price": {
      "basicPrice": 4.05,
      "recommendedQuantity": "1.0",
      "measurementUnitPrice": 27,
      "measurementUnit": "L",
      "isRedPrice": false,
      "pricePerUOM": 27,
      "activationDate": "20-03-2024",
      "recordSource": "Offline",
      "isPromoActive": "N",
      "priceChangeCode": "H"
    },
    "isAvailable": true,
    "isPriceAvailable": true,
    "inPromo": false,
    "gtin": [
      "04005900457349",
      "04005900457332",
      "05400141237801",
      "15400141596325",
      "04005800219795",
      "04005800219801"
    ],
    "topCategoryName": "Lichaamsverzorging/Parfumerie",
    "topCategoryId": "591",
    "businessDomain": "RETAIL_BE",
    "IsPrivateLabel": false,
    "IsBiffe": false,
    "WeightconversionFactor": "0",
    "IsWeightArticle": false,
    "IsBio": false,
    "CountryOfOrigin": "DUITSLAND",
    "IsExclusivelySoldInLuxembourg": false,
    "OrderUnit": "P",
    "ShortName": "NIVE DEO 0% PURE/COM150",
    "IsNew": false,
    "RecentQuanityOfStockUnits": "1,1,2",
    "LongName": "NIVEA deo 0% Fresh Pure/comf 150ml",
    "AlcoholVolume": "0",
    "FicCode": "N"
  },
  {
    "productId": "221655",
    "technicalArticleNumber": "3491634",
    "commercialArticleNumber": "346452",
    "name": "Casting Crème Glossy blond 1010",
    "brand": "L'OREAL",
    "seoBrand": "L'Oréal Paris",
    "thumbNail": "https://static.colruytgroup.com/images/200x200/std.lang.all/20/61/asset-3272061.jpg",
    "fullImage": "https://static.colruytgroup.com/images/500x500/std.lang.all/20/61/asset-3272061.jpg",
    "squareImage": "https://static.colruytgroup.com/images/500x500sq/std.lang.all/20/61/asset-3272061.jpg",
    "walkRouteSequenceNumber": 15435,
    "price": {
      "basicPrice": 9,
      "recommendedQuantity": "1.0",
      "measurementUnitPrice": 9,
      "measurementUnit": "S",
      "isRedPrice": false,
      "pricePerUOM": 9,
      "activationDate": "23-03-2024",
      "recordSource": "Folder",
      "isPromoActive": "N",
      "priceChangeCode": "E"
    },
    "isAvailable": true,
    "isPriceAvailable": true,
    "inPromo": false,
    "gtin": [
      "03600523840724",
      "03600521833445",
      "03600521832301",
      "03600521831021"
    ],
    "topCategoryName": "Lichaamsverzorging/Parfumerie",
    "topCategoryId": "591",
    "businessDomain": "NON_FOOD",
    "IsPrivateLabel": false,
    "IsBiffe": false,
    "IsWeightArticle": false,
    "RecentQuanityOfStockUnits": "1",
    "LongName": "L'OREAL Casting Crème Glossy blond 1010",
    "IsBio": false,
    "CountryOfOrigin": "BELGIË",
    "FicCode": "N",
    "OrderUnit": "P",
    "ShortName": "CASTING CREME NR 1010",
    "IsNew": false
  },
  {
    "productId": "136395",
    "technicalArticleNumber": "3175787",
    "commercialArticleNumber": "282614",
    "name": "Expert reinigingsdoekjes",
    "description": "*Reinigingsdoekjes\n*Alle huidtypen",
    "brand": "DEMAK'UP",
    "seoBrand": "Demak'Up",
    "thumbNail": "https://static.colruytgroup.com/images/200x200/std.lang.all/11/81/asset-1021181.jpg",
    "fullImage": "https://static.colruytgroup.com/images/500x500/std.lang.all/11/81/asset-1021181.jpg",
    "squareImage": "https://static.colruytgroup.com/images/500x500sq/std.lang.all/11/81/asset-1021181.jpg",
    "content": "23st",
    "walkRouteSequenceNumber": 15711,
    "price": {
      "basicPrice": 4.49,
      "recommendedQuantity": "1.0",
      "measurementUnitPrice": 0.196,
      "measurementUnit": "S",
      "isRedPrice": false,
      "pricePerUOM": 0.196,
      "activationDate": "11-01-2024",
      "recordSource": "Offline",
      "isPromoActive": "N",
      "priceChangeCode": "H"
    },
    "isAvailable": true,
    "isPriceAvailable": true,
    "inPromo": false,
    "gtin": [
      "03133200091633",
      "03133200091640"
    ],
    "topCategoryName": "Lichaamsverzorging/Parfumerie",
    "topCategoryId": "591",
    "businessDomain": "NON_FOOD",
    "IsPrivateLabel": false,
    "IsBiffe": false,
    "IsWeightArticle": false,
    "RecentQuanityOfStockUnits": "1",
    "LongName": "DEMAK'UP Expert reinigingsdoekjes 23st",
    "IsBio": false,
    "CountryOfOrigin": "BELGIË",
    "FicCode": "N",
    "OrderUnit": "P",
    "ShortName": "DEMAKUP EXPERT WIPES",
    "IsNew": false
  },
  {
    "productId": "552878",
    "technicalArticleNumber": "4185006",
    "commercialArticleNumber": "13185",
    "name": "douche gel Hawai/Lemon",
    "description": "*Douchegel\n*Assorti:\n-Hawaii Flower & Oil\n-Lemongrass & Oil",
    "brand": "NIVEA",
    "seoBrand": "Nivea",
    "thumbNail": "https://static.colruytgroup.com/images/200x200/std.lang.all/06/83/asset-1900683.jpg",
    "fullImage": "https://static.colruytgroup.com/images/500x500/std.lang.all/06/83/asset-1900683.jpg",
    "squareImage": "https://static.colruytgroup.com/images/500x500sq/std.lang.all/06/83/asset-1900683.jpg",
    "content": "500ml",
    "walkRouteSequenceNumber": 14614,
    "price": {
      "basicPrice": 4.52,
      "recommendedQuantity": "1.0",
      "quantityPrice": 4.18,
      "quantityPriceQuantity": "2.0",
      "measurementUnitPrice": 9.04,
      "measurementUnitQuantityPrice": 8.36,
      "measurementUnit": "L",
      "isRedPrice": false,
      "pricePerUOM": 9.04,
      "activationDate": "23-03-2024",
      "recordSource": "Folder",
      "isPromoActive": "N",
      "priceChangeCode": "E",
      "quantityPricePerUOM": 8.36,
      "quantityActivationDate": "23-03-2024",
      "quantityPriceChangeCode": "E"
    },
    "isAvailable": true,
    "isPriceAvailable": true,
    "inPromo": false,
    "gtin": [
      "04006000044583",
      "09005801179451",
      "09005800307503",
      "09005800307510",
      "45400141312483",
      "09005808010979",
      "09005808010962",
      "09005801179437",
      "04006000044576",
      "04006000044590",
      "04006000044606",
      "04006000044620"
    ],
    "topCategoryName": "Lichaamsverzorging/Parfumerie",
    "topCategoryId": "591",
    "businessDomain": "RETAIL_BE",
    "IsPrivateLabel": false,
    "IsBiffe": false,
    "WeightconversionFactor": "0",
    "IsWeightArticle": false,
    "IsBio": false,
    "CountryOfOrigin": "DUITSLAND",
    "IsExclusivelySoldInLuxembourg": false,
    "OrderUnit": "P",
    "ShortName": "NIVE DCH HAWAI/LEMON500",
    "IsNew": false,
    "RecentQuanityOfStockUnits": "1,2,1,1,1",
    "LongName": "NIVEA douche gel Hawai/Lemon 500ml",
    "FicCode": "N"
  },
  {
    "productId": "53010",
    "technicalArticleNumber": "2346332",
    "commercialArticleNumber": "25196",
    "name": "handzeep blok creme soft",
    "description": "*2 parfums:\n-Creme Care\n-Creme Soft",
    "brand": "NIVEA",
    "seoBrand": "Nivea",
    "thumbNail": "https://static.colruytgroup.com/images/200x200/std.lang.all/07/31/asset-720731.jpg",
    "fullImage": "https://static.colruytgroup.com/images/500x500/std.lang.all/07/31/asset-720731.jpg",
    "squareImage": "https://static.colruytgroup.com/images/500x500sq/std.lang.all/07/31/asset-720731.jpg",
    "content": "100g",
    "walkRouteSequenceNumber": 18673,
    "price": {
      "basicPrice": 1.89,
      "recommendedQuantity": "1.0",
      "measurementUnitPrice": 18.9,
      "measurementUnit": "K",
      "isRedPrice": false,
      "pricePerUOM": 18.9,
      "activationDate": "27-02-2024",
      "isPromoActive": "N",
      "priceChangeCode": "E"
    },
    "isAvailable": true,
    "isPriceAvailable": true,
    "inPromo": false,
    "gtin": [
      "05400141137804",
      "04005808530434",
      "04005900217943",
      "04005808135318",
      "04005900217950",
      "04005808530441",
      "04005900217936"
    ],
    "topCategoryName": "Lichaamsverzorging/Parfumerie",
    "topCategoryId": "591",
    "businessDomain": "RETAIL_BE",
    "IsPrivateLabel": false,
    "IsBiffe": false,
    "WeightconversionFactor": "0",
    "IsWeightArticle": false,
    "IsBio": false,
    "CountryOfOrigin": "DUITSLAND",
    "IsExclusivelySoldInLuxembourg": false,
    "OrderUnit": "P",
    "ShortName": "NIV.ZEEP SOFT/CARE 100G",
    "IsNew": false,
    "RecentQuanityOfStockUnits": "3,1,1",
    "LongName": "NIVEA handzeep blok creme soft 100g",
    "AlcoholVolume": "0",
    "FicCode": "N"
  },
  {
    "productId": "269486",
    "technicalArticleNumber": "3626366",
    "commercialArticleNumber": "346705",
    "name": "Expert Fondamental dag",
    "brand": "DIADERMINE",
    "seoBrand": "Diadermine",
    "thumbNail": "https://ecgproductmw.colruytgroup.com/ecgproductmw/noPicForArticle_2.jpg",
    "fullImage": "https://ecgproductmw.colruytgroup.com/ecgproductmw/noPicForArticle_5.jpg",
    "squareImage": "https://ecgproductmw.colruytgroup.com/ecgproductmw/noPicForArticle_5.jpg",
    "content": "50ml",
    "walkRouteSequenceNumber": 15593,
    "price": {
      "basicPrice": 14.19,
      "recommendedQuantity": "1.0",
      "measurementUnitPrice": 283.8,
      "measurementUnit": "L",
      "isRedPrice": false,
      "pricePerUOM": 283.8,
      "activationDate": "22-03-2024",
      "recordSource": "Offline",
      "isPromoActive": "N",
      "priceChangeCode": "L"
    },
    "isAvailable": true,
    "isPriceAvailable": true,
    "inPromo": false,
    "gtin": [
      "05410091734107",
      "05412530861795"
    ],
    "topCategoryName": "Lichaamsverzorging/Parfumerie",
    "topCategoryId": "591",
    "businessDomain": "NON_FOOD",
    "IsPrivateLabel": false,
    "IsBiffe": false,
    "IsWeightArticle": false,
    "RecentQuanityOfStockUnits": "1",
    "LongName": "DIADERMINE Expert Fondamental dag 50ml",
    "IsBio": false,
    "CountryOfOrigin": "BELGIË",
    "FicCode": "N",
    "OrderUnit": "P",
    "ShortName": "DIAD.EXP.FOND.DAG 50ML",
    "IsNew": false
  },
  {
    "productId": "146354",
    "technicalArticleNumber": "3328811",
    "commercialArticleNumber": "282990",
    "name": "belle color 6.4 cuivré",
    "brand": "GARNIER",
    "seoBrand": "Garnier",
    "thumbNail": "https://static.colruytgroup.com/images/200x200/std.lang.all/17/82/asset-3271782.jpg",
    "fullImage": "https://static.colruytgroup.com/images/500x500/std.lang.all/17/82/asset-3271782.jpg",
    "squareImage": "https://static.colruytgroup.com/images/500x500sq/std.lang.all/17/82/asset-3271782.jpg",
    "walkRouteSequenceNumber": 15418,
    "price": {
      "basicPrice": 5.24,
      "recommendedQuantity": "1.0",
      "measurementUnitPrice": 5.24,
      "measurementUnit": "S",
      "isRedPrice": false,
      "pricePerUOM": 5.24,
      "activationDate": "23-03-2024",
      "recordSource": "Folder",
      "isPromoActive": "N",
      "priceChangeCode": "L"
    },
    "isAvailable": true,
    "isPriceAvailable": true,
    "inPromo": false,
    "gtin": [
      "03600542351737",
      "03600541867543",
      "03600541867536",
      "03600540976550",
      "03600540975492",
      "03600540974433"
    ],
    "topCategoryName": "Lichaamsverzorging/Parfumerie",
    "topCategoryId": "591",
    "businessDomain": "NON_FOOD",
    "IsPrivateLabel": false,
    "IsBiffe": false,
    "IsWeightArticle": false,
    "RecentQuanityOfStockUnits": "1",
    "LongName": "GARNIER belle color 6.4 cuivré",
    "IsBio": false,
    "CountryOfOrigin": "BELGIË",
    "FicCode": "N",
    "OrderUnit": "P",
    "ShortName": "BELLE COLOR NR 6.4",
    "IsNew": false
  },
  {
    "productId": "261438",
    "technicalArticleNumber": "3600948",
    "commercialArticleNumber": "346233",
    "name": "oorspray Docuspray",
    "brand": "QUIES",
    "seoBrand": "Quies",
    "thumbNail": "https://static.colruytgroup.com/images/200x200/std.lang.all/66/02/asset-2646602.jpg",
    "fullImage": "https://static.colruytgroup.com/images/500x500/std.lang.all/66/02/asset-2646602.jpg",
    "squareImage": "https://static.colruytgroup.com/images/500x500sq/std.lang.all/66/02/asset-2646602.jpg",
    "content": "100ml",
    "walkRouteSequenceNumber": 14015,
    "price": {
      "basicPrice": 17.84,
      "recommendedQuantity": "1.0",
      "measurementUnitPrice": 17.84,
      "measurementUnit": "S",
      "isRedPrice": false,
      "pricePerUOM": 17.84,
      "activationDate": "26-01-2024",
      "recordSource": "Online",
      "isPromoActive": "N",
      "priceChangeCode": "L"
    },
    "isAvailable": true,
    "isPriceAvailable": true,
    "inPromo": false,
    "gtin": [
      "03435171413040",
      "03435171413064",
      "03435171410001"
    ],
    "topCategoryName": "Lichaamsverzorging/Parfumerie",
    "topCategoryId": "591",
    "businessDomain": "NON_FOOD",
    "IsPrivateLabel": false,
    "IsBiffe": false,
    "IsWeightArticle": false,
    "RecentQuanityOfStockUnits": "1",
    "LongName": "QUIES oorspray Docuspray 100ml",
    "IsBio": false,
    "CountryOfOrigin": "FRANKRIJK",
    "FicCode": "N",
    "OrderUnit": "P",
    "ShortName": "QUIES OORSPRAY 100ML",
    "IsNew": false
  },
  {
    "productId": "153975",
    "technicalArticleNumber": "3289412",
    "commercialArticleNumber": "282895",
    "name": "Accord Parfait poeder N4",
    "brand": "L'OREAL",
    "seoBrand": "L'Oréal Paris",
    "thumbNail": "https://static.colruytgroup.com/images/200x200/std.lang.all/42/56/asset-574256.jpg",
    "fullImage": "https://static.colruytgroup.com/images/500x500/std.lang.all/42/56/asset-574256.jpg",
    "squareImage": "https://static.colruytgroup.com/images/500x500sq/std.lang.all/42/56/asset-574256.jpg",
    "walkRouteSequenceNumber": 15662,
    "price": {
      "basicPrice": 12.74,
      "recommendedQuantity": "1.0",
      "measurementUnitPrice": 12.74,
      "measurementUnit": "S",
      "isRedPrice": false,
      "pricePerUOM": 12.74,
      "activationDate": "23-03-2024",
      "recordSource": "Folder",
      "isPromoActive": "N",
      "priceChangeCode": "E"
    },
    "isAvailable": true,
    "isPriceAvailable": true,
    "inPromo": false,
    "gtin": [
      "03600520933313",
      "03600520933290",
      "03600520933337"
    ],
    "topCategoryName": "Lichaamsverzorging/Parfumerie",
    "topCategoryId": "591",
    "businessDomain": "NON_FOOD",
    "IsPrivateLabel": false,
    "IsBiffe": false,
    "IsWeightArticle": false,
    "RecentQuanityOfStockUnits": "1",
    "LongName": "L'OREAL Accord Parfait poeder N4",
    "IsBio": false,
    "CountryOfOrigin": "BELGIË",
    "FicCode": "N",
    "OrderUnit": "P",
    "ShortName": "LOR.ACC.PARF.POEDER N4",
    "IsNew": false
  },
  {
    "productId": "212740",
    "technicalArticleNumber": "3517688",
    "commercialArticleNumber": "346542",
    "name": "truffelbruin 700",
    "brand": "POLY PALETTE",
    "seoBrand": "Poly Palette",
    "thumbNail": "https://static.colruytgroup.com/images/200x200/std.lang.all/26/11/asset-1202611.jpg",
    "fullImage": "https://static.colruytgroup.com/images/500x500/std.lang.all/26/11/asset-1202611.jpg",
    "squareImage": "https://static.colruytgroup.com/images/500x500sq/std.lang.all/26/11/asset-1202611.jpg",
    "walkRouteSequenceNumber": 15444,
    "price": {
      "basicPrice": 5.19,
      "recommendedQuantity": "1.0",
      "measurementUnitPrice": 5.19,
      "measurementUnit": "S",
      "isRedPrice": false,
      "pricePerUOM": 5.19,
      "activationDate": "01-03-2024",
      "recordSource": "Offline",
      "isPromoActive": "N",
      "priceChangeCode": "L"
    },
    "isAvailable": true,
    "isPriceAvailable": true,
    "inPromo": false,
    "gtin": [
      "05410091728397",
      "05412530849496",
      "05412530849502"
    ],
    "topCategoryName": "Lichaamsverzorging/Parfumerie",
    "topCategoryId": "591",
    "businessDomain": "NON_FOOD",
    "IsPrivateLabel": false,
    "IsBiffe": false,
    "IsWeightArticle": false,
    "RecentQuanityOfStockUnits": "1",
    "LongName": "POLY PALETTE truffelbruin 700",
    "IsBio": false,
    "CountryOfOrigin": "BELGIË",
    "FicCode": "N",
    "OrderUnit": "P",
    "ShortName": "PALETTE TRUFFEL BR.700",
    "IsNew": false
  },
  {
    "productId": "589114",
    "technicalArticleNumber": "4246584",
    "commercialArticleNumber": "282310",
    "name": "Cellular Cushion light",
    "description": "*15ml",
    "brand": "NIVEA",
    "seoBrand": "Nivea",
    "thumbNail": "https://static.colruytgroup.com/images/200x200/std.lang.all/64/96/asset-2046496.jpg",
    "fullImage": "https://static.colruytgroup.com/images/500x500/std.lang.all/64/96/asset-2046496.jpg",
    "squareImage": "https://static.colruytgroup.com/images/500x500sq/std.lang.all/64/96/asset-2046496.jpg",
    "content": "15g",
    "walkRouteSequenceNumber": 15820,
    "price": {
      "basicPrice": 23.19,
      "recommendedQuantity": "1.0",
      "measurementUnitPrice": 1546,
      "measurementUnit": "L",
      "isRedPrice": false,
      "pricePerUOM": 1546,
      "activationDate": "11-03-2024",
      "recordSource": "Offline",
      "isPromoActive": "N",
      "priceChangeCode": "H"
    },
    "isAvailable": true,
    "isPriceAvailable": true,
    "inPromo": false,
    "gtin": [
      "04005900456427",
      "04005900456410"
    ],
    "topCategoryName": "Lichaamsverzorging/Parfumerie",
    "topCategoryId": "591",
    "businessDomain": "NON_FOOD",
    "IsPrivateLabel": false,
    "IsBiffe": false,
    "IsWeightArticle": false,
    "RecentQuanityOfStockUnits": "1",
    "LongName": "NIVEA Cellular Cushion light 15g",
    "IsBio": false,
    "CountryOfOrigin": "BELGIË",
    "FicCode": "N",
    "OrderUnit": "P",
    "ShortName": "NIV.CUSH.CELL.LIGHT 15G",
    "IsNew": false
  },
  {
    "productId": "147721",
    "technicalArticleNumber": "3328961",
    "commercialArticleNumber": "346029",
    "name": "olia 8.0 blond",
    "description": "OLIA 8.0\nBLOND\n237223",
    "brand": "GARNIER",
    "seoBrand": "Garnier",
    "thumbNail": "https://static.colruytgroup.com/images/200x200/std.lang.all/17/06/asset-3271706.jpg",
    "fullImage": "https://static.colruytgroup.com/images/500x500/std.lang.all/17/06/asset-3271706.jpg",
    "squareImage": "https://static.colruytgroup.com/images/500x500sq/std.lang.all/17/06/asset-3271706.jpg",
    "walkRouteSequenceNumber": 15395,
    "price": {
      "basicPrice": 11.39,
      "recommendedQuantity": "1.0",
      "measurementUnitPrice": 11.39,
      "measurementUnit": "S",
      "isRedPrice": false,
      "pricePerUOM": 11.39,
      "activationDate": "05-03-2024",
      "recordSource": "Offline",
      "isPromoActive": "N",
      "priceChangeCode": "E"
    },
    "isAvailable": true,
    "isPriceAvailable": true,
    "inPromo": false,
    "gtin": [
      "03600542490511",
      "03600542490528",
      "03600542347716",
      "03600541237254",
      "03600541237261",
      "03600541237223"
    ],
    "topCategoryName": "Lichaamsverzorging/Parfumerie",
    "topCategoryId": "591",
    "businessDomain": "NON_FOOD",
    "IsPrivateLabel": false,
    "IsBiffe": false,
    "IsWeightArticle": false,
    "RecentQuanityOfStockUnits": "1",
    "LongName": "GARNIER olia 8.0 blond",
    "IsBio": false,
    "CountryOfOrigin": "BELGIË",
    "FicCode": "N",
    "OrderUnit": "P",
    "ShortName": "OLIA COLOR 8.0 BLOND",
    "IsNew": false
  },
  {
    "productId": "23429",
    "technicalArticleNumber": "1886170",
    "commercialArticleNumber": "720594",
    "name": "Excellence licht nat. blond 01",
    "brand": "L'OREAL",
    "seoBrand": "L'Oréal Paris",
    "thumbNail": "https://static.colruytgroup.com/images/200x200/std.lang.all/16/87/asset-3271687.jpg",
    "fullImage": "https://static.colruytgroup.com/images/500x500/std.lang.all/16/87/asset-3271687.jpg",
    "squareImage": "https://static.colruytgroup.com/images/500x500sq/std.lang.all/16/87/asset-3271687.jpg",
    "walkRouteSequenceNumber": 15381,
    "price": {
      "basicPrice": 10.49,
      "recommendedQuantity": "1.0",
      "measurementUnitPrice": 10.49,
      "measurementUnit": "S",
      "isRedPrice": false,
      "pricePerUOM": 10.49,
      "activationDate": "23-03-2024",
      "recordSource": "Folder",
      "isPromoActive": "N",
      "priceChangeCode": "E"
    },
    "isAvailable": true,
    "isPriceAvailable": true,
    "inPromo": false,
    "gtin": [
      "03600521186947",
      "03600523851638",
      "25410103396495",
      "05410103396491"
    ],
    "topCategoryName": "Lichaamsverzorging/Parfumerie",
    "topCategoryId": "591",
    "businessDomain": "NON_FOOD",
    "IsPrivateLabel": false,
    "IsBiffe": false,
    "IsWeightArticle": false,
    "RecentQuanityOfStockUnits": "1",
    "LongName": "L'OREAL Excellence licht nat. blond 01",
    "IsBio": false,
    "CountryOfOrigin": "BELGIË",
    "FicCode": "N",
    "OrderUnit": "P",
    "ShortName": "EXCELLENCE NR 01",
    "IsNew": false
  },
  {
    "productId": "274392",
    "technicalArticleNumber": "3625579",
    "commercialArticleNumber": "346700",
    "name": "Fit Me Matte 130",
    "brand": "MAYBELLINE",
    "seoBrand": "Maybelline",
    "thumbNail": "https://static.colruytgroup.com/images/200x200/std.lang.all/87/79/asset-1118779.jpg",
    "fullImage": "https://static.colruytgroup.com/images/500x500/std.lang.all/87/79/asset-1118779.jpg",
    "squareImage": "https://static.colruytgroup.com/images/500x500sq/std.lang.all/87/79/asset-1118779.jpg",
    "content": "30ml",
    "price": {
      "basicPrice": 9.95,
      "recommendedQuantity": "1.0",
      "measurementUnitPrice": 9.95,
      "measurementUnit": "S",
      "isRedPrice": false,
      "pricePerUOM": 9.95,
      "activationDate": "15-03-2024",
      "recordSource": "Offline",
      "isPromoActive": "N",
      "priceChangeCode": "L"
    },
    "isAvailable": true,
    "isPriceAvailable": true,
    "inPromo": false,
    "gtin": [
      "03600531607746",
      "03600531326975",
      "03600531607739",
      "03600531325176",
      "03600531326968"
    ],
    "topCategoryName": "Lichaamsverzorging/Parfumerie",
    "topCategoryId": "591",
    "businessDomain": "NON_FOOD",
    "IsPrivateLabel": false,
    "IsBiffe": false,
    "IsWeightArticle": false,
    "RecentQuanityOfStockUnits": "1",
    "LongName": "MAYBELLINE Fit Me Matte 130 30ml",
    "IsBio": false,
    "CountryOfOrigin": "BELGIË",
    "FicCode": "N",
    "OrderUnit": "P",
    "ShortName": "MAY.FDT FIT ME 130",
    "IsNew": false
  },
  {
    "productId": "309749",
    "technicalArticleNumber": "3729916",
    "commercialArticleNumber": "282269",
    "name": "VFM 850 Mokka Bruin",
    "brand": "POLY PALETTE",
    "seoBrand": "Poly Palette",
    "thumbNail": "https://static.colruytgroup.com/images/200x200/std.lang.all/72/84/asset-1397284.jpg",
    "fullImage": "https://static.colruytgroup.com/images/500x500/std.lang.all/72/84/asset-1397284.jpg",
    "squareImage": "https://static.colruytgroup.com/images/500x500sq/std.lang.all/72/84/asset-1397284.jpg",
    "walkRouteSequenceNumber": 15437,
    "price": {
      "basicPrice": 5.19,
      "recommendedQuantity": "1.0",
      "measurementUnitPrice": 5.19,
      "measurementUnit": "S",
      "isRedPrice": false,
      "pricePerUOM": 5.19,
      "activationDate": "01-03-2024",
      "recordSource": "Offline",
      "isPromoActive": "N",
      "priceChangeCode": "L"
    },
    "isAvailable": true,
    "isPriceAvailable": true,
    "inPromo": false,
    "gtin": [
      "05412530834300",
      "05412530834294",
      "04053158925684",
      "05410091719937"
    ],
    "topCategoryName": "Lichaamsverzorging/Parfumerie",
    "topCategoryId": "591",
    "businessDomain": "NON_FOOD",
    "IsPrivateLabel": false,
    "IsBiffe": false,
    "IsWeightArticle": false,
    "RecentQuanityOfStockUnits": "1",
    "LongName": "POLY PALETTE VFM 850 Mokka Bruin",
    "IsBio": false,
    "CountryOfOrigin": "BELGIË",
    "FicCode": "N",
    "OrderUnit": "P",
    "ShortName": "PALETTE MOKKA BRUIN 850",
    "IsNew": false
  },
  {
    "productId": "17262",
    "technicalArticleNumber": "1730788",
    "commercialArticleNumber": "720124",
    "name": "Casting Crème Gloss mahonie 550",
    "brand": "L'OREAL",
    "seoBrand": "L'Oréal Paris",
    "thumbNail": "https://static.colruytgroup.com/images/200x200/std.lang.all/20/48/asset-3272048.jpg",
    "fullImage": "https://static.colruytgroup.com/images/500x500/std.lang.all/20/48/asset-3272048.jpg",
    "squareImage": "https://static.colruytgroup.com/images/500x500sq/std.lang.all/20/48/asset-3272048.jpg",
    "walkRouteSequenceNumber": 15450,
    "price": {
      "basicPrice": 9,
      "recommendedQuantity": "1.0",
      "measurementUnitPrice": 9,
      "measurementUnit": "S",
      "isRedPrice": false,
      "pricePerUOM": 9,
      "activationDate": "23-03-2024",
      "recordSource": "Folder",
      "isPromoActive": "N",
      "priceChangeCode": "E"
    },
    "isAvailable": true,
    "isPriceAvailable": true,
    "inPromo": false,
    "gtin": [
      "03600520985701",
      "03600520985183",
      "03600520985442",
      "03600523835621"
    ],
    "topCategoryName": "Lichaamsverzorging/Parfumerie",
    "topCategoryId": "591",
    "businessDomain": "NON_FOOD",
    "IsPrivateLabel": false,
    "IsBiffe": false,
    "IsWeightArticle": false,
    "RecentQuanityOfStockUnits": "1",
    "LongName": "L'OREAL Casting Crème Gloss mahonie 550",
    "IsBio": false,
    "CountryOfOrigin": "BELGIË",
    "FicCode": "N",
    "OrderUnit": "P",
    "ShortName": "CASTING CREME 550 ACAJ",
    "IsNew": false
  },
  {
    "productId": "214615",
    "technicalArticleNumber": "3492353",
    "commercialArticleNumber": "346463",
    "name": "Préférence Infinia Vienne 7",
    "brand": "L'OREAL",
    "seoBrand": "L'Oréal Paris",
    "thumbNail": "https://static.colruytgroup.com/images/200x200/std.lang.all/19/38/asset-3271938.jpg",
    "fullImage": "https://static.colruytgroup.com/images/500x500/std.lang.all/19/38/asset-3271938.jpg",
    "squareImage": "https://static.colruytgroup.com/images/500x500sq/std.lang.all/19/38/asset-3271938.jpg",
    "walkRouteSequenceNumber": 14322,
    "price": {
      "basicPrice": 15.4,
      "recommendedQuantity": "1.0",
      "measurementUnitPrice": 15.4,
      "measurementUnit": "S",
      "isRedPrice": false,
      "pricePerUOM": 15.4,
      "activationDate": "21-03-2024",
      "recordSource": "Offline",
      "isPromoActive": "N",
      "priceChangeCode": "H"
    },
    "isAvailable": true,
    "isPriceAvailable": true,
    "inPromo": false,
    "gtin": [
      "03600523288786",
      "03600523867400",
      "03600523288809",
      "03600523288793"
    ],
    "topCategoryName": "Lichaamsverzorging/Parfumerie",
    "topCategoryId": "591",
    "businessDomain": "NON_FOOD",
    "IsPrivateLabel": false,
    "IsBiffe": false,
    "IsWeightArticle": false,
    "RecentQuanityOfStockUnits": "1",
    "LongName": "L'OREAL Préférence Infinia Vienne 7",
    "IsBio": false,
    "CountryOfOrigin": "BELGIË",
    "FicCode": "N",
    "OrderUnit": "P",
    "ShortName": "PREFERENCE VIENNE 7",
    "IsNew": false
  },
  {
    "productId": "214016",
    "technicalArticleNumber": "3492343",
    "commercialArticleNumber": "346459",
    "name": "Casting Crème miel ambre 734",
    "brand": "L'OREAL",
    "seoBrand": "L'Oréal Paris",
    "thumbNail": "https://static.colruytgroup.com/images/200x200/std.lang.all/20/62/asset-3272062.jpg",
    "fullImage": "https://static.colruytgroup.com/images/500x500/std.lang.all/20/62/asset-3272062.jpg",
    "squareImage": "https://static.colruytgroup.com/images/500x500sq/std.lang.all/20/62/asset-3272062.jpg",
    "walkRouteSequenceNumber": 15436,
    "price": {
      "basicPrice": 9,
      "recommendedQuantity": "1.0",
      "measurementUnitPrice": 9,
      "measurementUnit": "S",
      "isRedPrice": false,
      "pricePerUOM": 9,
      "activationDate": "23-03-2024",
      "recordSource": "Folder",
      "isPromoActive": "N",
      "priceChangeCode": "E"
    },
    "isAvailable": true,
    "isPriceAvailable": true,
    "inPromo": false,
    "gtin": [
      "03600523840427",
      "03600521615447",
      "03600521615416",
      "03600521615386"
    ],
    "topCategoryName": "Lichaamsverzorging/Parfumerie",
    "topCategoryId": "591",
    "businessDomain": "NON_FOOD",
    "IsPrivateLabel": false,
    "IsBiffe": false,
    "IsWeightArticle": false,
    "RecentQuanityOfStockUnits": "1",
    "LongName": "L'OREAL Casting Crème miel ambre 734",
    "IsBio": false,
    "CountryOfOrigin": "BELGIË",
    "FicCode": "N",
    "OrderUnit": "P",
    "ShortName": "CASTING CREME 734",
    "IsNew": false
  },
  {
    "productId": "284173",
    "technicalArticleNumber": "3661851",
    "commercialArticleNumber": "346812",
    "name": "ul.plus lightener 13-0",
    "brand": "SYOSS",
    "seoBrand": "Syoss",
    "thumbNail": "https://static.colruytgroup.com/images/200x200/std.lang.all/21/32/asset-1212132.jpg",
    "fullImage": "https://static.colruytgroup.com/images/500x500/std.lang.all/21/32/asset-1212132.jpg",
    "squareImage": "https://static.colruytgroup.com/images/500x500sq/std.lang.all/21/32/asset-1212132.jpg",
    "walkRouteSequenceNumber": 15002,
    "price": {
      "basicPrice": 8.69,
      "recommendedQuantity": "1.0",
      "measurementUnitPrice": 8.69,
      "measurementUnit": "S",
      "isRedPrice": false,
      "pricePerUOM": 8.69,
      "activationDate": "28-02-2024",
      "recordSource": "Offline",
      "isPromoActive": "N",
      "priceChangeCode": "E"
    },
    "isAvailable": true,
    "isPriceAvailable": true,
    "inPromo": false,
    "gtin": [
      "05410091735005",
      "05412530863287",
      "05412530863294"
    ],
    "topCategoryName": "Lichaamsverzorging/Parfumerie",
    "topCategoryId": "591",
    "businessDomain": "NON_FOOD",
    "IsPrivateLabel": false,
    "IsBiffe": false,
    "IsWeightArticle": false,
    "RecentQuanityOfStockUnits": "1",
    "LongName": "SYOSS ul.plus lightener 13-0",
    "IsBio": false,
    "CountryOfOrigin": "BELGIË",
    "FicCode": "N",
    "OrderUnit": "P",
    "ShortName": "SYOSS COL.13-0 UL.PL.LI",
    "IsNew": false
  },
  {
    "productId": "43495",
    "technicalArticleNumber": "2548781",
    "commercialArticleNumber": "832937",
    "name": "Kripwindel 10cmx4m",
    "description": "*Pleister\n*Houdt gewrichten op\nzijn plaats",
    "brand": "MERCUROCHROME",
    "seoBrand": "Mercurochrome",
    "thumbNail": "https://static.colruytgroup.com/images/200x200/nl_be/74/43/asset-1857443.jpg",
    "fullImage": "https://static.colruytgroup.com/images/500x500/nl_be/74/43/asset-1857443.jpg",
    "squareImage": "https://static.colruytgroup.com/images/500x500sq/nl_be/74/43/asset-1857443.jpg",
    "walkRouteSequenceNumber": 13952,
    "price": {
      "basicPrice": 4.99,
      "recommendedQuantity": "1.0",
      "measurementUnitPrice": 4.99,
      "measurementUnit": "S",
      "isRedPrice": false,
      "pricePerUOM": 4.99,
      "activationDate": "15-03-2024",
      "isPromoActive": "N",
      "priceChangeCode": "E"
    },
    "isAvailable": true,
    "isPriceAvailable": true,
    "inPromo": false,
    "gtin": [
      "03160921512048",
      "23160921512042"
    ],
    "topCategoryName": "Lichaamsverzorging/Parfumerie",
    "topCategoryId": "591",
    "businessDomain": "NON_FOOD",
    "IsPrivateLabel": false,
    "IsBiffe": false,
    "IsWeightArticle": false,
    "RecentQuanityOfStockUnits": "1",
    "LongName": "MERCUROCHROME Kripwindel 10cmx4m",
    "IsBio": false,
    "CountryOfOrigin": "BELGIË",
    "FicCode": "N",
    "OrderUnit": "P",
    "ShortName": "MERC.KRIPWINDEL",
    "IsNew": false
  },
  {
    "productId": "134289",
    "technicalArticleNumber": "3156464",
    "commercialArticleNumber": "282569",
    "name": "Lichtblond 100",
    "description": "PALETTE NR 100\nLIGHT BLOND\n115ML",
    "brand": "POLY PALETTE",
    "seoBrand": "Poly Palette",
    "thumbNail": "https://static.colruytgroup.com/images/200x200/std.lang.all/27/09/asset-1202709.jpg",
    "fullImage": "https://static.colruytgroup.com/images/500x500/std.lang.all/27/09/asset-1202709.jpg",
    "squareImage": "https://static.colruytgroup.com/images/500x500sq/std.lang.all/27/09/asset-1202709.jpg",
    "walkRouteSequenceNumber": 15438,
    "price": {
      "basicPrice": 5.19,
      "recommendedQuantity": "1.0",
      "measurementUnitPrice": 5.19,
      "measurementUnit": "S",
      "isRedPrice": false,
      "pricePerUOM": 5.19,
      "activationDate": "01-03-2024",
      "recordSource": "Offline",
      "isPromoActive": "N",
      "priceChangeCode": "L"
    },
    "isAvailable": true,
    "isPriceAvailable": true,
    "inPromo": false,
    "gtin": [
      "05410091720001",
      "05410091639624",
      "08718900001783",
      "05412530834447",
      "05412530834430",
      "05412530686572"
    ],
    "topCategoryName": "Lichaamsverzorging/Parfumerie",
    "topCategoryId": "591",
    "businessDomain": "NON_FOOD",
    "IsPrivateLabel": false,
    "IsBiffe": false,
    "IsWeightArticle": false,
    "RecentQuanityOfStockUnits": "1",
    "LongName": "POLY PALETTE Lichtblond 100",
    "IsBio": false,
    "AlcoholVolume": "0",
    "CountryOfOrigin": "DUITSLAND",
    "FicCode": "N",
    "OrderUnit": "P",
    "ShortName": "PALETTE LIGHT BLOND 100",
    "IsNew": false
  },
  {
    "productId": "6245",
    "technicalArticleNumber": "378895",
    "commercialArticleNumber": "378895",
    "name": "Scheerkwast met dassenhaar",
    "description": "MERK : OMEGA.\nZUIVER DASHAAR",
    "brand": "OMEGA",
    "seoBrand": "Omega",
    "thumbNail": "https://static.colruytgroup.com/images/200x200/std.lang.all/48/12/asset-2324812.jpg",
    "fullImage": "https://static.colruytgroup.com/images/500x500/std.lang.all/48/12/asset-2324812.jpg",
    "squareImage": "https://static.colruytgroup.com/images/500x500sq/std.lang.all/48/12/asset-2324812.jpg",
    "price": {
      "basicPrice": 20.99,
      "recommendedQuantity": "1.0",
      "measurementUnitPrice": 20.99,
      "measurementUnit": "S",
      "isRedPrice": false,
      "pricePerUOM": 20.99,
      "activationDate": "13-12-2023",
      "isPromoActive": "N",
      "priceChangeCode": "E"
    },
    "isAvailable": true,
    "isPriceAvailable": true,
    "inPromo": false,
    "gtin": [
      "05425001928767",
      "15425001928764"
    ],
    "topCategoryName": "Lichaamsverzorging/Parfumerie",
    "topCategoryId": "591",
    "businessDomain": "NON_FOOD",
    "IsPrivateLabel": false,
    "IsBiffe": false,
    "IsWeightArticle": false,
    "RecentQuanityOfStockUnits": "1",
    "LongName": "OMEGA Scheerkwast met dassenhaar",
    "IsBio": false,
    "CountryOfOrigin": "ITALIË",
    "FicCode": "N",
    "OrderUnit": "P",
    "ShortName": "SCHEERKWAST DAS",
    "IsNew": false
  },
  {
    "productId": "265531",
    "technicalArticleNumber": "3629582",
    "commercialArticleNumber": "346726",
    "name": "Gel Activ platte schoenen vrouw",
    "description": "x",
    "brand": "SCHOLL",
    "seoBrand": "Scholl",
    "thumbNail": "https://static.colruytgroup.com/images/200x200/std.lang.all/05/32/asset-1430532.jpg",
    "fullImage": "https://static.colruytgroup.com/images/500x500/std.lang.all/05/32/asset-1430532.jpg",
    "squareImage": "https://static.colruytgroup.com/images/500x500sq/std.lang.all/05/32/asset-1430532.jpg",
    "walkRouteSequenceNumber": 14123,
    "price": {
      "basicPrice": 14.49,
      "recommendedQuantity": "1.0",
      "measurementUnitPrice": 14.49,
      "measurementUnit": "S",
      "isRedPrice": false,
      "pricePerUOM": 14.49,
      "activationDate": "19-03-2024",
      "recordSource": "Offline",
      "isPromoActive": "N",
      "priceChangeCode": "H"
    },
    "isAvailable": true,
    "isPriceAvailable": true,
    "inPromo": false,
    "gtin": [
      "04002448087496",
      "04002448087489",
      "04002448087472"
    ],
    "topCategoryName": "Lichaamsverzorging/Parfumerie",
    "topCategoryId": "591",
    "businessDomain": "NON_FOOD",
    "IsPrivateLabel": false,
    "IsBiffe": false,
    "IsWeightArticle": false,
    "RecentQuanityOfStockUnits": "1",
    "LongName": "SCHOLL Gel Activ platte schoenen vrouw",
    "IsBio": false,
    "CountryOfOrigin": "BELGIË",
    "FicCode": "N",
    "OrderUnit": "P",
    "ShortName": "SCHOLL GEL ACT.SCH.PLAT",
    "IsNew": false
  },
  {
    "productId": "191720",
    "technicalArticleNumber": "3448842",
    "commercialArticleNumber": "346335",
    "name": "Infinia Préférence Napoli 1",
    "brand": "L'OREAL",
    "seoBrand": "L'Oréal Paris",
    "thumbNail": "https://static.colruytgroup.com/images/200x200/std.lang.all/81/97/asset-2208197.jpg",
    "fullImage": "https://static.colruytgroup.com/images/500x500/std.lang.all/81/97/asset-2208197.jpg",
    "squareImage": "https://static.colruytgroup.com/images/500x500sq/std.lang.all/81/97/asset-2208197.jpg",
    "walkRouteSequenceNumber": 14974,
    "price": {
      "basicPrice": 15.4,
      "recommendedQuantity": "1.0",
      "measurementUnitPrice": 15.4,
      "measurementUnit": "S",
      "isRedPrice": false,
      "pricePerUOM": 15.4,
      "activationDate": "21-03-2024",
      "recordSource": "Offline",
      "isPromoActive": "N",
      "priceChangeCode": "H"
    },
    "isAvailable": true,
    "isPriceAvailable": true,
    "inPromo": false,
    "gtin": [
      "03600523867554",
      "03600523287758",
      "03600523287734",
      "03600523287741"
    ],
    "topCategoryName": "Lichaamsverzorging/Parfumerie",
    "topCategoryId": "591",
    "businessDomain": "NON_FOOD",
    "IsPrivateLabel": false,
    "IsBiffe": false,
    "IsWeightArticle": false,
    "RecentQuanityOfStockUnits": "1",
    "LongName": "L'OREAL Infinia Préférence Napoli 1",
    "IsBio": false,
    "CountryOfOrigin": "BELGIË",
    "FicCode": "N",
    "OrderUnit": "P",
    "ShortName": "PREF.INFINIA 1",
    "IsNew": false
  },
  {
    "productId": "146986",
    "technicalArticleNumber": "3328891",
    "commercialArticleNumber": "346007",
    "name": "excellence 7.3 blond doré",
    "brand": "L'OREAL",
    "seoBrand": "L'Oréal Paris",
    "thumbNail": "https://static.colruytgroup.com/images/200x200/std.lang.all/17/53/asset-3271753.jpg",
    "fullImage": "https://static.colruytgroup.com/images/500x500/std.lang.all/17/53/asset-3271753.jpg",
    "squareImage": "https://static.colruytgroup.com/images/500x500sq/std.lang.all/17/53/asset-3271753.jpg",
    "walkRouteSequenceNumber": 15375,
    "price": {
      "basicPrice": 10.49,
      "recommendedQuantity": "1.0",
      "measurementUnitPrice": 10.49,
      "measurementUnit": "S",
      "isRedPrice": false,
      "pricePerUOM": 10.49,
      "activationDate": "23-03-2024",
      "recordSource": "Folder",
      "isPromoActive": "N",
      "priceChangeCode": "E"
    },
    "isAvailable": true,
    "isPriceAvailable": true,
    "inPromo": false,
    "gtin": [
      "55410103002076",
      "03600523853076",
      "03600521171448",
      "05410103002071"
    ],
    "topCategoryName": "Lichaamsverzorging/Parfumerie",
    "topCategoryId": "591",
    "businessDomain": "NON_FOOD",
    "IsPrivateLabel": false,
    "IsBiffe": false,
    "IsWeightArticle": false,
    "RecentQuanityOfStockUnits": "1",
    "LongName": "L'OREAL excellence 7.3 blond doré",
    "IsBio": false,
    "CountryOfOrigin": "BELGIË",
    "FicCode": "N",
    "OrderUnit": "P",
    "ShortName": "EXCELLENCE NR 7.3",
    "IsNew": false
  },
  {
    "productId": "246309",
    "technicalArticleNumber": "3660833",
    "commercialArticleNumber": "346808",
    "name": "donkerblond 6-8",
    "description": "SYOSS COLOR CREAM\nDONKERBLOND 6-8\n115 ML",
    "brand": "SYOSS",
    "seoBrand": "Syoss",
    "thumbNail": "https://static.colruytgroup.com/images/200x200/std.lang.all/21/28/asset-1212128.jpg",
    "fullImage": "https://static.colruytgroup.com/images/500x500/std.lang.all/21/28/asset-1212128.jpg",
    "squareImage": "https://static.colruytgroup.com/images/500x500sq/std.lang.all/21/28/asset-1212128.jpg",
    "walkRouteSequenceNumber": 14984,
    "price": {
      "basicPrice": 8.69,
      "recommendedQuantity": "1.0",
      "measurementUnitPrice": 8.69,
      "measurementUnit": "S",
      "isRedPrice": false,
      "pricePerUOM": 8.69,
      "activationDate": "28-02-2024",
      "recordSource": "Offline",
      "isPromoActive": "N",
      "priceChangeCode": "E"
    },
    "isAvailable": true,
    "isPriceAvailable": true,
    "inPromo": false,
    "gtin": [
      "05410091735579",
      "05412530864390",
      "05412530864383"
    ],
    "topCategoryName": "Lichaamsverzorging/Parfumerie",
    "topCategoryId": "591",
    "businessDomain": "NON_FOOD",
    "IsPrivateLabel": false,
    "IsBiffe": false,
    "IsWeightArticle": false,
    "RecentQuanityOfStockUnits": "1",
    "LongName": "SYOSS donkerblond 6-8",
    "IsBio": false,
    "AlcoholVolume": "0",
    "CountryOfOrigin": "DUITSLAND",
    "FicCode": "N",
    "OrderUnit": "P",
    "ShortName": "SYOSS COL.6-8 DON.BLOND",
    "IsNew": false
  },
  {
    "productId": "82735",
    "technicalArticleNumber": "2929592",
    "commercialArticleNumber": "282021",
    "name": "Excellence koper goudblond 7.43",
    "description": "x",
    "brand": "L'OREAL",
    "seoBrand": "L'Oréal Paris",
    "thumbNail": "https://static.colruytgroup.com/images/200x200/std.lang.all/16/65/asset-3271665.jpg",
    "fullImage": "https://static.colruytgroup.com/images/500x500/std.lang.all/16/65/asset-3271665.jpg",
    "squareImage": "https://static.colruytgroup.com/images/500x500sq/std.lang.all/16/65/asset-3271665.jpg",
    "price": {
      "basicPrice": 10.49,
      "recommendedQuantity": "1.0",
      "measurementUnitPrice": 10.49,
      "measurementUnit": "S",
      "isRedPrice": false,
      "pricePerUOM": 10.49,
      "activationDate": "23-03-2024",
      "recordSource": "Folder",
      "isPromoActive": "N",
      "priceChangeCode": "E"
    },
    "isAvailable": true,
    "isPriceAvailable": true,
    "inPromo": false,
    "gtin": [
      "03600521171547",
      "55410103002083",
      "05410103002088",
      "03600523853106"
    ],
    "topCategoryName": "Lichaamsverzorging/Parfumerie",
    "topCategoryId": "591",
    "businessDomain": "NON_FOOD",
    "IsPrivateLabel": false,
    "IsBiffe": false,
    "IsWeightArticle": false,
    "RecentQuanityOfStockUnits": "1",
    "LongName": "L'OREAL Excellence koper goudblond 7.43",
    "IsBio": false,
    "CountryOfOrigin": "BELGIË",
    "FicCode": "N",
    "OrderUnit": "P",
    "ShortName": "EXCELLENCE NR 7.43 KGB",
    "IsNew": false
  },
  {
    "productId": "81511",
    "technicalArticleNumber": "2929040",
    "commercialArticleNumber": "282007",
    "name": "Olia goudbruin 5.3",
    "brand": "GARNIER",
    "seoBrand": "Garnier",
    "thumbNail": "https://static.colruytgroup.com/images/200x200/std.lang.all/17/01/asset-3271701.jpg",
    "fullImage": "https://static.colruytgroup.com/images/500x500/std.lang.all/17/01/asset-3271701.jpg",
    "squareImage": "https://static.colruytgroup.com/images/500x500sq/std.lang.all/17/01/asset-3271701.jpg",
    "walkRouteSequenceNumber": 15363,
    "price": {
      "basicPrice": 11.39,
      "recommendedQuantity": "1.0",
      "measurementUnitPrice": 11.39,
      "measurementUnit": "S",
      "isRedPrice": false,
      "pricePerUOM": 11.39,
      "activationDate": "05-03-2024",
      "recordSource": "Offline",
      "isPromoActive": "N",
      "priceChangeCode": "E"
    },
    "isAvailable": true,
    "isPriceAvailable": true,
    "inPromo": false,
    "gtin": [
      "03600541236912",
      "03600541236905",
      "03600541236875",
      "03600542347983",
      "03600542490351",
      "03600542490368"
    ],
    "topCategoryName": "Lichaamsverzorging/Parfumerie",
    "topCategoryId": "591",
    "businessDomain": "NON_FOOD",
    "IsPrivateLabel": false,
    "IsBiffe": false,
    "IsWeightArticle": false,
    "RecentQuanityOfStockUnits": "1",
    "LongName": "GARNIER Olia goudbruin 5.3",
    "IsBio": false,
    "CountryOfOrigin": "BELGIË",
    "FicCode": "N",
    "OrderUnit": "P",
    "ShortName": "OLIA COLOR 5.3GOUDBRUIN",
    "IsNew": false
  },
  {
    "productId": "265530",
    "technicalArticleNumber": "3629581",
    "commercialArticleNumber": "346722",
    "name": "Gel Activ Hielen Dagelijks Vrouw",
    "description": "*Ergonomische\ninlegzolen",
    "brand": "SCHOLL",
    "seoBrand": "Scholl",
    "thumbNail": "https://static.colruytgroup.com/images/200x200/std.lang.all/30/37/asset-1403037.jpg",
    "fullImage": "https://static.colruytgroup.com/images/500x500/std.lang.all/30/37/asset-1403037.jpg",
    "squareImage": "https://static.colruytgroup.com/images/500x500sq/std.lang.all/30/37/asset-1403037.jpg",
    "walkRouteSequenceNumber": 14122,
    "price": {
      "basicPrice": 14.49,
      "recommendedQuantity": "1.0",
      "measurementUnitPrice": 14.49,
      "measurementUnit": "S",
      "isRedPrice": false,
      "pricePerUOM": 14.49,
      "activationDate": "19-03-2024",
      "recordSource": "Offline",
      "isPromoActive": "N",
      "priceChangeCode": "H"
    },
    "isAvailable": true,
    "isPriceAvailable": true,
    "inPromo": false,
    "gtin": [
      "04002448087441",
      "04002448087458",
      "04002448087465"
    ],
    "topCategoryName": "Lichaamsverzorging/Parfumerie",
    "topCategoryId": "591",
    "businessDomain": "NON_FOOD",
    "IsPrivateLabel": false,
    "IsBiffe": false,
    "IsWeightArticle": false,
    "RecentQuanityOfStockUnits": "1",
    "LongName": "SCHOLL Gel Activ Hielen Dagelijks Vrouw",
    "IsBio": false,
    "CountryOfOrigin": "BELGIË",
    "FicCode": "N",
    "OrderUnit": "P",
    "ShortName": "SCHOLL GEL ACTIV HIELEN",
    "IsNew": false
  },
  {
    "productId": "146985",
    "technicalArticleNumber": "3328887",
    "commercialArticleNumber": "346006",
    "name": "excellence 6.3 blond foncé doré",
    "brand": "L'OREAL",
    "seoBrand": "L'Oréal Paris",
    "thumbNail": "https://static.colruytgroup.com/images/200x200/std.lang.all/17/52/asset-3271752.jpg",
    "fullImage": "https://static.colruytgroup.com/images/500x500/std.lang.all/17/52/asset-3271752.jpg",
    "squareImage": "https://static.colruytgroup.com/images/500x500sq/std.lang.all/17/52/asset-3271752.jpg",
    "walkRouteSequenceNumber": 15374,
    "price": {
      "basicPrice": 10.49,
      "recommendedQuantity": "1.0",
      "measurementUnitPrice": 10.49,
      "measurementUnit": "S",
      "isRedPrice": false,
      "pricePerUOM": 10.49,
      "activationDate": "23-03-2024",
      "recordSource": "Folder",
      "isPromoActive": "N",
      "priceChangeCode": "E"
    },
    "isAvailable": true,
    "isPriceAvailable": true,
    "inPromo": false,
    "gtin": [
      "03600520370927",
      "03600521171523",
      "03600523851843",
      "03600520370958"
    ],
    "topCategoryName": "Lichaamsverzorging/Parfumerie",
    "topCategoryId": "591",
    "businessDomain": "NON_FOOD",
    "IsPrivateLabel": false,
    "IsBiffe": false,
    "IsWeightArticle": false,
    "RecentQuanityOfStockUnits": "1",
    "LongName": "L'OREAL excellence 6.3 blond foncé doré",
    "IsBio": false,
    "CountryOfOrigin": "BELGIË",
    "FicCode": "N",
    "OrderUnit": "P",
    "ShortName": "EXCELLENCE NR 6.3",
    "IsNew": false
  },
  {
    "productId": "274391",
    "technicalArticleNumber": "3625577",
    "commercialArticleNumber": "346699",
    "name": "Fit Me Matte 120",
    "brand": "MAYBELLINE",
    "seoBrand": "Maybelline",
    "thumbNail": "https://static.colruytgroup.com/images/200x200/std.lang.all/87/78/asset-1118778.jpg",
    "fullImage": "https://static.colruytgroup.com/images/500x500/std.lang.all/87/78/asset-1118778.jpg",
    "squareImage": "https://static.colruytgroup.com/images/500x500sq/std.lang.all/87/78/asset-1118778.jpg",
    "content": "30ml",
    "price": {
      "basicPrice": 9.95,
      "recommendedQuantity": "1.0",
      "measurementUnitPrice": 9.95,
      "measurementUnit": "S",
      "isRedPrice": false,
      "pricePerUOM": 9.95,
      "activationDate": "15-03-2024",
      "recordSource": "Offline",
      "isPromoActive": "N",
      "priceChangeCode": "L"
    },
    "isAvailable": true,
    "isPriceAvailable": true,
    "inPromo": false,
    "gtin": [
      "03600531607654",
      "03600531326883",
      "03600531326890",
      "03600531325152",
      "03600531607661"
    ],
    "topCategoryName": "Lichaamsverzorging/Parfumerie",
    "topCategoryId": "591",
    "businessDomain": "NON_FOOD",
    "IsPrivateLabel": false,
    "IsBiffe": false,
    "IsWeightArticle": false,
    "RecentQuanityOfStockUnits": "1",
    "LongName": "MAYBELLINE Fit Me Matte 120 30ml",
    "IsBio": false,
    "CountryOfOrigin": "BELGIË",
    "FicCode": "N",
    "OrderUnit": "P",
    "ShortName": "MAY.FDT FIT ME 120",
    "IsNew": false
  },
  {
    "productId": "5550",
    "technicalArticleNumber": "346737",
    "commercialArticleNumber": "346737",
    "name": "eyeliner express zwart",
    "brand": "MAYBELLINE",
    "seoBrand": "Maybelline",
    "thumbNail": "https://static.colruytgroup.com/images/200x200/std.lang.all/62/72/asset-346272.jpg",
    "fullImage": "https://static.colruytgroup.com/images/500x500/std.lang.all/62/72/asset-346272.jpg",
    "squareImage": "https://static.colruytgroup.com/images/500x500sq/std.lang.all/62/72/asset-346272.jpg",
    "walkRouteSequenceNumber": 15763,
    "price": {
      "basicPrice": 12.99,
      "recommendedQuantity": "1.0",
      "measurementUnitPrice": 12.99,
      "measurementUnit": "S",
      "isRedPrice": false,
      "pricePerUOM": 12.99,
      "activationDate": "01-03-2024",
      "isPromoActive": "N",
      "priceChangeCode": "E"
    },
    "isAvailable": true,
    "isPriceAvailable": true,
    "inPromo": false,
    "gtin": [
      "03017563251012",
      "03017563252019",
      "03600530210640",
      "03600531002015",
      "03600531004286",
      "05410103581415"
    ],
    "topCategoryName": "Lichaamsverzorging/Parfumerie",
    "topCategoryId": "591",
    "businessDomain": "NON_FOOD",
    "IsPrivateLabel": false,
    "IsBiffe": false,
    "IsWeightArticle": false,
    "RecentQuanityOfStockUnits": "1",
    "LongName": "MAYBELLINE eyeliner express zwart",
    "IsBio": false,
    "CountryOfOrigin": "BELGIË",
    "FicCode": "N",
    "OrderUnit": "P",
    "ShortName": "MAYB. LINER EXPR.ZWART",
    "IsNew": false
  },
  {
    "productId": "582747",
    "technicalArticleNumber": "4236688",
    "commercialArticleNumber": "18723",
    "name": "dch power",
    "description": "*Douchegel",
    "brand": "NIVEA MEN",
    "seoBrand": "Nivea",
    "thumbNail": "https://static.colruytgroup.com/images/200x200/std.lang.all/64/69/asset-2136469.jpg",
    "fullImage": "https://static.colruytgroup.com/images/500x500/std.lang.all/64/69/asset-2136469.jpg",
    "squareImage": "https://static.colruytgroup.com/images/500x500sq/std.lang.all/64/69/asset-2136469.jpg",
    "content": "500ml",
    "walkRouteSequenceNumber": 14438,
    "price": {
      "basicPrice": 6.24,
      "recommendedQuantity": "1.0",
      "measurementUnitPrice": 12.48,
      "measurementUnit": "L",
      "isRedPrice": false,
      "pricePerUOM": 12.48,
      "activationDate": "14-03-2024",
      "recordSource": "Folder",
      "isPromoActive": "N",
      "priceChangeCode": "H"
    },
    "isAvailable": true,
    "isPriceAvailable": true,
    "inPromo": false,
    "gtin": [
      "04005900868367",
      "04005808781997",
      "09005800286556",
      "09005801160305",
      "09005808008310",
      "55400141312657",
      "04005808781935",
      "04005808781980"
    ],
    "topCategoryName": "Lichaamsverzorging/Parfumerie",
    "topCategoryId": "591",
    "businessDomain": "RETAIL_BE",
    "IsPrivateLabel": false,
    "IsBiffe": false,
    "WeightconversionFactor": "0",
    "IsWeightArticle": false,
    "IsBio": false,
    "CountryOfOrigin": "DUITSLAND",
    "IsExclusivelySoldInLuxembourg": false,
    "OrderUnit": "P",
    "ShortName": "NIVEA MEN DCH POWER 500",
    "IsNew": false,
    "RecentQuanityOfStockUnits": "2,1",
    "LongName": "NIVEA MEN dch power 500ml",
    "FicCode": "N"
  },
  {
    "productId": "684842",
    "technicalArticleNumber": "4407153",
    "commercialArticleNumber": "346127",
    "name": "Body Lotion lavendel",
    "description": "*Bodylotion",
    "brand": "NIVEA",
    "seoBrand": "Nivea",
    "thumbNail": "https://static.colruytgroup.com/images/200x200/std.lang.all/95/96/asset-2389596.jpg",
    "fullImage": "https://static.colruytgroup.com/images/500x500/std.lang.all/95/96/asset-2389596.jpg",
    "squareImage": "https://static.colruytgroup.com/images/500x500sq/std.lang.all/95/96/asset-2389596.jpg",
    "content": "350ml",
    "walkRouteSequenceNumber": 15575,
    "price": {
      "basicPrice": 7.75,
      "recommendedQuantity": "1.0",
      "measurementUnitPrice": 22.15,
      "measurementUnit": "L",
      "isRedPrice": false,
      "pricePerUOM": 22.15,
      "activationDate": "12-03-2024",
      "recordSource": "Offline",
      "isPromoActive": "N",
      "priceChangeCode": "L"
    },
    "isAvailable": true,
    "isPriceAvailable": true,
    "inPromo": false,
    "gtin": [
      "04005900847027",
      "04005900847041",
      "04005900847034"
    ],
    "topCategoryName": "Lichaamsverzorging/Parfumerie",
    "topCategoryId": "591",
    "businessDomain": "NON_FOOD",
    "IsPrivateLabel": false,
    "IsBiffe": false,
    "IsWeightArticle": false,
    "RecentQuanityOfStockUnits": "1",
    "LongName": "NIVEA Body Lotion lavendel 350ml",
    "IsBio": false,
    "CountryOfOrigin": "SPANJE",
    "FicCode": "N",
    "OrderUnit": "P",
    "ShortName": "NIV.BODY LOT.LAV 350ML",
    "IsNew": false
  },
  {
    "productId": "57999",
    "technicalArticleNumber": "2348593",
    "commercialArticleNumber": "832320",
    "name": "Casting Crème Gloss koper 634",
    "brand": "L'OREAL",
    "seoBrand": "L'Oréal Paris",
    "thumbNail": "https://static.colruytgroup.com/images/200x200/std.lang.all/20/52/asset-3272052.jpg",
    "fullImage": "https://static.colruytgroup.com/images/500x500/std.lang.all/20/52/asset-3272052.jpg",
    "squareImage": "https://static.colruytgroup.com/images/500x500sq/std.lang.all/20/52/asset-3272052.jpg",
    "walkRouteSequenceNumber": 15456,
    "price": {
      "basicPrice": 9,
      "recommendedQuantity": "1.0",
      "measurementUnitPrice": 9,
      "measurementUnit": "S",
      "isRedPrice": false,
      "pricePerUOM": 9,
      "activationDate": "23-03-2024",
      "recordSource": "Folder",
      "isPromoActive": "N",
      "priceChangeCode": "E"
    },
    "isAvailable": true,
    "isPriceAvailable": true,
    "inPromo": false,
    "gtin": [
      "03600521615379",
      "03600521615409",
      "03600521615430",
      "03600523840335"
    ],
    "topCategoryName": "Lichaamsverzorging/Parfumerie",
    "topCategoryId": "591",
    "businessDomain": "NON_FOOD",
    "IsPrivateLabel": false,
    "IsBiffe": false,
    "IsWeightArticle": false,
    "RecentQuanityOfStockUnits": "1",
    "LongName": "L'OREAL Casting Crème Gloss koper 634",
    "IsBio": false,
    "CountryOfOrigin": "BELGIË",
    "FicCode": "N",
    "OrderUnit": "P",
    "ShortName": "CASTING CREME NR634",
    "IsNew": false
  },
  {
    "productId": "725065",
    "technicalArticleNumber": "4478132",
    "commercialArticleNumber": "282896",
    "name": "gez.reinigingsbar verfrissend",
    "description": "*Naturally Clean\n*Gezichtsreiniging",
    "brand": "NIVEA",
    "seoBrand": "Nivea",
    "thumbNail": "https://static.colruytgroup.com/images/200x200/std.lang.all/20/24/asset-2642024.jpg",
    "fullImage": "https://static.colruytgroup.com/images/500x500/std.lang.all/20/24/asset-2642024.jpg",
    "squareImage": "https://static.colruytgroup.com/images/500x500sq/std.lang.all/20/24/asset-2642024.jpg",
    "content": "75g",
    "walkRouteSequenceNumber": 15603,
    "price": {
      "basicPrice": 8.29,
      "recommendedQuantity": "1.0",
      "measurementUnitPrice": 110.54,
      "measurementUnit": "K",
      "isRedPrice": false,
      "pricePerUOM": 110.54,
      "activationDate": "01-03-2024",
      "recordSource": "Offline",
      "isPromoActive": "N",
      "priceChangeCode": "H"
    },
    "isAvailable": true,
    "isPriceAvailable": true,
    "inPromo": false,
    "gtin": [
      "04005900839862",
      "04005900839855"
    ],
    "topCategoryName": "Lichaamsverzorging/Parfumerie",
    "topCategoryId": "591",
    "businessDomain": "NON_FOOD",
    "IsPrivateLabel": false,
    "IsBiffe": false,
    "IsWeightArticle": false,
    "RecentQuanityOfStockUnits": "1",
    "LongName": "NIVEA gez.reinigingsbar verfrissend 75g",
    "IsBio": false,
    "CountryOfOrigin": "DUITSLAND",
    "FicCode": "N",
    "OrderUnit": "P",
    "ShortName": "NIV BAR VERFRISSEND",
    "IsNew": false
  },
  {
    "productId": "146334",
    "technicalArticleNumber": "3327110",
    "commercialArticleNumber": "282971",
    "name": "Olia forever carmin 4.62",
    "brand": "GARNIER",
    "seoBrand": "Garnier",
    "thumbNail": "https://static.colruytgroup.com/images/200x200/std.lang.all/17/03/asset-3271703.jpg",
    "fullImage": "https://static.colruytgroup.com/images/500x500/std.lang.all/17/03/asset-3271703.jpg",
    "squareImage": "https://static.colruytgroup.com/images/500x500sq/std.lang.all/17/03/asset-3271703.jpg",
    "walkRouteSequenceNumber": 15393,
    "price": {
      "basicPrice": 11.39,
      "recommendedQuantity": "1.0",
      "measurementUnitPrice": 11.39,
      "measurementUnit": "S",
      "isRedPrice": false,
      "pricePerUOM": 11.39,
      "activationDate": "05-03-2024",
      "recordSource": "Offline",
      "isPromoActive": "N",
      "priceChangeCode": "E"
    },
    "isAvailable": true,
    "isPriceAvailable": true,
    "inPromo": false,
    "gtin": [
      "03600541727762",
      "03600541524422",
      "03600541727779",
      "03600542344296"
    ],
    "topCategoryName": "Lichaamsverzorging/Parfumerie",
    "topCategoryId": "591",
    "businessDomain": "NON_FOOD",
    "IsPrivateLabel": false,
    "IsBiffe": false,
    "IsWeightArticle": false,
    "RecentQuanityOfStockUnits": "1",
    "LongName": "GARNIER Olia forever carmin 4.62",
    "IsBio": false,
    "CountryOfOrigin": "BELGIË",
    "FicCode": "N",
    "OrderUnit": "P",
    "ShortName": "OLIA COLOR 4.62",
    "IsNew": false
  },
  {
    "productId": "658653",
    "technicalArticleNumber": "4361268",
    "commercialArticleNumber": "378339",
    "name": "bodylotion Aloë Vera",
    "description": "*Naturally Good",
    "brand": "NIVEA",
    "seoBrand": "Nivea",
    "thumbNail": "https://static.colruytgroup.com/images/200x200/std.lang.all/63/95/asset-2296395.jpg",
    "fullImage": "https://static.colruytgroup.com/images/500x500/std.lang.all/63/95/asset-2296395.jpg",
    "squareImage": "https://static.colruytgroup.com/images/500x500sq/std.lang.all/63/95/asset-2296395.jpg",
    "content": "350ml",
    "walkRouteSequenceNumber": 15576,
    "price": {
      "basicPrice": 6.14,
      "recommendedQuantity": "1.0",
      "measurementUnitPrice": 17.55,
      "measurementUnit": "L",
      "isRedPrice": false,
      "pricePerUOM": 17.55,
      "activationDate": "12-03-2024",
      "recordSource": "Folder",
      "isPromoActive": "N",
      "priceChangeCode": "L"
    },
    "isAvailable": true,
    "isPriceAvailable": true,
    "inPromo": false,
    "gtin": [
      "04005900781758",
      "04005900781772",
      "04005900781765"
    ],
    "topCategoryName": "Lichaamsverzorging/Parfumerie",
    "topCategoryId": "591",
    "businessDomain": "NON_FOOD",
    "IsPrivateLabel": false,
    "IsBiffe": false,
    "IsWeightArticle": false,
    "RecentQuanityOfStockUnits": "1",
    "LongName": "NIVEA bodylotion Aloë Vera 350ml",
    "IsBio": false,
    "CountryOfOrigin": "SPANJE",
    "FicCode": "N",
    "OrderUnit": "P",
    "ShortName": "NIV.LOTION ALOE 350ML",
    "IsNew": false
  },
  {
    "productId": "82737",
    "technicalArticleNumber": "2929595",
    "commercialArticleNumber": "282022",
    "name": "Excellence licht mahonie br 5.5",
    "description": "x",
    "brand": "L'OREAL",
    "seoBrand": "L'Oréal Paris",
    "thumbNail": "https://static.colruytgroup.com/images/200x200/std.lang.all/17/50/asset-3271750.jpg",
    "fullImage": "https://static.colruytgroup.com/images/500x500/std.lang.all/17/50/asset-3271750.jpg",
    "squareImage": "https://static.colruytgroup.com/images/500x500sq/std.lang.all/17/50/asset-3271750.jpg",
    "walkRouteSequenceNumber": 15359,
    "price": {
      "basicPrice": 10.49,
      "recommendedQuantity": "1.0",
      "measurementUnitPrice": 10.49,
      "measurementUnit": "S",
      "isRedPrice": false,
      "pricePerUOM": 10.49,
      "activationDate": "23-03-2024",
      "recordSource": "Folder",
      "isPromoActive": "N",
      "priceChangeCode": "E"
    },
    "isAvailable": true,
    "isPriceAvailable": true,
    "inPromo": false,
    "gtin": [
      "08710678023141",
      "03600523853823",
      "55410103969140",
      "03600521171493"
    ],
    "topCategoryName": "Lichaamsverzorging/Parfumerie",
    "topCategoryId": "591",
    "businessDomain": "NON_FOOD",
    "IsPrivateLabel": false,
    "IsBiffe": false,
    "IsWeightArticle": false,
    "RecentQuanityOfStockUnits": "1",
    "LongName": "L'OREAL Excellence licht mahonie br 5.5",
    "IsBio": false,
    "CountryOfOrigin": "BELGIË",
    "FicCode": "N",
    "OrderUnit": "P",
    "ShortName": "EXCELLENCE NR 5.5",
    "IsNew": false
  },
  {
    "productId": "5545",
    "technicalArticleNumber": "346719",
    "commercialArticleNumber": "346719",
    "name": "Sensitive",
    "description": "*Snelverband\n*Anallergisch",
    "brand": "HANSAPLAST",
    "seoBrand": "Hansaplast",
    "thumbNail": "https://static.colruytgroup.com/images/200x200/std.lang.all/56/85/asset-1385685.jpg",
    "fullImage": "https://static.colruytgroup.com/images/500x500/std.lang.all/56/85/asset-1385685.jpg",
    "squareImage": "https://static.colruytgroup.com/images/500x500sq/std.lang.all/56/85/asset-1385685.jpg",
    "content": "2x20st",
    "walkRouteSequenceNumber": 13914,
    "price": {
      "basicPrice": 6.98,
      "recommendedQuantity": "1.0",
      "measurementUnitPrice": 0.175,
      "measurementUnit": "S",
      "isRedPrice": false,
      "pricePerUOM": 0.175,
      "activationDate": "06-03-2024",
      "recordSource": "Online",
      "isPromoActive": "N",
      "priceChangeCode": "H"
    },
    "isAvailable": true,
    "isPriceAvailable": true,
    "inPromo": false,
    "gtin": [
      "00540014146733",
      "04005800175435",
      "04005802215313"
    ],
    "topCategoryName": "Lichaamsverzorging/Parfumerie",
    "topCategoryId": "591",
    "businessDomain": "NON_FOOD",
    "IsPrivateLabel": false,
    "IsBiffe": false,
    "IsWeightArticle": false,
    "RecentQuanityOfStockUnits": "1",
    "LongName": "HANSAPLAST Sensitive 2x20st",
    "IsBio": false,
    "AlcoholVolume": "0",
    "CountryOfOrigin": "SPANJE",
    "FicCode": "N",
    "OrderUnit": "P",
    "ShortName": "X2 HSPL.SENSIT.20ST",
    "IsNew": false
  },
  {
    "productId": "14360",
    "technicalArticleNumber": "1574831",
    "commercialArticleNumber": "654532",
    "name": "teennagelknipper+opvangdoosje",
    "brand": "WILKINSON",
    "seoBrand": "Wilkinson Sword",
    "thumbNail": "https://static.colruytgroup.com/images/200x200/std.lang.all/61/46/asset-376146.jpg",
    "fullImage": "https://static.colruytgroup.com/images/500x500/std.lang.all/61/46/asset-376146.jpg",
    "squareImage": "https://static.colruytgroup.com/images/500x500sq/std.lang.all/61/46/asset-376146.jpg",
    "price": {
      "basicPrice": 7.55,
      "recommendedQuantity": "1.0",
      "measurementUnitPrice": 7.55,
      "measurementUnit": "S",
      "isRedPrice": false,
      "pricePerUOM": 7.55,
      "activationDate": "14-11-2023",
      "isPromoActive": "N",
      "priceChangeCode": "E"
    },
    "isAvailable": true,
    "isPriceAvailable": true,
    "inPromo": false,
    "gtin": [
      "04027800088706",
      "04027800088713",
      "04027800088720",
      "04027800089314",
      "04027800089321",
      "04027800089307"
    ],
    "topCategoryName": "Lichaamsverzorging/Parfumerie",
    "topCategoryId": "591",
    "businessDomain": "NON_FOOD",
    "IsPrivateLabel": false,
    "IsBiffe": false,
    "IsWeightArticle": false,
    "RecentQuanityOfStockUnits": "1",
    "LongName": "WILKINSON teennagelknipper+opvangdoosje",
    "IsBio": false,
    "CountryOfOrigin": "BELGIË",
    "FicCode": "N",
    "OrderUnit": "P",
    "ShortName": "WS TEENNNAGELKNIPPER",
    "IsNew": false
  },
  {
    "productId": "52448",
    "technicalArticleNumber": "2184308",
    "commercialArticleNumber": "23738",
    "name": "douche Vitality Fresh",
    "description": "*Douchegel\n*Vitality fresh\nBody,Face & Hair\nmet Ocean minerals",
    "brand": "NIVEA MEN",
    "seoBrand": "Nivea",
    "thumbNail": "https://static.colruytgroup.com/images/200x200/std.lang.all/95/46/asset-2619546.jpg",
    "fullImage": "https://static.colruytgroup.com/images/500x500/std.lang.all/95/46/asset-2619546.jpg",
    "squareImage": "https://static.colruytgroup.com/images/500x500sq/std.lang.all/95/46/asset-2619546.jpg",
    "content": "250ml",
    "walkRouteSequenceNumber": 14444,
    "price": {
      "basicPrice": 3.39,
      "recommendedQuantity": "1.0",
      "quantityPrice": 2.59,
      "quantityPriceQuantity": "3.0",
      "measurementUnitPrice": 13.56,
      "measurementUnitQuantityPrice": 10.36,
      "measurementUnit": "L",
      "isRedPrice": false,
      "pricePerUOM": 13.56,
      "activationDate": "18-03-2024",
      "recordSource": "Offline",
      "isPromoActive": "N",
      "priceChangeCode": "E",
      "quantityPricePerUOM": 10.36,
      "quantityActivationDate": "18-03-2024",
      "quantityPriceChangeCode": "H"
    },
    "isAvailable": true,
    "isPriceAvailable": true,
    "inPromo": false,
    "gtin": [
      "04005900278548",
      "04005808638642",
      "04005808638628",
      "05400141237382",
      "04005900833013",
      "04005900833006",
      "04005900833020",
      "04005808638635"
    ],
    "topCategoryName": "Lichaamsverzorging/Parfumerie",
    "topCategoryId": "591",
    "businessDomain": "RETAIL_BE",
    "IsPrivateLabel": false,
    "IsBiffe": false,
    "WeightconversionFactor": "0",
    "IsWeightArticle": false,
    "IsBio": false,
    "CountryOfOrigin": "DUITSLAND",
    "IsExclusivelySoldInLuxembourg": false,
    "OrderUnit": "P",
    "ShortName": "NIV.MEN DCH VITALITY250",
    "IsNew": false,
    "RecentQuanityOfStockUnits": "2,1",
    "LongName": "NIVEA MEN douche Vitality Fresh 250ml",
    "AlcoholVolume": "0",
    "FicCode": "N"
  },
  {
    "productId": "57995",
    "technicalArticleNumber": "2348587",
    "commercialArticleNumber": "832315",
    "name": "Excellence mid. goudbruin 4.3",
    "description": "EXCELLENCE NR 4.3\nCRèME",
    "brand": "L'OREAL",
    "seoBrand": "L'Oréal Paris",
    "thumbNail": "https://static.colruytgroup.com/images/200x200/std.lang.all/17/71/asset-3271771.jpg",
    "fullImage": "https://static.colruytgroup.com/images/500x500/std.lang.all/17/71/asset-3271771.jpg",
    "squareImage": "https://static.colruytgroup.com/images/500x500sq/std.lang.all/17/71/asset-3271771.jpg",
    "walkRouteSequenceNumber": 15383,
    "price": {
      "basicPrice": 10.49,
      "recommendedQuantity": "1.0",
      "measurementUnitPrice": 10.49,
      "measurementUnit": "S",
      "isRedPrice": false,
      "pricePerUOM": 10.49,
      "activationDate": "23-03-2024",
      "recordSource": "Folder",
      "isPromoActive": "N",
      "priceChangeCode": "E"
    },
    "isAvailable": true,
    "isPriceAvailable": true,
    "inPromo": false,
    "gtin": [
      "08710678125951",
      "08710678125937",
      "03600523853700",
      "03600521171516"
    ],
    "topCategoryName": "Lichaamsverzorging/Parfumerie",
    "topCategoryId": "591",
    "businessDomain": "NON_FOOD",
    "IsPrivateLabel": false,
    "IsBiffe": false,
    "IsWeightArticle": false,
    "RecentQuanityOfStockUnits": "1",
    "LongName": "L'OREAL Excellence mid. goudbruin 4.3",
    "IsBio": false,
    "CountryOfOrigin": "BELGIË",
    "FicCode": "N",
    "OrderUnit": "P",
    "ShortName": "EXCELLENCE NR 4.3",
    "IsNew": false
  },
  {
    "productId": "453346",
    "technicalArticleNumber": "4033553",
    "commercialArticleNumber": "378148",
    "name": "Oleo Intense 12-00",
    "brand": "SYOSS",
    "seoBrand": "Syoss",
    "thumbNail": "https://static.colruytgroup.com/images/200x200/std.lang.all/18/86/asset-3361886.jpg",
    "fullImage": "https://static.colruytgroup.com/images/500x500/std.lang.all/18/86/asset-3361886.jpg",
    "squareImage": "https://static.colruytgroup.com/images/500x500sq/std.lang.all/18/86/asset-3361886.jpg",
    "walkRouteSequenceNumber": 15391,
    "price": {
      "basicPrice": 11.39,
      "recommendedQuantity": "1.0",
      "measurementUnitPrice": 11.39,
      "measurementUnit": "S",
      "isRedPrice": false,
      "pricePerUOM": 11.39,
      "activationDate": "26-02-2024",
      "recordSource": "Offline",
      "isPromoActive": "N",
      "priceChangeCode": "H"
    },
    "isAvailable": true,
    "isPriceAvailable": true,
    "inPromo": false,
    "gtin": [
      "05410091732004",
      "05412530857897",
      "05412530857880"
    ],
    "topCategoryName": "Lichaamsverzorging/Parfumerie",
    "topCategoryId": "591",
    "businessDomain": "NON_FOOD",
    "IsPrivateLabel": false,
    "IsBiffe": false,
    "IsWeightArticle": false,
    "RecentQuanityOfStockUnits": "1",
    "LongName": "SYOSS Oleo Intense 12-00",
    "IsBio": false,
    "CountryOfOrigin": "SLOVENIË",
    "FicCode": "N",
    "OrderUnit": "P",
    "ShortName": "SYOSS OLEO INTENS.12-00",
    "IsNew": false
  },
  {
    "productId": "208425",
    "technicalArticleNumber": "3512493",
    "commercialArticleNumber": "16308",
    "name": "dch Rich Moist.Soft creme",
    "description": "*Douche Crème\n*Creme Soft",
    "brand": "NIVEA",
    "seoBrand": "Nivea",
    "thumbNail": "https://static.colruytgroup.com/images/200x200/std.lang.all/96/01/asset-929601.jpg",
    "fullImage": "https://static.colruytgroup.com/images/500x500/std.lang.all/96/01/asset-929601.jpg",
    "squareImage": "https://static.colruytgroup.com/images/500x500sq/std.lang.all/96/01/asset-929601.jpg",
    "content": "500ml",
    "walkRouteSequenceNumber": 14611,
    "price": {
      "basicPrice": 4.25,
      "recommendedQuantity": "1.0",
      "quantityPrice": 3.82,
      "quantityPriceQuantity": "2.0",
      "measurementUnitPrice": 8.5,
      "measurementUnitQuantityPrice": 7.64,
      "measurementUnit": "L",
      "isRedPrice": false,
      "pricePerUOM": 8.5,
      "activationDate": "23-03-2024",
      "recordSource": "Folder",
      "isPromoActive": "N",
      "priceChangeCode": "E",
      "quantityPricePerUOM": 7.64,
      "quantityActivationDate": "23-03-2024",
      "quantityPriceChangeCode": "E"
    },
    "isAvailable": true,
    "isPriceAvailable": true,
    "inPromo": false,
    "gtin": [
      "04005808920518",
      "05400141138085",
      "04005900348517",
      "04005805137476",
      "04005805137483"
    ],
    "topCategoryName": "Lichaamsverzorging/Parfumerie",
    "topCategoryId": "591",
    "businessDomain": "RETAIL_BE",
    "IsPrivateLabel": false,
    "IsBiffe": false,
    "WeightconversionFactor": "0",
    "IsWeightArticle": false,
    "IsBio": false,
    "CountryOfOrigin": "DUITSLAND",
    "IsExclusivelySoldInLuxembourg": false,
    "OrderUnit": "P",
    "ShortName": "NIV.DOUCH.CREM.SOFT 500",
    "IsNew": false,
    "RecentQuanityOfStockUnits": "1,2",
    "LongName": "NIVEA dch Rich Moist.Soft creme 500ml",
    "AlcoholVolume": "0",
    "FicCode": "N"
  },
  {
    "productId": "658639",
    "technicalArticleNumber": "4361254",
    "commercialArticleNumber": "378065",
    "name": "Cellular Elast.ampoules",
    "brand": "NIVEA",
    "seoBrand": "Nivea",
    "thumbNail": "https://static.colruytgroup.com/images/200x200/std.lang.all/63/93/asset-2296393.jpg",
    "fullImage": "https://static.colruytgroup.com/images/500x500/std.lang.all/63/93/asset-2296393.jpg",
    "squareImage": "https://static.colruytgroup.com/images/500x500sq/std.lang.all/63/93/asset-2296393.jpg",
    "content": "7x1,2ml",
    "walkRouteSequenceNumber": 15609,
    "price": {
      "basicPrice": 19.49,
      "recommendedQuantity": "1.0",
      "measurementUnitPrice": 19.49,
      "measurementUnit": "S",
      "isRedPrice": false,
      "pricePerUOM": 19.49,
      "activationDate": "16-03-2024",
      "recordSource": "Offline",
      "isPromoActive": "N",
      "priceChangeCode": "E"
    },
    "isAvailable": true,
    "isPriceAvailable": true,
    "inPromo": false,
    "gtin": [
      "04005900824660",
      "04005900824646",
      "04005900824653"
    ],
    "topCategoryName": "Lichaamsverzorging/Parfumerie",
    "topCategoryId": "591",
    "businessDomain": "NON_FOOD",
    "IsPrivateLabel": false,
    "IsBiffe": false,
    "IsWeightArticle": false,
    "RecentQuanityOfStockUnits": "1",
    "LongName": "NIVEA Cellular Elast.ampoules 7x1,2ml",
    "IsBio": false,
    "CountryOfOrigin": "DUITSLAND",
    "FicCode": "N",
    "OrderUnit": "P",
    "ShortName": "NIV.CELL.ELAST.AMPOULES",
    "IsNew": false
  },
  {
    "productId": "816113",
    "technicalArticleNumber": "4644958",
    "commercialArticleNumber": "23606",
    "name": "King C Style Master mes",
    "description": "*Helpt tegen\nscheeruitslag,\nirritatie en\nscheerbultjes\nte verminderen.",
    "brand": "GILLETTE",
    "seoBrand": "Gillette",
    "thumbNail": "https://static.colruytgroup.com/images/200x200/std.lang.all/57/36/asset-2895736.jpg",
    "fullImage": "https://static.colruytgroup.com/images/500x500/std.lang.all/57/36/asset-2895736.jpg",
    "squareImage": "https://static.colruytgroup.com/images/500x500sq/std.lang.all/57/36/asset-2895736.jpg",
    "walkRouteSequenceNumber": 18201,
    "price": {
      "basicPrice": 20.99,
      "recommendedQuantity": "1.0",
      "quantityPrice": 13.99,
      "quantityPriceQuantity": "3.0",
      "measurementUnitPrice": 20.99,
      "measurementUnitQuantityPrice": 13.99,
      "measurementUnit": "S",
      "isRedPrice": false,
      "pricePerUOM": 20.99,
      "activationDate": "23-03-2024",
      "recordSource": "Offline",
      "isPromoActive": "N",
      "priceChangeCode": "E",
      "quantityPricePerUOM": 13.99,
      "quantityActivationDate": "23-03-2024",
      "quantityPriceChangeCode": "E"
    },
    "isAvailable": true,
    "isPriceAvailable": true,
    "inPromo": false,
    "gtin": [
      "07702018602124",
      "07702018602131",
      "07702018602117"
    ],
    "topCategoryName": "Lichaamsverzorging/Parfumerie",
    "topCategoryId": "591",
    "businessDomain": "RETAIL_BE",
    "IsPrivateLabel": false,
    "IsBiffe": false,
    "WeightconversionFactor": "0",
    "IsWeightArticle": false,
    "IsBio": false,
    "CountryOfOrigin": "CHINA (VOLKSREBUPLIEK)",
    "IsExclusivelySoldInLuxembourg": false,
    "OrderUnit": "P",
    "ShortName": "GILL KCG ST.MAST.MES 1",
    "IsNew": false,
    "RecentQuanityOfStockUnits": "1",
    "LongName": "GILLETTE King C Style Master mes",
    "FicCode": "N"
  },
  {
    "productId": "336497",
    "technicalArticleNumber": "3829761",
    "commercialArticleNumber": "13550",
    "name": "deo Deep",
    "description": "*Deospray",
    "brand": "NIVEA MEN",
    "seoBrand": "Nivea Men",
    "thumbNail": "https://static.colruytgroup.com/images/200x200/std.lang.all/85/34/asset-1478534.jpg",
    "fullImage": "https://static.colruytgroup.com/images/500x500/std.lang.all/85/34/asset-1478534.jpg",
    "squareImage": "https://static.colruytgroup.com/images/500x500sq/std.lang.all/85/34/asset-1478534.jpg",
    "content": "150ml",
    "walkRouteSequenceNumber": 18678,
    "price": {
      "basicPrice": 4.29,
      "recommendedQuantity": "1.0",
      "quantityPrice": 2.57,
      "quantityPriceQuantity": "3.0",
      "measurementUnitPrice": 28.6,
      "measurementUnitQuantityPrice": 17.14,
      "measurementUnit": "L",
      "isRedPrice": false,
      "pricePerUOM": 28.6,
      "activationDate": "23-03-2024",
      "recordSource": "Offline",
      "isPromoActive": "N",
      "priceChangeCode": "L",
      "quantityPricePerUOM": 17.14,
      "quantityActivationDate": "23-03-2024",
      "quantityPriceChangeCode": "L"
    },
    "isAvailable": true,
    "isPriceAvailable": true,
    "inPromo": false,
    "gtin": [
      "15400141596318",
      "05400141237399",
      "04005900495549",
      "04005900495532"
    ],
    "topCategoryName": "Lichaamsverzorging/Parfumerie",
    "topCategoryId": "591",
    "businessDomain": "RETAIL_BE",
    "IsPrivateLabel": false,
    "IsBiffe": false,
    "WeightconversionFactor": "0",
    "IsWeightArticle": false,
    "IsBio": false,
    "CountryOfOrigin": "DUITSLAND",
    "IsExclusivelySoldInLuxembourg": false,
    "OrderUnit": "P",
    "ShortName": "NIVE DEO MEN DEEP 150ML",
    "IsNew": false,
    "RecentQuanityOfStockUnits": "1,2",
    "LongName": "NIVEA MEN deo Deep 150ml",
    "AlcoholVolume": "0",
    "FicCode": "N"
  },
  {
    "productId": "11740",
    "technicalArticleNumber": "1358170",
    "commercialArticleNumber": "23146",
    "name": "douche Energy",
    "description": "*Douchegel\n*Energy\n*Body,Face & Hair\nmet munt-extract",
    "brand": "NIVEA MEN",
    "seoBrand": "Nivea",
    "thumbNail": "https://static.colruytgroup.com/images/200x200/std.lang.all/95/84/asset-2619584.jpg",
    "fullImage": "https://static.colruytgroup.com/images/500x500/std.lang.all/95/84/asset-2619584.jpg",
    "squareImage": "https://static.colruytgroup.com/images/500x500sq/std.lang.all/95/84/asset-2619584.jpg",
    "content": "500ml",
    "walkRouteSequenceNumber": 14436,
    "price": {
      "basicPrice": 5.49,
      "recommendedQuantity": "1.0",
      "quantityPrice": 3.35,
      "quantityPriceQuantity": "2.0",
      "measurementUnitPrice": 10.98,
      "measurementUnitQuantityPrice": 6.7,
      "measurementUnit": "L",
      "isRedPrice": false,
      "pricePerUOM": 10.98,
      "activationDate": "23-03-2024",
      "recordSource": "Offline",
      "isPromoActive": "N",
      "priceChangeCode": "E",
      "quantityPricePerUOM": 6.7,
      "quantityActivationDate": "23-03-2024",
      "quantityPriceChangeCode": "E"
    },
    "isAvailable": true,
    "isPriceAvailable": true,
    "inPromo": false,
    "gtin": [
      "04005808130160",
      "04005808130153",
      "04005808638598",
      "04005808130146",
      "05400141231465",
      "04005808638611"
    ],
    "topCategoryName": "Lichaamsverzorging/Parfumerie",
    "topCategoryId": "591",
    "businessDomain": "RETAIL_BE",
    "IsPrivateLabel": false,
    "IsBiffe": false,
    "WeightconversionFactor": "0",
    "IsWeightArticle": false,
    "IsBio": false,
    "CountryOfOrigin": "DUITSLAND",
    "IsExclusivelySoldInLuxembourg": false,
    "OrderUnit": "P",
    "ShortName": "NIV.MEN DCH ENERGIE 500",
    "IsNew": false,
    "RecentQuanityOfStockUnits": "2,1",
    "LongName": "NIVEA MEN douche Energy 500ml",
    "AlcoholVolume": "0",
    "FicCode": "N"
  },
  {
    "productId": "201374",
    "technicalArticleNumber": "3441134",
    "commercialArticleNumber": "346321",
    "name": "body milk haver",
    "description": "*Bodymelk\n*250 ml\n*Droge huid",
    "brand": "ULTRA DOUX",
    "seoBrand": "Ultra Doux",
    "thumbNail": "https://static.colruytgroup.com/images/200x200/std.lang.all/27/25/asset-822725.jpg",
    "fullImage": "https://static.colruytgroup.com/images/500x500/std.lang.all/27/25/asset-822725.jpg",
    "squareImage": "https://static.colruytgroup.com/images/500x500sq/std.lang.all/27/25/asset-822725.jpg",
    "content": "250ml",
    "walkRouteSequenceNumber": 15519,
    "price": {
      "basicPrice": 6.45,
      "recommendedQuantity": "1.0",
      "measurementUnitPrice": 25.8,
      "measurementUnit": "L",
      "isRedPrice": false,
      "pricePerUOM": 25.8,
      "activationDate": "20-02-2024",
      "isPromoActive": "N",
      "priceChangeCode": "E"
    },
    "isAvailable": true,
    "isPriceAvailable": true,
    "inPromo": false,
    "gtin": [
      "03600541895065",
      "03600541895171"
    ],
    "topCategoryName": "Lichaamsverzorging/Parfumerie",
    "topCategoryId": "591",
    "businessDomain": "NON_FOOD",
    "IsPrivateLabel": false,
    "IsBiffe": false,
    "IsWeightArticle": false,
    "RecentQuanityOfStockUnits": "1",
    "LongName": "ULTRA DOUX body milk haver 250ml",
    "IsBio": false,
    "CountryOfOrigin": "BELGIË",
    "FicCode": "N",
    "OrderUnit": "P",
    "ShortName": "UD.BODYMILK HAVER 250ML",
    "IsNew": false
  },
  {
    "productId": "33507",
    "technicalArticleNumber": "1806764",
    "commercialArticleNumber": "720311",
    "name": "Accord Parfait foundation N4",
    "brand": "L'OREAL",
    "seoBrand": "L'Oréal Paris",
    "thumbNail": "https://static.colruytgroup.com/images/200x200/std.lang.all/65/92/asset-376592.jpg",
    "fullImage": "https://static.colruytgroup.com/images/500x500/std.lang.all/65/92/asset-376592.jpg",
    "squareImage": "https://static.colruytgroup.com/images/500x500sq/std.lang.all/65/92/asset-376592.jpg",
    "price": {
      "basicPrice": 14.24,
      "recommendedQuantity": "1.0",
      "measurementUnitPrice": 14.24,
      "measurementUnit": "S",
      "isRedPrice": false,
      "pricePerUOM": 14.24,
      "activationDate": "23-03-2024",
      "recordSource": "Folder",
      "isPromoActive": "N",
      "priceChangeCode": "E"
    },
    "isAvailable": true,
    "isPriceAvailable": true,
    "inPromo": false,
    "gtin": [
      "03600522845768",
      "03600522845751",
      "03600522178613",
      "03600522058267",
      "03600521069615",
      "03600521069417",
      "03600520470085"
    ],
    "topCategoryName": "Lichaamsverzorging/Parfumerie",
    "topCategoryId": "591",
    "businessDomain": "NON_FOOD",
    "IsPrivateLabel": false,
    "IsBiffe": false,
    "IsWeightArticle": false,
    "RecentQuanityOfStockUnits": "1",
    "LongName": "L'OREAL Accord Parfait foundation N4",
    "IsBio": false,
    "CountryOfOrigin": "BELGIË",
    "FicCode": "N",
    "OrderUnit": "P",
    "ShortName": "LOR.FDT.ACC.PARFAIT N4",
    "IsNew": false
  },
  {
    "productId": "210869",
    "technicalArticleNumber": "3512150",
    "commercialArticleNumber": "346489",
    "name": "Elastieken zwart 4 mm",
    "brand": "BABYLISS",
    "seoBrand": "Babyliss",
    "thumbNail": "https://static.colruytgroup.com/images/200x200/std.lang.all/69/21/asset-906921.jpg",
    "fullImage": "https://static.colruytgroup.com/images/500x500/std.lang.all/69/21/asset-906921.jpg",
    "squareImage": "https://static.colruytgroup.com/images/500x500sq/std.lang.all/69/21/asset-906921.jpg",
    "price": {
      "basicPrice": 3.24,
      "recommendedQuantity": "1.0",
      "measurementUnitPrice": 3.24,
      "measurementUnit": "S",
      "isRedPrice": false,
      "pricePerUOM": 3.24,
      "activationDate": "12-11-2022",
      "isPromoActive": "N",
      "priceChangeCode": "E"
    },
    "isAvailable": true,
    "isPriceAvailable": true,
    "inPromo": false,
    "gtin": [
      "73030057945043",
      "83030057945040",
      "03030057945044"
    ],
    "topCategoryName": "Lichaamsverzorging/Parfumerie",
    "topCategoryId": "591",
    "businessDomain": "NON_FOOD",
    "IsPrivateLabel": false,
    "IsBiffe": false,
    "IsWeightArticle": false,
    "RecentQuanityOfStockUnits": "1",
    "LongName": "BABYLISS Elastieken zwart 4 mm",
    "IsBio": false,
    "CountryOfOrigin": "CHINA (VOLKSREBUPLIEK)",
    "FicCode": "N",
    "OrderUnit": "P",
    "ShortName": "BABYL.ELAST.ZWART 4MM",
    "IsNew": false
  },
  {
    "productId": "589514",
    "technicalArticleNumber": "4247232",
    "commercialArticleNumber": "20726",
    "name": "douche cool",
    "brand": "NIVEA MEN",
    "seoBrand": "Nivea",
    "thumbNail": "https://static.colruytgroup.com/images/200x200/std.lang.all/95/67/asset-2619567.jpg",
    "fullImage": "https://static.colruytgroup.com/images/500x500/std.lang.all/95/67/asset-2619567.jpg",
    "squareImage": "https://static.colruytgroup.com/images/500x500sq/std.lang.all/95/67/asset-2619567.jpg",
    "content": "500ml",
    "walkRouteSequenceNumber": 14437,
    "price": {
      "basicPrice": 5.85,
      "recommendedQuantity": "1.0",
      "quantityPrice": 3.99,
      "quantityPriceQuantity": "3.0",
      "measurementUnitPrice": 11.7,
      "measurementUnitQuantityPrice": 7.98,
      "measurementUnit": "L",
      "isRedPrice": false,
      "pricePerUOM": 11.7,
      "activationDate": "13-03-2024",
      "recordSource": "Folder",
      "isPromoActive": "N",
      "priceChangeCode": "H",
      "quantityPricePerUOM": 7.98,
      "quantityActivationDate": "13-03-2024",
      "quantityPriceChangeCode": "E"
    },
    "isAvailable": true,
    "isPriceAvailable": true,
    "inPromo": false,
    "gtin": [
      "04005900835093",
      "04005900691637",
      "04005900691651",
      "04005900835079",
      "45400141312711",
      "04005900835086"
    ],
    "topCategoryName": "Lichaamsverzorging/Parfumerie",
    "topCategoryId": "591",
    "businessDomain": "RETAIL_BE",
    "IsPrivateLabel": false,
    "IsBiffe": false,
    "WeightconversionFactor": "0",
    "IsWeightArticle": false,
    "IsBio": false,
    "CountryOfOrigin": "DUITSLAND",
    "IsExclusivelySoldInLuxembourg": false,
    "OrderUnit": "P",
    "ShortName": "NIVE MEN DCH COOL 500",
    "IsNew": false,
    "RecentQuanityOfStockUnits": "2,1",
    "LongName": "NIVEA MEN douche cool 500ml",
    "FicCode": "N"
  },
  {
    "productId": "5549",
    "technicalArticleNumber": "346725",
    "commercialArticleNumber": "346725",
    "name": "Classic 5mx2,5cm",
    "description": "*Spoel",
    "brand": "HANSAPLAST",
    "seoBrand": "Hansaplast",
    "thumbNail": "https://static.colruytgroup.com/images/200x200/std.lang.all/75/13/asset-3347513.jpg",
    "fullImage": "https://static.colruytgroup.com/images/500x500/std.lang.all/75/13/asset-3347513.jpg",
    "squareImage": "https://static.colruytgroup.com/images/500x500sq/std.lang.all/75/13/asset-3347513.jpg",
    "content": "2st",
    "walkRouteSequenceNumber": 13916,
    "price": {
      "basicPrice": 5.9,
      "recommendedQuantity": "1.0",
      "measurementUnitPrice": 2.95,
      "measurementUnit": "S",
      "isRedPrice": false,
      "pricePerUOM": 2.95,
      "activationDate": "14-03-2024",
      "recordSource": "Online",
      "isPromoActive": "N",
      "priceChangeCode": "L"
    },
    "isAvailable": true,
    "isPriceAvailable": true,
    "inPromo": false,
    "gtin": [
      "04005800001710",
      "04005800205972",
      "04005800211706",
      "04005801001474",
      "04005802211704"
    ],
    "topCategoryName": "Lichaamsverzorging/Parfumerie",
    "topCategoryId": "591",
    "businessDomain": "NON_FOOD",
    "IsPrivateLabel": false,
    "IsBiffe": false,
    "IsWeightArticle": false,
    "RecentQuanityOfStockUnits": "1",
    "LongName": "HANSAPLAST Classic 5mx2,5cm 2st",
    "IsBio": false,
    "CountryOfOrigin": "COLOMBIA",
    "FicCode": "N",
    "OrderUnit": "P",
    "ShortName": "X2 HSPL.CLASSIC 2.5CM",
    "IsNew": false
  },
  {
    "productId": "177515",
    "technicalArticleNumber": "3361382",
    "commercialArticleNumber": "346196",
    "name": "Accord Parfait foundation D6,5",
    "brand": "L'OREAL",
    "seoBrand": "L'Oréal Paris",
    "thumbNail": "https://static.colruytgroup.com/images/200x200/std.lang.all/91/57/asset-679157.jpg",
    "fullImage": "https://static.colruytgroup.com/images/500x500/std.lang.all/91/57/asset-679157.jpg",
    "squareImage": "https://static.colruytgroup.com/images/500x500sq/std.lang.all/91/57/asset-679157.jpg",
    "walkRouteSequenceNumber": 15827,
    "price": {
      "basicPrice": 14.24,
      "recommendedQuantity": "1.0",
      "measurementUnitPrice": 14.24,
      "measurementUnit": "S",
      "isRedPrice": false,
      "pricePerUOM": 14.24,
      "activationDate": "23-03-2024",
      "recordSource": "Folder",
      "isPromoActive": "N",
      "priceChangeCode": "E"
    },
    "isAvailable": true,
    "isPriceAvailable": true,
    "inPromo": false,
    "gtin": [
      "03600522753056",
      "03600522847441",
      "03600522847434"
    ],
    "topCategoryName": "Lichaamsverzorging/Parfumerie",
    "topCategoryId": "591",
    "businessDomain": "NON_FOOD",
    "IsPrivateLabel": false,
    "IsBiffe": false,
    "IsWeightArticle": false,
    "RecentQuanityOfStockUnits": "1",
    "LongName": "L'OREAL Accord Parfait foundation D6,5",
    "IsBio": false,
    "CountryOfOrigin": "BELGIË",
    "FicCode": "N",
    "OrderUnit": "P",
    "ShortName": "LOR.FDT.ACC.PARF.D6.5",
    "IsNew": false
  },
  {
    "productId": "958931",
    "technicalArticleNumber": "4772863",
    "commercialArticleNumber": "32961",
    "name": "Quattro Essent.4 Trimmer",
    "description": "*Ons 3-in-1 scheerapparaat:\nscheert, trimt en stylt\nmet 3 niveaus om te trimmen\n*Gemakkelijk af te spoelen.\n*1 trimmer + 1 mesje + 1 batterij AAA",
    "brand": "WILKINSON",
    "seoBrand": "Wilkinson Sword",
    "thumbNail": "https://static.colruytgroup.com/images/200x200/std.lang.all/97/56/asset-3369756.jpg",
    "fullImage": "https://static.colruytgroup.com/images/500x500/std.lang.all/97/56/asset-3369756.jpg",
    "squareImage": "https://static.colruytgroup.com/images/500x500sq/std.lang.all/97/56/asset-3369756.jpg",
    "content": "1st",
    "walkRouteSequenceNumber": 15041,
    "price": {
      "basicPrice": 17.79,
      "recommendedQuantity": "1.0",
      "measurementUnitPrice": 17.79,
      "measurementUnit": "S",
      "isRedPrice": false,
      "pricePerUOM": 17.79,
      "activationDate": "14-02-2024",
      "recordSource": "Offline",
      "isPromoActive": "N",
      "priceChangeCode": "H"
    },
    "isAvailable": true,
    "isPriceAvailable": true,
    "inPromo": false,
    "gtin": [
      "04027800205400",
      "04027800205417"
    ],
    "topCategoryName": "Lichaamsverzorging/Parfumerie",
    "topCategoryId": "591",
    "businessDomain": "RETAIL_BE",
    "IsPrivateLabel": false,
    "IsBiffe": false,
    "WeightconversionFactor": "0",
    "IsWeightArticle": false,
    "IsBio": false,
    "CountryOfOrigin": "DUITSLAND",
    "IsExclusivelySoldInLuxembourg": false,
    "OrderUnit": "P",
    "ShortName": "WILK QUAT.ESS.4 PR.TRIM",
    "IsNew": false,
    "RecentQuanityOfStockUnits": "1",
    "LongName": "WILKINSON Quattro Essent.4 Trimmer 1st",
    "FicCode": "N"
  },
  {
    "productId": "562793",
    "technicalArticleNumber": "4202145",
    "commercialArticleNumber": "346481",
    "name": "Handcrème Repair&Care",
    "description": "*Handcrème\n*100ml",
    "brand": "NIVEA",
    "seoBrand": "Nivea",
    "thumbNail": "https://static.colruytgroup.com/images/200x200/std.lang.all/28/36/asset-2032836.jpg",
    "fullImage": "https://static.colruytgroup.com/images/500x500/std.lang.all/28/36/asset-2032836.jpg",
    "squareImage": "https://static.colruytgroup.com/images/500x500sq/std.lang.all/28/36/asset-2032836.jpg",
    "content": "100ml",
    "walkRouteSequenceNumber": 15655,
    "price": {
      "basicPrice": 5.49,
      "recommendedQuantity": "1.0",
      "measurementUnitPrice": 54.9,
      "measurementUnit": "L",
      "isRedPrice": false,
      "pricePerUOM": 54.9,
      "activationDate": "23-03-2024",
      "recordSource": "Offline",
      "isPromoActive": "N",
      "priceChangeCode": "E"
    },
    "isAvailable": true,
    "isPriceAvailable": true,
    "inPromo": false,
    "gtin": [
      "04005900701503",
      "04005900701510",
      "04005900701527"
    ],
    "topCategoryName": "Lichaamsverzorging/Parfumerie",
    "topCategoryId": "591",
    "businessDomain": "NON_FOOD",
    "IsPrivateLabel": false,
    "IsBiffe": false,
    "IsWeightArticle": false,
    "RecentQuanityOfStockUnits": "1",
    "LongName": "NIVEA Handcrème Repair&Care 100ml",
    "IsBio": false,
    "CountryOfOrigin": "BELGIË",
    "FicCode": "N",
    "OrderUnit": "P",
    "ShortName": "NIV.HANDCR.REPAIR 100ML",
    "IsNew": false
  },
  {
    "productId": "20472",
    "technicalArticleNumber": "1903172",
    "commercialArticleNumber": "23534",
    "name": "deo Sport/Cool Kick",
    "description": "*Anti-transpirant\n*2 parfums:\n48u bescherming\n-Cool Kick\n-Sport",
    "brand": "NIVEA MEN",
    "seoBrand": "Nivea",
    "thumbNail": "https://static.colruytgroup.com/images/200x200/std.lang.all/72/01/asset-1507201.jpg",
    "fullImage": "https://static.colruytgroup.com/images/500x500/std.lang.all/72/01/asset-1507201.jpg",
    "squareImage": "https://static.colruytgroup.com/images/500x500sq/std.lang.all/72/01/asset-1507201.jpg",
    "content": "150ml",
    "walkRouteSequenceNumber": 18680,
    "price": {
      "basicPrice": 3.49,
      "recommendedQuantity": "1.0",
      "quantityPrice": 2.33,
      "quantityPriceQuantity": "3.0",
      "measurementUnitPrice": 23.27,
      "measurementUnitQuantityPrice": 15.54,
      "measurementUnit": "L",
      "isRedPrice": false,
      "pricePerUOM": 23.27,
      "activationDate": "23-03-2024",
      "recordSource": "Offline",
      "isPromoActive": "N",
      "priceChangeCode": "E",
      "quantityPricePerUOM": 15.54,
      "quantityActivationDate": "23-03-2024",
      "quantityPriceChangeCode": "E"
    },
    "isAvailable": true,
    "isPriceAvailable": true,
    "inPromo": false,
    "gtin": [
      "15400141596226",
      "05400141235340",
      "04005900457677",
      "04005900457660",
      "04005900457516",
      "04005808147861",
      "04005900279026",
      "04005900457509"
    ],
    "topCategoryName": "Lichaamsverzorging/Parfumerie",
    "topCategoryId": "591",
    "businessDomain": "RETAIL_BE",
    "IsPrivateLabel": false,
    "IsBiffe": false,
    "WeightconversionFactor": "0",
    "IsWeightArticle": false,
    "IsBio": false,
    "CountryOfOrigin": "DUITSLAND",
    "IsExclusivelySoldInLuxembourg": false,
    "OrderUnit": "P",
    "ShortName": "NIVEA DEO COOL/SPORT150",
    "IsNew": false,
    "RecentQuanityOfStockUnits": "1,2,1",
    "LongName": "NIVEA MEN deo Sport/Cool Kick 150ml",
    "AlcoholVolume": "0",
    "FicCode": "N"
  },
  {
    "productId": "264851",
    "technicalArticleNumber": "3571896",
    "commercialArticleNumber": "17032",
    "name": "deo Fresh Natural",
    "description": "*Bodyspray\n*Fresh Natural:\n48u bescherming,\nfris gevoel",
    "brand": "NIVEA",
    "seoBrand": "Nivea",
    "thumbNail": "https://static.colruytgroup.com/images/200x200/std.lang.all/89/35/asset-1518935.jpg",
    "fullImage": "https://static.colruytgroup.com/images/500x500/std.lang.all/89/35/asset-1518935.jpg",
    "squareImage": "https://static.colruytgroup.com/images/500x500sq/std.lang.all/89/35/asset-1518935.jpg",
    "content": "200ml",
    "walkRouteSequenceNumber": 14738,
    "price": {
      "basicPrice": 4.78,
      "recommendedQuantity": "1.0",
      "quantityPrice": 2.66,
      "quantityPriceQuantity": "2.0",
      "measurementUnitPrice": 23.9,
      "measurementUnitQuantityPrice": 13.3,
      "measurementUnit": "L",
      "isRedPrice": false,
      "pricePerUOM": 23.9,
      "activationDate": "22-03-2024",
      "recordSource": "Offline",
      "isPromoActive": "N",
      "priceChangeCode": "E",
      "quantityPricePerUOM": 13.3,
      "quantityActivationDate": "22-03-2024",
      "quantityPriceChangeCode": "E"
    },
    "isAvailable": true,
    "isPriceAvailable": true,
    "inPromo": false,
    "gtin": [
      "04005800216527",
      "04005900747860",
      "05400141463514",
      "04005800216541",
      "04005900353467",
      "04005900461759",
      "04005900747853",
      "04005900755209",
      "04005900456144",
      "04005900755193"
    ],
    "topCategoryName": "Lichaamsverzorging/Parfumerie",
    "topCategoryId": "591",
    "businessDomain": "RETAIL_BE",
    "IsPrivateLabel": false,
    "IsBiffe": false,
    "WeightconversionFactor": "0",
    "IsWeightArticle": false,
    "IsBio": false,
    "CountryOfOrigin": "DUITSLAND",
    "IsExclusivelySoldInLuxembourg": false,
    "OrderUnit": "P",
    "ShortName": "NIVEA DEO FRESH WOM.200",
    "IsNew": false,
    "RecentQuanityOfStockUnits": "1,2,1",
    "LongName": "NIVEA deo Fresh Natural 200ml",
    "AlcoholVolume": "0",
    "FicCode": "N"
  },
  {
    "productId": "20471",
    "technicalArticleNumber": "1903171",
    "commercialArticleNumber": "23533",
    "name": "deospray Dry/Sensitive",
    "description": "*Anti-transpirant\n*2 parfums:\n48u bescherming\n-Sensitive Protect\n-Dry Impact",
    "brand": "NIVEA MEN",
    "seoBrand": "Nivea Men",
    "thumbNail": "https://static.colruytgroup.com/images/200x200/std.lang.all/87/29/asset-1508729.jpg",
    "fullImage": "https://static.colruytgroup.com/images/500x500/std.lang.all/87/29/asset-1508729.jpg",
    "squareImage": "https://static.colruytgroup.com/images/500x500sq/std.lang.all/87/29/asset-1508729.jpg",
    "content": "150ml",
    "walkRouteSequenceNumber": 18679,
    "price": {
      "basicPrice": 3.29,
      "recommendedQuantity": "1.0",
      "quantityPrice": 2.33,
      "quantityPriceQuantity": "3.0",
      "measurementUnitPrice": 21.94,
      "measurementUnitQuantityPrice": 15.54,
      "measurementUnit": "L",
      "isRedPrice": false,
      "pricePerUOM": 21.94,
      "activationDate": "23-03-2024",
      "recordSource": "Offline",
      "isPromoActive": "N",
      "priceChangeCode": "E",
      "quantityPricePerUOM": 15.54,
      "quantityActivationDate": "23-03-2024",
      "quantityPriceChangeCode": "E"
    },
    "isAvailable": true,
    "isPriceAvailable": true,
    "inPromo": false,
    "gtin": [
      "05400141235333",
      "15400141596219",
      "04005808734221",
      "04005808734658",
      "04005900457561",
      "04005900457288",
      "04005900457271",
      "04005900279057",
      "04005900457578",
      "04006000049632",
      "04006000049649"
    ],
    "topCategoryName": "Lichaamsverzorging/Parfumerie",
    "topCategoryId": "591",
    "businessDomain": "RETAIL_BE",
    "IsPrivateLabel": false,
    "IsBiffe": false,
    "WeightconversionFactor": "0",
    "IsWeightArticle": false,
    "IsBio": false,
    "CountryOfOrigin": "DUITSLAND",
    "IsExclusivelySoldInLuxembourg": false,
    "OrderUnit": "P",
    "ShortName": "NIV.DEO MEN DRY/SENS150",
    "IsNew": false,
    "RecentQuanityOfStockUnits": "1,2,1",
    "LongName": "NIVEA MEN deospray Dry/Sensitive 150ml",
    "AlcoholVolume": "0",
    "FicCode": "N"
  },
  {
    "productId": "1045217",
    "technicalArticleNumber": "4798023",
    "commercialArticleNumber": "3946",
    "name": "Broekje Zwart M Low",
    "description": "*Broekje\n*Lage taille\n*Voor urineverlies\n*Medisch hulpmiddel",
    "brand": "ALWAYS DISCREET",
    "seoBrand": "Always Discreet",
    "thumbNail": "https://static.colruytgroup.com/images/200x200/nl_be/38/71/asset-3453871.jpg",
    "fullImage": "https://static.colruytgroup.com/images/500x500/nl_be/38/71/asset-3453871.jpg",
    "squareImage": "https://static.colruytgroup.com/images/500x500sq/nl_be/38/71/asset-3453871.jpg",
    "content": "9st",
    "walkRouteSequenceNumber": 14136,
    "price": {
      "basicPrice": 14.99,
      "recommendedQuantity": "1.0",
      "quantityPrice": 10.3,
      "quantityPriceQuantity": "3.0",
      "measurementUnitPrice": 1.67,
      "measurementUnitQuantityPrice": 1.15,
      "measurementUnit": "S",
      "isRedPrice": false,
      "pricePerUOM": 1.67,
      "activationDate": "21-03-2024",
      "recordSource": "Offline",
      "isPromoActive": "N",
      "priceChangeCode": "E",
      "quantityPricePerUOM": 1.15,
      "quantityActivationDate": "21-03-2024",
      "quantityPriceChangeCode": "H"
    },
    "isAvailable": true,
    "isPriceAvailable": true,
    "inPromo": false,
    "gtin": [
      "08700216247665",
      "08700216247627",
      "08700216247641"
    ],
    "topCategoryName": "Lichaamsverzorging/Parfumerie",
    "topCategoryId": "591",
    "businessDomain": "RETAIL_BE",
    "IsPrivateLabel": false,
    "IsBiffe": false,
    "WeightconversionFactor": "0",
    "IsWeightArticle": false,
    "IsBio": false,
    "CountryOfOrigin": "DUITSLAND",
    "IsExclusivelySoldInLuxembourg": false,
    "OrderUnit": "P",
    "ShortName": "ALWA DIS.BRK.MED. LT 9S",
    "IsNew": true,
    "RecentQuanityOfStockUnits": "1",
    "LongName": "ALWAYS DISCREET Broekje Zwart M Low 9st",
    "AlcoholVolume": "0",
    "FicCode": "N"
  },
  {
    "productId": "344177",
    "technicalArticleNumber": "3827756",
    "commercialArticleNumber": "21793",
    "name": "Men douche Deep",
    "description": "*Douchegel\n*Deep Clean",
    "brand": "NIVEA",
    "seoBrand": "Nivea",
    "thumbNail": "https://static.colruytgroup.com/images/200x200/std.lang.all/95/65/asset-2619565.jpg",
    "fullImage": "https://static.colruytgroup.com/images/500x500/std.lang.all/95/65/asset-2619565.jpg",
    "squareImage": "https://static.colruytgroup.com/images/500x500sq/std.lang.all/95/65/asset-2619565.jpg",
    "content": "500ml",
    "walkRouteSequenceNumber": 14445,
    "price": {
      "basicPrice": 4.19,
      "recommendedQuantity": "1.0",
      "quantityPrice": 3.19,
      "quantityPriceQuantity": "3.0",
      "measurementUnitPrice": 8.38,
      "measurementUnitQuantityPrice": 6.38,
      "measurementUnit": "L",
      "isRedPrice": false,
      "pricePerUOM": 8.38,
      "activationDate": "19-03-2024",
      "recordSource": "Offline",
      "isPromoActive": "N",
      "priceChangeCode": "E",
      "quantityPricePerUOM": 6.38,
      "quantityActivationDate": "19-03-2024",
      "quantityPriceChangeCode": "L"
    },
    "isAvailable": true,
    "isPriceAvailable": true,
    "inPromo": false,
    "gtin": [
      "26001051003246",
      "05400141236538",
      "16001051002662",
      "04005900514837",
      "04005900514851",
      "06001051003075"
    ],
    "topCategoryName": "Lichaamsverzorging/Parfumerie",
    "topCategoryId": "591",
    "businessDomain": "RETAIL_BE",
    "IsPrivateLabel": false,
    "IsBiffe": false,
    "WeightconversionFactor": "0",
    "IsWeightArticle": false,
    "IsBio": false,
    "CountryOfOrigin": "DUITSLAND",
    "IsExclusivelySoldInLuxembourg": false,
    "OrderUnit": "P",
    "ShortName": "NIVE MEN DCH DEEP 500ML",
    "IsNew": false,
    "RecentQuanityOfStockUnits": "1",
    "LongName": "NIVEA Men douche Deep 500ml",
    "AlcoholVolume": "0",
    "FicCode": "N"
  },
  {
    "productId": "90675",
    "technicalArticleNumber": "2968500",
    "commercialArticleNumber": "282173",
    "name": "Oleo Intense subtiel mahonie 3-82",
    "description": "SYOSS OLEO INTENSE\nSUBTIEL MAHONIE 3-82\n115 ML",
    "brand": "SYOSS",
    "seoBrand": "Syoss",
    "thumbNail": "https://static.colruytgroup.com/images/200x200/std.lang.all/79/54/asset-3237954.jpg",
    "fullImage": "https://static.colruytgroup.com/images/500x500/std.lang.all/79/54/asset-3237954.jpg",
    "squareImage": "https://static.colruytgroup.com/images/500x500sq/std.lang.all/79/54/asset-3237954.jpg",
    "walkRouteSequenceNumber": 15371,
    "price": {
      "basicPrice": 11.39,
      "recommendedQuantity": "1.0",
      "measurementUnitPrice": 11.39,
      "measurementUnit": "S",
      "isRedPrice": false,
      "pricePerUOM": 11.39,
      "activationDate": "26-02-2024",
      "recordSource": "Offline",
      "isPromoActive": "N",
      "priceChangeCode": "H"
    },
    "isAvailable": true,
    "isPriceAvailable": true,
    "inPromo": false,
    "gtin": [
      "05412530805232",
      "05412530805225",
      "05410091702663"
    ],
    "topCategoryName": "Lichaamsverzorging/Parfumerie",
    "topCategoryId": "591",
    "businessDomain": "NON_FOOD",
    "IsPrivateLabel": false,
    "IsBiffe": false,
    "IsWeightArticle": false,
    "RecentQuanityOfStockUnits": "1",
    "LongName": "SYOSS Oleo Intense subtiel mahonie 3-82",
    "IsBio": false,
    "CountryOfOrigin": "DUITSLAND",
    "FicCode": "N",
    "OrderUnit": "P",
    "ShortName": "SYOSS OLEO INTENSE 3-82",
    "IsNew": false
  },
  {
    "productId": "30800",
    "technicalArticleNumber": "1649572",
    "commercialArticleNumber": "654841",
    "name": "Accord Parfait poeder D3",
    "brand": "L'OREAL",
    "seoBrand": "L'Oréal Paris",
    "thumbNail": "https://static.colruytgroup.com/images/200x200/std.lang.all/93/01/asset-359301.jpg",
    "fullImage": "https://static.colruytgroup.com/images/500x500/std.lang.all/93/01/asset-359301.jpg",
    "squareImage": "https://static.colruytgroup.com/images/500x500sq/std.lang.all/93/01/asset-359301.jpg",
    "walkRouteSequenceNumber": 15661,
    "price": {
      "basicPrice": 12.74,
      "recommendedQuantity": "1.0",
      "measurementUnitPrice": 12.74,
      "measurementUnit": "S",
      "isRedPrice": false,
      "pricePerUOM": 12.74,
      "activationDate": "23-03-2024",
      "recordSource": "Folder",
      "isPromoActive": "N",
      "priceChangeCode": "E"
    },
    "isAvailable": true,
    "isPriceAvailable": true,
    "inPromo": false,
    "gtin": [
      "03600520773803",
      "03600520930367",
      "03600520930428"
    ],
    "topCategoryName": "Lichaamsverzorging/Parfumerie",
    "topCategoryId": "591",
    "businessDomain": "NON_FOOD",
    "IsPrivateLabel": false,
    "IsBiffe": false,
    "IsWeightArticle": false,
    "RecentQuanityOfStockUnits": "1",
    "LongName": "L'OREAL Accord Parfait poeder D3",
    "IsBio": false,
    "CountryOfOrigin": "BELGIË",
    "FicCode": "N",
    "OrderUnit": "P",
    "ShortName": "LOR.ACC.PARF.POEDER D3",
    "IsNew": false
  },
  {
    "productId": "96897",
    "technicalArticleNumber": "2918361",
    "commercialArticleNumber": "1936",
    "name": "Care&Relax/Creme Soft",
    "description": "*Badcrème\n*2 parfums:\n-Soft\n-care & relax\n*PH-neutraal",
    "brand": "NIVEA",
    "seoBrand": "Nivea",
    "thumbNail": "https://static.colruytgroup.com/images/200x200/std.lang.all/84/78/asset-2418478.jpg",
    "fullImage": "https://static.colruytgroup.com/images/500x500/std.lang.all/84/78/asset-2418478.jpg",
    "squareImage": "https://static.colruytgroup.com/images/500x500sq/std.lang.all/84/78/asset-2418478.jpg",
    "content": "750ml",
    "walkRouteSequenceNumber": 14760,
    "price": {
      "basicPrice": 4.05,
      "recommendedQuantity": "1.0",
      "measurementUnitPrice": 5.4,
      "measurementUnit": "L",
      "isRedPrice": false,
      "pricePerUOM": 5.4,
      "activationDate": "06-03-2024",
      "recordSource": "Offline",
      "isPromoActive": "N",
      "priceChangeCode": "H"
    },
    "isAvailable": true,
    "isPriceAvailable": true,
    "inPromo": false,
    "gtin": [
      "04005808124480",
      "04005808129508",
      "04005808129447",
      "04005808933617",
      "04005808933594",
      "04005805432687",
      "04005805432670",
      "04005900810427",
      "04005900422699",
      "04005805215877",
      "04005900810434"
    ],
    "topCategoryName": "Lichaamsverzorging/Parfumerie",
    "topCategoryId": "591",
    "businessDomain": "RETAIL_BE",
    "IsPrivateLabel": false,
    "IsBiffe": false,
    "WeightconversionFactor": "0",
    "IsWeightArticle": false,
    "IsBio": false,
    "CountryOfOrigin": "DUITSLAND",
    "IsExclusivelySoldInLuxembourg": false,
    "OrderUnit": "P",
    "ShortName": "NIVE BAD SOFT/CARE750",
    "IsNew": false,
    "RecentQuanityOfStockUnits": "1,1",
    "LongName": "NIVEA Care&Relax/Creme Soft 750ml",
    "AlcoholVolume": "0",
    "FicCode": "N"
  },
  {
    "productId": "161736",
    "technicalArticleNumber": "3288716",
    "commercialArticleNumber": "282884",
    "name": "Sensitive 1mx8cm",
    "description": "*Sensitive",
    "brand": "HANSAPLAST",
    "seoBrand": "Hansaplast",
    "thumbNail": "https://static.colruytgroup.com/images/200x200/std.lang.all/76/32/asset-3347632.jpg",
    "fullImage": "https://static.colruytgroup.com/images/500x500/std.lang.all/76/32/asset-3347632.jpg",
    "squareImage": "https://static.colruytgroup.com/images/500x500sq/std.lang.all/76/32/asset-3347632.jpg",
    "walkRouteSequenceNumber": 13913,
    "price": {
      "basicPrice": 3.99,
      "recommendedQuantity": "1.0",
      "measurementUnitPrice": 3.99,
      "measurementUnit": "S",
      "isRedPrice": false,
      "pricePerUOM": 3.99,
      "activationDate": "06-03-2024",
      "recordSource": "Online",
      "isPromoActive": "N",
      "priceChangeCode": "H"
    },
    "isAvailable": true,
    "isPriceAvailable": true,
    "inPromo": false,
    "gtin": [
      "04005800075247",
      "04005800075216"
    ],
    "topCategoryName": "Lichaamsverzorging/Parfumerie",
    "topCategoryId": "591",
    "businessDomain": "NON_FOOD",
    "IsPrivateLabel": false,
    "IsBiffe": false,
    "IsWeightArticle": false,
    "RecentQuanityOfStockUnits": "1",
    "LongName": "HANSAPLAST Sensitive 1mx8cm",
    "IsBio": false,
    "AlcoholVolume": "0",
    "CountryOfOrigin": "BELGIË",
    "FicCode": "N",
    "OrderUnit": "P",
    "ShortName": "HSPL.SENSITIVE 1MX8CM",
    "IsNew": false
  },
  {
    "productId": "343440",
    "technicalArticleNumber": "3820677",
    "commercialArticleNumber": "346979",
    "name": "Superstay lippenstift 725",
    "brand": "MAYBELLINE",
    "seoBrand": "Maybelline",
    "thumbNail": "https://static.colruytgroup.com/images/200x200/std.lang.all/33/12/asset-1563312.jpg",
    "fullImage": "https://static.colruytgroup.com/images/500x500/std.lang.all/33/12/asset-1563312.jpg",
    "squareImage": "https://static.colruytgroup.com/images/500x500sq/std.lang.all/33/12/asset-1563312.jpg",
    "walkRouteSequenceNumber": 15787,
    "price": {
      "basicPrice": 12.15,
      "recommendedQuantity": "1.0",
      "measurementUnitPrice": 12.15,
      "measurementUnit": "S",
      "isRedPrice": false,
      "pricePerUOM": 12.15,
      "activationDate": "15-03-2024",
      "recordSource": "Offline",
      "isPromoActive": "N",
      "priceChangeCode": "H"
    },
    "isAvailable": true,
    "isPriceAvailable": true,
    "inPromo": false,
    "gtin": [
      "03600531300753",
      "03600531302917",
      "03600531302900"
    ],
    "topCategoryName": "Lichaamsverzorging/Parfumerie",
    "topCategoryId": "591",
    "businessDomain": "NON_FOOD",
    "IsPrivateLabel": false,
    "IsBiffe": false,
    "IsWeightArticle": false,
    "RecentQuanityOfStockUnits": "1",
    "LongName": "MAYBELLINE Superstay lippenstift 725",
    "IsBio": false,
    "CountryOfOrigin": "BELGIË",
    "FicCode": "N",
    "OrderUnit": "P",
    "ShortName": "MAY.SUPERSTAY 24H 725",
    "IsNew": false
  },
  {
    "productId": "148306",
    "technicalArticleNumber": "3327306",
    "commercialArticleNumber": "282982",
    "name": "superstay 24h poeder 21",
    "brand": "MAYBELLINE",
    "seoBrand": "Maybelline",
    "thumbNail": "https://static.colruytgroup.com/images/200x200/std.lang.all/62/01/asset-876201.jpg",
    "fullImage": "https://static.colruytgroup.com/images/500x500/std.lang.all/62/01/asset-876201.jpg",
    "squareImage": "https://static.colruytgroup.com/images/500x500sq/std.lang.all/62/01/asset-876201.jpg",
    "walkRouteSequenceNumber": 14330,
    "price": {
      "basicPrice": 15.09,
      "recommendedQuantity": "1.0",
      "measurementUnitPrice": 15.09,
      "measurementUnit": "S",
      "isRedPrice": false,
      "pricePerUOM": 15.09,
      "activationDate": "07-03-2024",
      "isPromoActive": "N",
      "priceChangeCode": "H"
    },
    "isAvailable": true,
    "isPriceAvailable": true,
    "inPromo": false,
    "gtin": [
      "03600530854738",
      "03600530854806",
      "03600530854875"
    ],
    "topCategoryName": "Lichaamsverzorging/Parfumerie",
    "topCategoryId": "591",
    "businessDomain": "NON_FOOD",
    "IsPrivateLabel": false,
    "IsBiffe": false,
    "IsWeightArticle": false,
    "RecentQuanityOfStockUnits": "1",
    "LongName": "MAYBELLINE superstay 24h poeder 21",
    "IsBio": false,
    "CountryOfOrigin": "BELGIË",
    "FicCode": "N",
    "OrderUnit": "P",
    "ShortName": "MAYB.SUPERST.POEDER 21",
    "IsNew": false
  },
  {
    "productId": "5033",
    "technicalArticleNumber": "282583",
    "commercialArticleNumber": "282583",
    "name": "nagelknipper mini",
    "description": "SOLINGEN.\n.\n.",
    "brand": "WILKINSON",
    "seoBrand": "Wilkinson Sword",
    "thumbNail": "https://static.colruytgroup.com/images/200x200/std.lang.all/61/04/asset-376104.jpg",
    "fullImage": "https://static.colruytgroup.com/images/500x500/std.lang.all/61/04/asset-376104.jpg",
    "squareImage": "https://static.colruytgroup.com/images/500x500sq/std.lang.all/61/04/asset-376104.jpg",
    "price": {
      "basicPrice": 4.99,
      "recommendedQuantity": "1.0",
      "measurementUnitPrice": 4.99,
      "measurementUnit": "S",
      "isRedPrice": false,
      "pricePerUOM": 4.99,
      "activationDate": "14-11-2023",
      "isPromoActive": "N",
      "priceChangeCode": "E"
    },
    "isAvailable": true,
    "isPriceAvailable": true,
    "inPromo": false,
    "gtin": [
      "04027800091904",
      "04027800091911",
      "04027800091928"
    ],
    "topCategoryName": "Lichaamsverzorging/Parfumerie",
    "topCategoryId": "591",
    "businessDomain": "NON_FOOD",
    "IsPrivateLabel": false,
    "IsBiffe": false,
    "IsWeightArticle": false,
    "RecentQuanityOfStockUnits": "1",
    "LongName": "WILKINSON nagelknipper mini",
    "IsBio": false,
    "CountryOfOrigin": "ROEMENIË",
    "FicCode": "N",
    "OrderUnit": "P",
    "ShortName": "W.S.NAGELKNIPPER MINI",
    "IsNew": false
  },
  {
    "productId": "17264",
    "technicalArticleNumber": "1730792",
    "commercialArticleNumber": "720127",
    "name": "casting creme gloss",
    "description": "*Haarkleuring\n*Tegen grijze haren",
    "brand": "L'OREAL",
    "seoBrand": "L'Oréal",
    "thumbNail": "https://ecgproductmw.colruytgroup.com/ecgproductmw/noPicForArticle_2.jpg",
    "fullImage": "https://ecgproductmw.colruytgroup.com/ecgproductmw/noPicForArticle_5.jpg",
    "squareImage": "https://ecgproductmw.colruytgroup.com/ecgproductmw/noPicForArticle_5.jpg",
    "walkRouteSequenceNumber": 15452,
    "price": {
      "basicPrice": 9,
      "recommendedQuantity": "1.0",
      "measurementUnitPrice": 9,
      "measurementUnit": "S",
      "isRedPrice": false,
      "pricePerUOM": 9,
      "activationDate": "23-03-2024",
      "recordSource": "Folder",
      "isPromoActive": "N",
      "priceChangeCode": "E"
    },
    "isAvailable": true,
    "isPriceAvailable": true,
    "inPromo": false,
    "topCategoryName": "Lichaamsverzorging/Parfumerie",
    "topCategoryId": "591",
    "businessDomain": "NON_FOOD",
    "IsPrivateLabel": false,
    "IsBiffe": false,
    "RecentQuanityOfStockUnits": "1",
    "LongName": "L'OREAL casting creme gloss",
    "IsBio": false,
    "FicCode": "N",
    "ShortName": "CASTING CREME GLOSS *",
    "IsNew": false
  },
  {
    "productId": "97409",
    "technicalArticleNumber": "2871294",
    "commercialArticleNumber": "952593",
    "name": "Dream Fr.BB crème Light",
    "brand": "MAYBELLINE",
    "seoBrand": "Maybelline",
    "thumbNail": "https://static.colruytgroup.com/images/200x200/std.lang.all/68/70/asset-346870.jpg",
    "fullImage": "https://static.colruytgroup.com/images/500x500/std.lang.all/68/70/asset-346870.jpg",
    "squareImage": "https://static.colruytgroup.com/images/500x500sq/std.lang.all/68/70/asset-346870.jpg",
    "content": "30ml",
    "walkRouteSequenceNumber": 15821,
    "price": {
      "basicPrice": 10.49,
      "recommendedQuantity": "1.0",
      "measurementUnitPrice": 10.49,
      "measurementUnit": "S",
      "isRedPrice": false,
      "pricePerUOM": 10.49,
      "activationDate": "28-02-2024",
      "recordSource": "Offline",
      "isPromoActive": "N",
      "priceChangeCode": "E"
    },
    "isAvailable": true,
    "isPriceAvailable": true,
    "inPromo": false,
    "gtin": [
      "03600530792610",
      "03600530792559",
      "03600530792498"
    ],
    "topCategoryName": "Lichaamsverzorging/Parfumerie",
    "topCategoryId": "591",
    "businessDomain": "NON_FOOD",
    "IsPrivateLabel": false,
    "IsBiffe": false,
    "IsWeightArticle": false,
    "RecentQuanityOfStockUnits": "1",
    "LongName": "MAYBELLINE Dream Fr.BB crème Light 30ml",
    "IsBio": false,
    "CountryOfOrigin": "BELGIË",
    "FicCode": "N",
    "OrderUnit": "P",
    "ShortName": "MAYB. BB FRESH LIGHT",
    "IsNew": false
  },
  {
    "productId": "147700",
    "technicalArticleNumber": "3327263",
    "commercialArticleNumber": "282980",
    "name": "colossal volume mascara",
    "description": "*Waterproof",
    "brand": "MAYBELLINE",
    "seoBrand": "Gemey Maybelline",
    "thumbNail": "https://ecgproductmw.colruytgroup.com/ecgproductmw/noPicForArticle_2.jpg",
    "fullImage": "https://ecgproductmw.colruytgroup.com/ecgproductmw/noPicForArticle_5.jpg",
    "squareImage": "https://ecgproductmw.colruytgroup.com/ecgproductmw/noPicForArticle_5.jpg",
    "walkRouteSequenceNumber": 15739,
    "price": {
      "basicPrice": 14.49,
      "recommendedQuantity": "1.0",
      "measurementUnitPrice": 14.49,
      "measurementUnit": "S",
      "isRedPrice": false,
      "pricePerUOM": 14.49,
      "activationDate": "23-03-2024",
      "recordSource": "Offline",
      "isPromoActive": "N",
      "priceChangeCode": "H"
    },
    "isAvailable": true,
    "isPriceAvailable": true,
    "inPromo": false,
    "topCategoryName": "Lichaamsverzorging/Parfumerie",
    "topCategoryId": "591",
    "businessDomain": "NON_FOOD",
    "IsPrivateLabel": false,
    "IsBiffe": false,
    "RecentQuanityOfStockUnits": "1",
    "LongName": "MAYBELLINE colossal volume mascara",
    "IsBio": false,
    "FicCode": "N",
    "ShortName": "MAYB.COLOSSAL VOLUME *",
    "IsNew": false
  },
  {
    "productId": "162357",
    "technicalArticleNumber": "3288850",
    "commercialArticleNumber": "282889",
    "name": "Super Stay 24h lipstick 510",
    "brand": "MAYBELLINE",
    "seoBrand": "Maybelline",
    "thumbNail": "https://static.colruytgroup.com/images/200x200/std.lang.all/42/52/asset-574252.jpg",
    "fullImage": "https://static.colruytgroup.com/images/500x500/std.lang.all/42/52/asset-574252.jpg",
    "squareImage": "https://static.colruytgroup.com/images/500x500sq/std.lang.all/42/52/asset-574252.jpg",
    "walkRouteSequenceNumber": 15779,
    "price": {
      "basicPrice": 12.15,
      "recommendedQuantity": "1.0",
      "measurementUnitPrice": 12.15,
      "measurementUnit": "S",
      "isRedPrice": false,
      "pricePerUOM": 12.15,
      "activationDate": "15-03-2024",
      "recordSource": "Offline",
      "isPromoActive": "N",
      "priceChangeCode": "H"
    },
    "isAvailable": true,
    "isPriceAvailable": true,
    "inPromo": false,
    "gtin": [
      "03600531600280",
      "03600530391622",
      "03600530391837",
      "03600531308506",
      "03600531308513",
      "03600531600273",
      "03600530392049"
    ],
    "topCategoryName": "Lichaamsverzorging/Parfumerie",
    "topCategoryId": "591",
    "businessDomain": "NON_FOOD",
    "IsPrivateLabel": false,
    "IsBiffe": false,
    "IsWeightArticle": false,
    "RecentQuanityOfStockUnits": "1",
    "LongName": "MAYBELLINE Super Stay 24h lipstick 510",
    "IsBio": false,
    "CountryOfOrigin": "BELGIË",
    "FicCode": "N",
    "OrderUnit": "P",
    "ShortName": "MAY.SUPERST.24H LIP 510",
    "IsNew": false
  },
  {
    "productId": "147747",
    "technicalArticleNumber": "3329012",
    "commercialArticleNumber": "346041",
    "name": "Brow satin duo",
    "description": "X",
    "brand": "MAYBELLINE",
    "seoBrand": "Gemey Maybelline",
    "thumbNail": "https://ecgproductmw.colruytgroup.com/ecgproductmw/noPicForArticle_2.jpg",
    "fullImage": "https://ecgproductmw.colruytgroup.com/ecgproductmw/noPicForArticle_5.jpg",
    "squareImage": "https://ecgproductmw.colruytgroup.com/ecgproductmw/noPicForArticle_5.jpg",
    "walkRouteSequenceNumber": 15771,
    "price": {
      "basicPrice": 9.49,
      "recommendedQuantity": "1.0",
      "measurementUnitPrice": 9.49,
      "measurementUnit": "S",
      "isRedPrice": false,
      "pricePerUOM": 9.49,
      "activationDate": "20-03-2024",
      "recordSource": "Offline",
      "isPromoActive": "N",
      "priceChangeCode": "L"
    },
    "isAvailable": true,
    "isPriceAvailable": true,
    "inPromo": false,
    "topCategoryName": "Lichaamsverzorging/Parfumerie",
    "topCategoryId": "591",
    "businessDomain": "NON_FOOD",
    "IsPrivateLabel": false,
    "IsBiffe": false,
    "RecentQuanityOfStockUnits": "1",
    "LongName": "MAYBELLINE Brow satin duo",
    "IsBio": false,
    "FicCode": "N",
    "ShortName": "MAYB.BROW SATIN DUO *",
    "IsNew": false
  },
  {
    "productId": "5036",
    "technicalArticleNumber": "282586",
    "commercialArticleNumber": "282586",
    "name": "saffiervijl",
    "description": "SOLINGEN.\n.\n.",
    "brand": "WILKINSON",
    "seoBrand": "Wilkinson Sword",
    "thumbNail": "https://static.colruytgroup.com/images/200x200/std.lang.all/61/40/asset-376140.jpg",
    "fullImage": "https://static.colruytgroup.com/images/500x500/std.lang.all/61/40/asset-376140.jpg",
    "squareImage": "https://static.colruytgroup.com/images/500x500sq/std.lang.all/61/40/asset-376140.jpg",
    "price": {
      "basicPrice": 3.99,
      "recommendedQuantity": "1.0",
      "measurementUnitPrice": 3.99,
      "measurementUnit": "S",
      "isRedPrice": false,
      "pricePerUOM": 3.99,
      "activationDate": "14-11-2023",
      "isPromoActive": "N",
      "priceChangeCode": "E"
    },
    "isAvailable": true,
    "isPriceAvailable": true,
    "inPromo": false,
    "gtin": [
      "04027800092307",
      "04027800092314",
      "04027800092321"
    ],
    "topCategoryName": "Lichaamsverzorging/Parfumerie",
    "topCategoryId": "591",
    "businessDomain": "NON_FOOD",
    "IsPrivateLabel": false,
    "IsBiffe": false,
    "IsWeightArticle": false,
    "RecentQuanityOfStockUnits": "1",
    "LongName": "WILKINSON saffiervijl",
    "IsBio": false,
    "CountryOfOrigin": "ROEMENIË",
    "FicCode": "N",
    "OrderUnit": "P",
    "ShortName": "W.S.SAFFIERVIJL 18CM",
    "IsNew": false
  },
  {
    "productId": "148308",
    "technicalArticleNumber": "3327310",
    "commercialArticleNumber": "282983",
    "name": "superstay 24h poeder 30",
    "brand": "MAYBELLINE",
    "seoBrand": "Maybelline",
    "thumbNail": "https://static.colruytgroup.com/images/200x200/std.lang.all/61/39/asset-876139.jpg",
    "fullImage": "https://static.colruytgroup.com/images/500x500/std.lang.all/61/39/asset-876139.jpg",
    "squareImage": "https://static.colruytgroup.com/images/500x500sq/std.lang.all/61/39/asset-876139.jpg",
    "walkRouteSequenceNumber": 14329,
    "price": {
      "basicPrice": 15.09,
      "recommendedQuantity": "1.0",
      "measurementUnitPrice": 15.09,
      "measurementUnit": "S",
      "isRedPrice": false,
      "pricePerUOM": 15.09,
      "activationDate": "07-03-2024",
      "isPromoActive": "N",
      "priceChangeCode": "H"
    },
    "isAvailable": true,
    "isPriceAvailable": true,
    "inPromo": false,
    "gtin": [
      "03600530854813",
      "03600530854745",
      "03600530854882"
    ],
    "topCategoryName": "Lichaamsverzorging/Parfumerie",
    "topCategoryId": "591",
    "businessDomain": "NON_FOOD",
    "IsPrivateLabel": false,
    "IsBiffe": false,
    "IsWeightArticle": false,
    "RecentQuanityOfStockUnits": "1",
    "LongName": "MAYBELLINE superstay 24h poeder 30",
    "IsBio": false,
    "CountryOfOrigin": "BELGIË",
    "FicCode": "N",
    "OrderUnit": "P",
    "ShortName": "MAYB.SUPERST.POEDER 30",
    "IsNew": false
  },
  {
    "productId": "94742",
    "technicalArticleNumber": "2862410",
    "commercialArticleNumber": "952517",
    "name": "lash sensational",
    "description": "X",
    "brand": "MAYBELLINE",
    "seoBrand": "Gemey Maybelline",
    "thumbNail": "https://ecgproductmw.colruytgroup.com/ecgproductmw/noPicForArticle_2.jpg",
    "fullImage": "https://ecgproductmw.colruytgroup.com/ecgproductmw/noPicForArticle_5.jpg",
    "squareImage": "https://ecgproductmw.colruytgroup.com/ecgproductmw/noPicForArticle_5.jpg",
    "walkRouteSequenceNumber": 15747,
    "price": {
      "basicPrice": 11.99,
      "recommendedQuantity": "1.0",
      "measurementUnitPrice": 11.99,
      "measurementUnit": "S",
      "isRedPrice": false,
      "pricePerUOM": 11.99,
      "activationDate": "15-03-2024",
      "recordSource": "Offline",
      "isPromoActive": "N",
      "priceChangeCode": "E"
    },
    "isAvailable": true,
    "isPriceAvailable": true,
    "inPromo": false,
    "topCategoryName": "Lichaamsverzorging/Parfumerie",
    "topCategoryId": "591",
    "businessDomain": "NON_FOOD",
    "IsPrivateLabel": false,
    "IsBiffe": false,
    "RecentQuanityOfStockUnits": "1",
    "LongName": "MAYBELLINE lash sensational",
    "IsBio": false,
    "FicCode": "N",
    "ShortName": "MAYB.MASCARA LASH SENS*",
    "IsNew": false
  },
  {
    "productId": "264969",
    "technicalArticleNumber": "3571928",
    "commercialArticleNumber": "17106",
    "name": "deo Fresh Active",
    "description": "*Bodyspray\n*Fresh Active:\n48u bescherming,\nmet oceaanextract",
    "brand": "NIVEA MEN",
    "seoBrand": "Nivea",
    "thumbNail": "https://static.colruytgroup.com/images/200x200/std.lang.all/89/36/asset-1518936.jpg",
    "fullImage": "https://static.colruytgroup.com/images/500x500/std.lang.all/89/36/asset-1518936.jpg",
    "squareImage": "https://static.colruytgroup.com/images/500x500sq/std.lang.all/89/36/asset-1518936.jpg",
    "content": "200ml",
    "walkRouteSequenceNumber": 14669,
    "price": {
      "basicPrice": 4.73,
      "recommendedQuantity": "1.0",
      "quantityPrice": 2.87,
      "quantityPriceQuantity": "2.0",
      "measurementUnitPrice": 23.65,
      "measurementUnitQuantityPrice": 14.35,
      "measurementUnit": "L",
      "isRedPrice": false,
      "pricePerUOM": 23.65,
      "activationDate": "23-03-2024",
      "recordSource": "Offline",
      "isPromoActive": "N",
      "priceChangeCode": "E",
      "quantityPricePerUOM": 14.35,
      "quantityActivationDate": "23-03-2024",
      "quantityPriceChangeCode": "E"
    },
    "isAvailable": true,
    "isPriceAvailable": true,
    "inPromo": false,
    "gtin": [
      "04005900353436",
      "05400141463521",
      "04005900461728",
      "04005900461742",
      "04005900461735"
    ],
    "topCategoryName": "Lichaamsverzorging/Parfumerie",
    "topCategoryId": "591",
    "businessDomain": "RETAIL_BE",
    "IsPrivateLabel": false,
    "IsBiffe": false,
    "WeightconversionFactor": "0",
    "IsWeightArticle": false,
    "IsBio": false,
    "CountryOfOrigin": "DUITSLAND",
    "IsExclusivelySoldInLuxembourg": false,
    "OrderUnit": "P",
    "ShortName": "NIVEA DEO FRESH MEN 200",
    "IsNew": false,
    "RecentQuanityOfStockUnits": "1,2",
    "LongName": "NIVEA MEN deo Fresh Active 200ml",
    "AlcoholVolume": "0",
    "FicCode": "N"
  },
  {
    "productId": "150525",
    "technicalArticleNumber": "3322717",
    "commercialArticleNumber": "12921",
    "name": "douche sport",
    "description": "*Douchegel\n*Sport\nBody,Face & Hair",
    "brand": "NIVEA MEN",
    "seoBrand": "Nivea",
    "thumbNail": "https://static.colruytgroup.com/images/200x200/std.lang.all/95/54/asset-2619554.jpg",
    "fullImage": "https://static.colruytgroup.com/images/500x500/std.lang.all/95/54/asset-2619554.jpg",
    "squareImage": "https://static.colruytgroup.com/images/500x500sq/std.lang.all/95/54/asset-2619554.jpg",
    "content": "500ml",
    "walkRouteSequenceNumber": 14435,
    "price": {
      "basicPrice": 5.4,
      "recommendedQuantity": "1.0",
      "quantityPrice": 3.59,
      "quantityPriceQuantity": "2.0",
      "measurementUnitPrice": 10.8,
      "measurementUnitQuantityPrice": 7.18,
      "measurementUnit": "L",
      "isRedPrice": false,
      "pricePerUOM": 10.8,
      "activationDate": "23-03-2024",
      "recordSource": "Folder",
      "isPromoActive": "N",
      "priceChangeCode": "E",
      "quantityPricePerUOM": 7.18,
      "quantityActivationDate": "23-03-2024",
      "quantityPriceChangeCode": "E"
    },
    "isAvailable": true,
    "isPriceAvailable": true,
    "inPromo": false,
    "gtin": [
      "04005808135561",
      "04005808135585",
      "04005808128631",
      "04005808128648",
      "04005808128655",
      "04005808638840",
      "04005808638857",
      "04005900278661",
      "05400141231670",
      "04005808638833",
      "04005808135578",
      "04005900868411"
    ],
    "topCategoryName": "Lichaamsverzorging/Parfumerie",
    "topCategoryId": "591",
    "businessDomain": "RETAIL_BE",
    "IsPrivateLabel": false,
    "IsBiffe": false,
    "WeightconversionFactor": "0",
    "IsWeightArticle": false,
    "IsBio": false,
    "CountryOfOrigin": "DUITSLAND",
    "IsExclusivelySoldInLuxembourg": false,
    "OrderUnit": "P",
    "ShortName": "NIVEA MEN DCH SPORT 500",
    "IsNew": false,
    "RecentQuanityOfStockUnits": "1,2",
    "LongName": "NIVEA MEN douche sport 500ml",
    "AlcoholVolume": "0",
    "FicCode": "N"
  },
  {
    "productId": "101830",
    "technicalArticleNumber": "3100648",
    "commercialArticleNumber": "282436",
    "name": "bodylotion",
    "description": "*Bodylotion\n*300 ml",
    "brand": "BONI",
    "seoBrand": "Boni Selection",
    "thumbNail": "https://static.colruytgroup.com/images/200x200/std.lang.all/42/43/asset-984243.jpg",
    "fullImage": "https://static.colruytgroup.com/images/500x500/std.lang.all/42/43/asset-984243.jpg",
    "squareImage": "https://static.colruytgroup.com/images/500x500sq/std.lang.all/42/43/asset-984243.jpg",
    "content": "300ml",
    "walkRouteSequenceNumber": 15160,
    "price": {
      "basicPrice": 2.09,
      "recommendedQuantity": "1.0",
      "measurementUnitPrice": 6.97,
      "measurementUnit": "L",
      "isRedPrice": false,
      "pricePerUOM": 6.97,
      "activationDate": "08-11-2023",
      "isPromoActive": "N",
      "priceChangeCode": "E"
    },
    "isAvailable": true,
    "isPriceAvailable": true,
    "inPromo": false,
    "gtin": [
      "05400141473278",
      "15400141889458",
      "05400141024227"
    ],
    "topCategoryName": "Lichaamsverzorging/Parfumerie",
    "topCategoryId": "591",
    "businessDomain": "NON_FOOD",
    "IsPrivateLabel": true,
    "IsBiffe": false,
    "IsWeightArticle": false,
    "RecentQuanityOfStockUnits": "1",
    "LongName": "BONI bodylotion 300ml",
    "IsBio": false,
    "CountryOfOrigin": "BELGIË",
    "FicCode": "N",
    "OrderUnit": "P",
    "ShortName": "BONI BODYLOTION 300ML",
    "IsNew": false
  },
  {
    "productId": "2446",
    "technicalArticleNumber": "473312",
    "commercialArticleNumber": "473312",
    "name": "excellence haarkleuring",
    "description": "*Haarkleuring",
    "brand": "L'OREAL",
    "seoBrand": "L'Oréal",
    "thumbNail": "https://ecgproductmw.colruytgroup.com/ecgproductmw/noPicForArticle_2.jpg",
    "fullImage": "https://ecgproductmw.colruytgroup.com/ecgproductmw/noPicForArticle_5.jpg",
    "squareImage": "https://ecgproductmw.colruytgroup.com/ecgproductmw/noPicForArticle_5.jpg",
    "walkRouteSequenceNumber": 15380,
    "price": {
      "basicPrice": 10.49,
      "recommendedQuantity": "1.0",
      "measurementUnitPrice": 10.49,
      "measurementUnit": "S",
      "isRedPrice": false,
      "pricePerUOM": 10.49,
      "activationDate": "23-03-2024",
      "recordSource": "Folder",
      "isPromoActive": "N",
      "priceChangeCode": "E"
    },
    "isAvailable": true,
    "isPriceAvailable": true,
    "inPromo": false,
    "topCategoryName": "Lichaamsverzorging/Parfumerie",
    "topCategoryId": "591",
    "businessDomain": "NON_FOOD",
    "IsPrivateLabel": false,
    "IsBiffe": false,
    "RecentQuanityOfStockUnits": "1",
    "LongName": "L'OREAL excellence haarkleuring",
    "IsBio": false,
    "FicCode": "N",
    "ShortName": "KLEURING EXCELLENCE*",
    "IsNew": false
  },
  {
    "productId": "2447",
    "technicalArticleNumber": "473313",
    "commercialArticleNumber": "473313",
    "name": "belle color",
    "description": "*Haarkleuring",
    "brand": "GARNIER",
    "seoBrand": "Garnier",
    "thumbNail": "https://ecgproductmw.colruytgroup.com/ecgproductmw/noPicForArticle_2.jpg",
    "fullImage": "https://ecgproductmw.colruytgroup.com/ecgproductmw/noPicForArticle_5.jpg",
    "squareImage": "https://ecgproductmw.colruytgroup.com/ecgproductmw/noPicForArticle_5.jpg",
    "walkRouteSequenceNumber": 15430,
    "price": {
      "basicPrice": 5.24,
      "recommendedQuantity": "1.0",
      "measurementUnitPrice": 5.24,
      "measurementUnit": "S",
      "isRedPrice": false,
      "pricePerUOM": 5.24,
      "activationDate": "23-03-2024",
      "recordSource": "Folder",
      "isPromoActive": "N",
      "priceChangeCode": "L"
    },
    "isAvailable": true,
    "isPriceAvailable": true,
    "inPromo": false,
    "topCategoryName": "Lichaamsverzorging/Parfumerie",
    "topCategoryId": "591",
    "businessDomain": "NON_FOOD",
    "IsPrivateLabel": false,
    "IsBiffe": false,
    "RecentQuanityOfStockUnits": "1",
    "LongName": "GARNIER belle color",
    "IsBio": false,
    "FicCode": "N",
    "ShortName": "HAARKLEURING BEL.COLOR*",
    "IsNew": false
  }
]