[
  {
    "productId": "7143",
    "technicalArticleNumber": "1155924",
    "commercialArticleNumber": "17224",
    "name": "Chardonnay wit BIB",
    "description": "AUSTRALIE WIT DROOG\nFijne wijn van de Chardonnay druif.\nExotische en frisse aroma's. Volle\nronde wijn met mooie fruittoets.\nUitstekend bij vis en voorgerechten",
    "brand": "KALAMUNDI",
    "seoBrand": "Kalamundi",
    "thumbNail": "https://static.colruytgroup.com/images/200x200/std.lang.all/70/29/asset-1517029.jpg",
    "fullImage": "https://static.colruytgroup.com/images/500x500/std.lang.all/70/29/asset-1517029.jpg",
    "squareImage": "https://static.colruytgroup.com/images/500x500sq/std.lang.all/70/29/asset-1517029.jpg",
    "content": "3L",
    "walkRouteSequenceNumber": 11,
    "price": {
      "basicPrice": 11.69,
      "recommendedQuantity": "1.0",
      "quantityPrice": 11.22,
      "quantityPriceQuantity": "3.0",
      "measurementUnitPrice": 3.9,
      "measurementUnitQuantityPrice": 3.74,
      "measurementUnit": "L",
      "isRedPrice": false,
      "pricePerUOM": 3.9,
      "activationDate": "14-03-2024",
      "recordSource": "Offline",
      "isPromoActive": "N",
      "priceChangeCode": "L",
      "quantityPricePerUOM": 3.74,
      "quantityActivationDate": "14-03-2024",
      "quantityPriceChangeCode": "H"
    },
    "isAvailable": true,
    "isPriceAvailable": true,
    "inPromo": false,
    "gtin": [
      "05400141032154"
    ],
    "topCategoryName": "Wijn",
    "topCategoryId": "421",
    "businessDomain": "RETAIL_BE",
    "IsPrivateLabel": true,
    "IsBiffe": false,
    "WeightconversionFactor": "0",
    "IsWeightArticle": false,
    "IsBio": false,
    "CountryOfOrigin": "AUSTRALIË",
    "IsExclusivelySoldInLuxembourg": false,
    "OrderUnit": "P",
    "ShortName": "KALAMUNDI CHAR BIB 3L",
    "IsNew": false,
    "EcoscoreLabel": "C",
    "RecentQuanityOfStockUnits": "1",
    "LongName": "KALAMUNDI Chardonnay wit BIB 3L",
    "AlcoholVolume": "13",
    "FicCode": "I",
    "EcoscoreValue": "40"
  },
  {
    "productId": "46416",
    "technicalArticleNumber": "2521862",
    "commercialArticleNumber": "39559",
    "name": "Cava brut",
    "description": "SPANJE SCHUIMWIJN DROOG\nKlassevolle Spaanse schuimwijn die\ngemaakt is volgens de 'méthode tradi-\ntionelle'. Fris en levendig met\nflorale en fruitige aroma's.",
    "brand": "RECODA",
    "seoBrand": "Recoda",
    "thumbNail": "https://static.colruytgroup.com/images/200x200/std.lang.all/04/72/asset-1630472.jpg",
    "fullImage": "https://static.colruytgroup.com/images/500x500/std.lang.all/04/72/asset-1630472.jpg",
    "squareImage": "https://static.colruytgroup.com/images/500x500sq/std.lang.all/04/72/asset-1630472.jpg",
    "content": "75cl",
    "walkRouteSequenceNumber": 586,
    "price": {
      "basicPrice": 4.99,
      "recommendedQuantity": "1.0",
      "measurementUnitPrice": 6.66,
      "measurementUnit": "L",
      "isRedPrice": false,
      "pricePerUOM": 6.66,
      "activationDate": "23-03-2024",
      "recordSource": "Offline",
      "isPromoActive": "N",
      "priceChangeCode": "E"
    },
    "isAvailable": true,
    "isPriceAvailable": true,
    "inPromo": false,
    "gtin": [
      "08413216100327",
      "08413216200324"
    ],
    "topCategoryName": "Wijn",
    "topCategoryId": "421",
    "businessDomain": "RETAIL_BE",
    "IsPrivateLabel": false,
    "IsBiffe": false,
    "WeightconversionFactor": "0",
    "IsWeightArticle": false,
    "IsBio": false,
    "CountryOfOrigin": "SPANJE",
    "IsExclusivelySoldInLuxembourg": false,
    "OrderUnit": "P",
    "ShortName": "RECODA CAVA BRUT 75CL",
    "IsNew": false,
    "EcoscoreLabel": "C",
    "RecentQuanityOfStockUnits": "1,6",
    "LongName": "RECODA Cava brut 75cl",
    "AlcoholVolume": "11.5",
    "FicCode": "E",
    "EcoscoreValue": "46"
  },
  {
    "productId": "312357",
    "technicalArticleNumber": "3743328",
    "commercialArticleNumber": "20883",
    "name": "witte wijn BIB",
    "brand": "EVERYDAY",
    "seoBrand": "Everyday",
    "thumbNail": "https://static.colruytgroup.com/images/200x200/std.lang.all/05/21/asset-1450521.jpg",
    "fullImage": "https://static.colruytgroup.com/images/500x500/std.lang.all/05/21/asset-1450521.jpg",
    "squareImage": "https://static.colruytgroup.com/images/500x500sq/std.lang.all/05/21/asset-1450521.jpg",
    "content": "3L",
    "walkRouteSequenceNumber": 13,
    "price": {
      "basicPrice": 8.99,
      "recommendedQuantity": "1.0",
      "measurementUnitPrice": 3,
      "measurementUnit": "L",
      "isRedPrice": false,
      "pricePerUOM": 3,
      "activationDate": "24-02-2024",
      "recordSource": "Offline",
      "isPromoActive": "N",
      "priceChangeCode": "H"
    },
    "isAvailable": true,
    "isPriceAvailable": true,
    "inPromo": false,
    "gtin": [
      "05400141101935"
    ],
    "topCategoryName": "Wijn",
    "topCategoryId": "421",
    "businessDomain": "RETAIL_BE",
    "IsPrivateLabel": true,
    "IsBiffe": false,
    "WeightconversionFactor": "0",
    "IsWeightArticle": false,
    "IsBio": false,
    "CountryOfOrigin": "ZUID-AFRIKA",
    "IsExclusivelySoldInLuxembourg": false,
    "OrderUnit": "P",
    "ShortName": "EVD GENERIC WIT BIB 3L",
    "IsNew": false,
    "EcoscoreLabel": "D",
    "RecentQuanityOfStockUnits": "1",
    "LongName": "EVERYDAY witte wijn BIB 3L",
    "AlcoholVolume": "12.5",
    "FicCode": "I",
    "EcoscoreValue": "32"
  },
  {
    "productId": "15920",
    "technicalArticleNumber": "1458767",
    "commercialArticleNumber": "17671",
    "name": "cava brut",
    "description": "SPANJE SCHUIMWIJN DROOG\nKlassevolle Spaanse schuimwijn die\ngemaakt is volgens de 'méthode tradi-\ntionelle'. Fris en levendig met\nflorale en fruitige aroma's.",
    "brand": "GRAN BARON",
    "seoBrand": "Gran Baron",
    "thumbNail": "https://static.colruytgroup.com/images/200x200/std.lang.all/18/28/asset-3261828.jpg",
    "fullImage": "https://static.colruytgroup.com/images/500x500/std.lang.all/18/28/asset-3261828.jpg",
    "squareImage": "https://static.colruytgroup.com/images/500x500sq/std.lang.all/18/28/asset-3261828.jpg",
    "content": "75cl",
    "walkRouteSequenceNumber": 639,
    "price": {
      "basicPrice": 6.99,
      "recommendedQuantity": "1.0",
      "quantityPrice": 6.59,
      "quantityPriceQuantity": "4.0",
      "measurementUnitPrice": 9.32,
      "measurementUnitQuantityPrice": 8.79,
      "measurementUnit": "L",
      "isRedPrice": false,
      "pricePerUOM": 9.32,
      "activationDate": "14-03-2024",
      "recordSource": "Folder",
      "isPromoActive": "N",
      "priceChangeCode": "E",
      "quantityPricePerUOM": 8.79,
      "quantityActivationDate": "14-03-2024",
      "quantityPriceChangeCode": "E"
    },
    "isAvailable": true,
    "isPriceAvailable": true,
    "inPromo": false,
    "gtin": [
      "08413216014136",
      "08413216101867",
      "08413216201864",
      "08413216001136"
    ],
    "topCategoryName": "Wijn",
    "topCategoryId": "421",
    "businessDomain": "RETAIL_BE",
    "IsPrivateLabel": false,
    "IsBiffe": false,
    "WeightconversionFactor": "0",
    "IsWeightArticle": false,
    "IsBio": false,
    "CountryOfOrigin": "SPANJE",
    "IsExclusivelySoldInLuxembourg": false,
    "OrderUnit": "P",
    "ShortName": "GRAN BARON CAVA BRUT75C",
    "IsNew": false,
    "EcoscoreLabel": "C",
    "RecentQuanityOfStockUnits": "6,1",
    "LongName": "GRAN BARON cava brut 75cl",
    "AlcoholVolume": "11.5",
    "FicCode": "E",
    "EcoscoreValue": "46"
  },
  {
    "productId": "140",
    "technicalArticleNumber": "17075",
    "commercialArticleNumber": "17075",
    "name": "Mâcon Chardonnay l'Originel",
    "description": "FRANKRIJK BOURGOGNE DROOG WIT (Mâcon)\nAfkomstig van wijndorp Chardonnay en\ntevens van diezelfde wijndruif. Heer-\nlijk boeket met volle en ronde smaak.\nKoel schenken bij vis/wit vlees. QAA",
    "thumbNail": "https://static.colruytgroup.com/images/200x200/std.lang.all/48/74/asset-1564874.jpg",
    "fullImage": "https://static.colruytgroup.com/images/500x500/std.lang.all/48/74/asset-1564874.jpg",
    "squareImage": "https://static.colruytgroup.com/images/500x500sq/std.lang.all/48/74/asset-1564874.jpg",
    "content": "75cl",
    "walkRouteSequenceNumber": 118,
    "price": {
      "basicPrice": 8.99,
      "recommendedQuantity": "1.0",
      "quantityPrice": 8.63,
      "quantityPriceQuantity": "6.0",
      "measurementUnitPrice": 11.99,
      "measurementUnitQuantityPrice": 11.51,
      "measurementUnit": "L",
      "isRedPrice": false,
      "pricePerUOM": 11.99,
      "activationDate": "13-03-2024",
      "isPromoActive": "N",
      "priceChangeCode": "E",
      "quantityPricePerUOM": 11.51,
      "quantityActivationDate": "13-03-2024",
      "quantityPriceChangeCode": "E"
    },
    "isAvailable": true,
    "isPriceAvailable": true,
    "inPromo": false,
    "gtin": [
      "03338590001808",
      "03338590008692",
      "03338590068597"
    ],
    "topCategoryName": "Wijn",
    "topCategoryId": "421",
    "businessDomain": "RETAIL_BE",
    "IsPrivateLabel": false,
    "IsBiffe": false,
    "WeightconversionFactor": "0",
    "IsWeightArticle": false,
    "IsBio": false,
    "CountryOfOrigin": "FRANKRIJK",
    "IsExclusivelySoldInLuxembourg": false,
    "OrderUnit": "P",
    "ShortName": "MACON CHARDONNAY 75 CL",
    "InSeason": true,
    "IsNew": false,
    "RecentQuanityOfStockUnits": "6,1",
    "LongName": "Mâcon Chardonnay l'Originel 75cl",
    "AlcoholVolume": "13",
    "StartSeasonDate": "19/12/2014",
    "FicCode": "E"
  },
  {
    "productId": "803280",
    "technicalArticleNumber": "4619599",
    "commercialArticleNumber": "13383",
    "name": "Rosé demi sec",
    "description": "FRANKRIJK HALFZOET ROSE\nFruitige wijn met aangenaam parfum.\nFris maar niet ijskoud opdienen.",
    "brand": "EVERYDAY",
    "seoBrand": "Everyday",
    "thumbNail": "https://static.colruytgroup.com/images/200x200/std.lang.all/21/91/asset-3342191.jpg",
    "fullImage": "https://static.colruytgroup.com/images/500x500/std.lang.all/21/91/asset-3342191.jpg",
    "squareImage": "https://static.colruytgroup.com/images/500x500sq/std.lang.all/21/91/asset-3342191.jpg",
    "content": "75cl",
    "walkRouteSequenceNumber": 509,
    "price": {
      "basicPrice": 2.69,
      "recommendedQuantity": "4.0",
      "measurementUnitPrice": 3.59,
      "measurementUnit": "L",
      "isRedPrice": false,
      "pricePerUOM": 3.59,
      "activationDate": "06-09-2023",
      "recordSource": "Offline",
      "isPromoActive": "N",
      "priceChangeCode": "E"
    },
    "isAvailable": true,
    "isPriceAvailable": true,
    "inPromo": false,
    "gtin": [
      "15400141602316",
      "05400141602319"
    ],
    "topCategoryName": "Wijn",
    "topCategoryId": "421",
    "businessDomain": "RETAIL_BE",
    "IsPrivateLabel": true,
    "IsBiffe": false,
    "WeightconversionFactor": "0",
    "IsWeightArticle": false,
    "IsBio": false,
    "CountryOfOrigin": "BELGIË",
    "IsExclusivelySoldInLuxembourg": false,
    "OrderUnit": "P",
    "ShortName": "EVD ROSE DEMI-SEC 75CL",
    "IsNew": false,
    "RecentQuanityOfStockUnits": "4,1",
    "LongName": "EVERYDAY Rosé demi sec 75cl",
    "AlcoholVolume": "11",
    "FicCode": "I"
  },
  {
    "productId": "134459",
    "technicalArticleNumber": "3177721",
    "commercialArticleNumber": "14197",
    "name": "Zuid-Afrika rosé BIB",
    "description": "ZUID-AFRIKA ROSE SEC - Blend\nFrisse, droge rosé, geteeld in maart.\nZeer fris, fruitig met lichte bloemen-\ntoetsen. Heerlijk bij het aperitief.\nOok perfect bij pasta.",
    "brand": "BLYGEDACHT",
    "seoBrand": "Blygedacht",
    "thumbNail": "https://static.colruytgroup.com/images/200x200/std.lang.all/58/24/asset-2215824.jpg",
    "fullImage": "https://static.colruytgroup.com/images/500x500/std.lang.all/58/24/asset-2215824.jpg",
    "squareImage": "https://static.colruytgroup.com/images/500x500sq/std.lang.all/58/24/asset-2215824.jpg",
    "content": "3L",
    "walkRouteSequenceNumber": 6,
    "price": {
      "basicPrice": 10.19,
      "recommendedQuantity": "1.0",
      "measurementUnitPrice": 3.4,
      "measurementUnit": "L",
      "isRedPrice": false,
      "pricePerUOM": 3.4,
      "activationDate": "23-08-2023",
      "recordSource": "Offline",
      "isPromoActive": "N",
      "priceChangeCode": "E"
    },
    "isAvailable": true,
    "isPriceAvailable": true,
    "inPromo": false,
    "gtin": [
      "05400141032130",
      "05400141103410"
    ],
    "topCategoryName": "Wijn",
    "topCategoryId": "421",
    "businessDomain": "RETAIL_BE",
    "IsPrivateLabel": true,
    "IsBiffe": false,
    "WeightconversionFactor": "0",
    "IsWeightArticle": false,
    "IsBio": false,
    "CountryOfOrigin": "ZUID-AFRIKA",
    "IsExclusivelySoldInLuxembourg": false,
    "OrderUnit": "P",
    "ShortName": "BLYGEDACHT ROSE BIB 3L",
    "IsNew": false,
    "EcoscoreLabel": "D",
    "RecentQuanityOfStockUnits": "1",
    "LongName": "BLYGEDACHT Zuid-Afrika rosé BIB 3L",
    "AlcoholVolume": "12.5",
    "FicCode": "I",
    "EcoscoreValue": "39"
  },
  {
    "productId": "803303",
    "technicalArticleNumber": "4619622",
    "commercialArticleNumber": "13494",
    "name": "witte wijn Blanc de Blancs",
    "description": "SPANJE DROOG WIT\nFris en licht fruitig. Zeer\ngeschikt voor dagelijks gebruik,\nbij visgerechten, mosselen enz.",
    "brand": "EVERYDAY",
    "seoBrand": "Everyday",
    "thumbNail": "https://static.colruytgroup.com/images/200x200/std.lang.all/10/21/asset-2941021.jpg",
    "fullImage": "https://static.colruytgroup.com/images/500x500/std.lang.all/10/21/asset-2941021.jpg",
    "squareImage": "https://static.colruytgroup.com/images/500x500sq/std.lang.all/10/21/asset-2941021.jpg",
    "content": "75cl",
    "walkRouteSequenceNumber": 357,
    "price": {
      "basicPrice": 2.49,
      "recommendedQuantity": "4.0",
      "measurementUnitPrice": 3.32,
      "measurementUnit": "L",
      "isRedPrice": false,
      "pricePerUOM": 3.32,
      "activationDate": "21-10-2023",
      "recordSource": "Offline",
      "isPromoActive": "N",
      "priceChangeCode": "L"
    },
    "isAvailable": true,
    "isPriceAvailable": true,
    "inPromo": false,
    "gtin": [
      "15400141602606",
      "05400141602609"
    ],
    "topCategoryName": "Wijn",
    "topCategoryId": "421",
    "businessDomain": "RETAIL_BE",
    "IsPrivateLabel": true,
    "IsBiffe": false,
    "WeightconversionFactor": "0",
    "IsWeightArticle": false,
    "IsBio": false,
    "CountryOfOrigin": "BELGIË",
    "IsExclusivelySoldInLuxembourg": false,
    "OrderUnit": "P",
    "ShortName": "EVD BLANC DE BLANCS75CL",
    "InSeason": true,
    "IsNew": false,
    "EcoscoreLabel": "D",
    "RecentQuanityOfStockUnits": "1,4",
    "LongName": "EVERYDAY witte wijn Blanc de Blancs 75cl",
    "AlcoholVolume": "11",
    "StartSeasonDate": "05/06/2023",
    "FicCode": "I",
    "EcoscoreValue": "23"
  },
  {
    "productId": "45782",
    "technicalArticleNumber": "2542976",
    "commercialArticleNumber": "20023",
    "name": "Pecor.Umani Ronchi Terre di Chieti",
    "description": "ITALIE DROOG WIT\nStreek: Abruzzo. 100 % Pecorino-druif!\nGrote plezierwijn : fris,fruitig en\nsappig.Ideaal bij koude schotels, vis,\npasta, wit vlees en Pecorino-kaas!",
    "thumbNail": "https://static.colruytgroup.com/images/200x200/std.lang.all/10/20/asset-2941020.jpg",
    "fullImage": "https://static.colruytgroup.com/images/500x500/std.lang.all/10/20/asset-2941020.jpg",
    "squareImage": "https://static.colruytgroup.com/images/500x500sq/std.lang.all/10/20/asset-2941020.jpg",
    "content": "75cl",
    "walkRouteSequenceNumber": 303,
    "price": {
      "basicPrice": 6.75,
      "recommendedQuantity": "1.0",
      "quantityPrice": 6.48,
      "quantityPriceQuantity": "6.0",
      "measurementUnitPrice": 9,
      "measurementUnitQuantityPrice": 8.64,
      "measurementUnit": "L",
      "isRedPrice": false,
      "pricePerUOM": 9,
      "activationDate": "13-03-2024",
      "isPromoActive": "N",
      "priceChangeCode": "H",
      "quantityPricePerUOM": 8.64,
      "quantityActivationDate": "13-03-2024",
      "quantityPriceChangeCode": "E"
    },
    "isAvailable": true,
    "isPriceAvailable": true,
    "inPromo": false,
    "gtin": [
      "08032853726136",
      "08032853722701",
      "08032853722312"
    ],
    "topCategoryName": "Wijn",
    "topCategoryId": "421",
    "businessDomain": "RETAIL_BE",
    "IsPrivateLabel": false,
    "IsBiffe": false,
    "WeightconversionFactor": "0",
    "IsWeightArticle": false,
    "IsBio": false,
    "CountryOfOrigin": "BELGIË",
    "IsExclusivelySoldInLuxembourg": false,
    "OrderUnit": "P",
    "ShortName": "PECORINO UMANI RONCHI",
    "IsNew": false,
    "EcoscoreLabel": "D",
    "RecentQuanityOfStockUnits": "6,1",
    "LongName": "Pecor.Umani Ronchi Terre di Chieti 75cl",
    "AlcoholVolume": "12.5",
    "FicCode": "E",
    "EcoscoreValue": "23"
  },
  {
    "productId": "12324",
    "technicalArticleNumber": "1244506",
    "commercialArticleNumber": "17365",
    "name": "Prieuré Corbières",
    "description": "FRANKRIJK ROOD CORBIERES\nIntens gekleurde wijn, krachtig,\nkruidig en pittig, karaktervol. Kan\n2 tot 4 jaar bewaren of jong gedronken\nworden met vlees en stoofschotels.",
    "brand": "CH.VAUGELAS",
    "seoBrand": "Château Vaugelas",
    "thumbNail": "https://static.colruytgroup.com/images/200x200/std.lang.all/92/35/asset-2809235.jpg",
    "fullImage": "https://static.colruytgroup.com/images/500x500/std.lang.all/92/35/asset-2809235.jpg",
    "squareImage": "https://static.colruytgroup.com/images/500x500sq/std.lang.all/92/35/asset-2809235.jpg",
    "content": "75cl",
    "walkRouteSequenceNumber": 254,
    "price": {
      "basicPrice": 6.29,
      "recommendedQuantity": "1.0",
      "quantityPrice": 6.04,
      "quantityPriceQuantity": "6.0",
      "measurementUnitPrice": 8.39,
      "measurementUnitQuantityPrice": 8.06,
      "measurementUnit": "L",
      "isRedPrice": false,
      "pricePerUOM": 8.39,
      "activationDate": "13-03-2024",
      "isPromoActive": "N",
      "priceChangeCode": "E",
      "quantityPricePerUOM": 8.06,
      "quantityActivationDate": "13-03-2024",
      "quantityPriceChangeCode": "H"
    },
    "isAvailable": true,
    "isPriceAvailable": true,
    "inPromo": false,
    "gtin": [
      "03582820080105",
      "03582820180102"
    ],
    "topCategoryName": "Wijn",
    "topCategoryId": "421",
    "businessDomain": "RETAIL_BE",
    "IsPrivateLabel": false,
    "IsBiffe": false,
    "WeightconversionFactor": "0",
    "IsWeightArticle": false,
    "IsBio": false,
    "CountryOfOrigin": "FRANKRIJK",
    "IsExclusivelySoldInLuxembourg": false,
    "OrderUnit": "P",
    "ShortName": "CH VAUGELAS PRIEURE",
    "IsNew": false,
    "EcoscoreLabel": "D",
    "RecentQuanityOfStockUnits": "1,6",
    "LongName": "CH.VAUGELAS Prieuré Corbières 75cl",
    "AlcoholVolume": "12.5",
    "FicCode": "E",
    "EcoscoreValue": "22"
  },
  {
    "productId": "579876",
    "technicalArticleNumber": "4231583",
    "commercialArticleNumber": "12258",
    "name": "Primitivo di Manduria Palemarino",
    "description": "Le Primitivo op zijn best,\nkrachtig en rond in de\nmond, maar ook veel\nfinesse. Ideaal bij stoofpotjes,\npittige wereldkeuken.",
    "thumbNail": "https://static.colruytgroup.com/images/200x200/std.lang.all/77/91/asset-3137791.jpg",
    "fullImage": "https://static.colruytgroup.com/images/500x500/std.lang.all/77/91/asset-3137791.jpg",
    "squareImage": "https://static.colruytgroup.com/images/500x500sq/std.lang.all/77/91/asset-3137791.jpg",
    "content": "75cl",
    "walkRouteSequenceNumber": 334,
    "price": {
      "basicPrice": 6.99,
      "recommendedQuantity": "1.0",
      "quantityPrice": 4.99,
      "quantityPriceQuantity": "6.0",
      "measurementUnitPrice": 9.32,
      "measurementUnitQuantityPrice": 6.66,
      "measurementUnit": "L",
      "isRedPrice": false,
      "pricePerUOM": 9.32,
      "activationDate": "19-03-2024",
      "recordSource": "Offline",
      "isPromoActive": "N",
      "priceChangeCode": "E",
      "quantityPricePerUOM": 6.66,
      "quantityActivationDate": "19-03-2024",
      "quantityPriceChangeCode": "E"
    },
    "isAvailable": true,
    "isPriceAvailable": true,
    "inPromo": false,
    "gtin": [
      "08032430002103",
      "08032430002097"
    ],
    "topCategoryName": "Wijn",
    "topCategoryId": "421",
    "businessDomain": "RETAIL_BE",
    "IsPrivateLabel": false,
    "IsBiffe": false,
    "WeightconversionFactor": "0",
    "IsWeightArticle": false,
    "IsBio": false,
    "CountryOfOrigin": "ITALIË",
    "IsExclusivelySoldInLuxembourg": false,
    "OrderUnit": "P",
    "ShortName": "PRIMITIVO DI MANDURIA",
    "IsNew": false,
    "RecentQuanityOfStockUnits": "6,1",
    "LongName": "Primitivo di Manduria Palemarino 75cl",
    "AlcoholVolume": "14.5",
    "FicCode": "E"
  },
  {
    "productId": "56988",
    "technicalArticleNumber": "2295474",
    "commercialArticleNumber": "12685",
    "name": "Ricordi Prosecco DOC Brut",
    "description": "ITALIE SCHUIMWIJN DROOG - SPUMANTE\nSchuimwijn met florale toetsen uit de\nVeneto. Prosecco-druif. Frisse,\nfrivole en ronde afdronk. Als aperi-\ntief en ook bij visvoorgerechten.",
    "thumbNail": "https://static.colruytgroup.com/images/200x200/std.lang.all/03/15/asset-1630315.jpg",
    "fullImage": "https://static.colruytgroup.com/images/500x500/std.lang.all/03/15/asset-1630315.jpg",
    "squareImage": "https://static.colruytgroup.com/images/500x500sq/std.lang.all/03/15/asset-1630315.jpg",
    "content": "75cl",
    "walkRouteSequenceNumber": 697,
    "price": {
      "basicPrice": 7.99,
      "recommendedQuantity": "1.0",
      "quantityPrice": 6.49,
      "quantityPriceQuantity": "2.0",
      "measurementUnitPrice": 10.66,
      "measurementUnitQuantityPrice": 8.66,
      "measurementUnit": "L",
      "isRedPrice": false,
      "pricePerUOM": 10.66,
      "activationDate": "19-03-2024",
      "recordSource": "Offline",
      "isPromoActive": "N",
      "priceChangeCode": "H",
      "quantityPricePerUOM": 8.66,
      "quantityActivationDate": "19-03-2024",
      "quantityPriceChangeCode": "E"
    },
    "isAvailable": true,
    "isPriceAvailable": true,
    "inPromo": false,
    "gtin": [
      "08005400443312",
      "08005400314452",
      "08005400314544"
    ],
    "topCategoryName": "Wijn",
    "topCategoryId": "421",
    "businessDomain": "RETAIL_BE",
    "IsPrivateLabel": false,
    "IsBiffe": false,
    "WeightconversionFactor": "0",
    "IsWeightArticle": false,
    "IsBio": false,
    "CountryOfOrigin": "ITALIË",
    "IsExclusivelySoldInLuxembourg": false,
    "OrderUnit": "P",
    "ShortName": "RICORDI PROSECCO BR DOC",
    "IsNew": false,
    "RecentQuanityOfStockUnits": "1,6",
    "LongName": "Ricordi Prosecco DOC Brut 75cl",
    "AlcoholVolume": "11",
    "FicCode": "E"
  },
  {
    "productId": "137",
    "technicalArticleNumber": "17065",
    "commercialArticleNumber": "17065",
    "name": "Spanje rosé BIB",
    "description": "SPANJE ROSE DROOG\nFrisse, fruitige droge rosé.\nTe serveren bij fijne\nvleeswaren, voorgerechtjes, vis of\nkoud buffet. Koel opdienen.",
    "brand": "SOUBIRAC",
    "seoBrand": "Soubirac",
    "thumbNail": "https://static.colruytgroup.com/images/200x200/std.lang.all/12/79/asset-1231279.jpg",
    "fullImage": "https://static.colruytgroup.com/images/500x500/std.lang.all/12/79/asset-1231279.jpg",
    "squareImage": "https://static.colruytgroup.com/images/500x500sq/std.lang.all/12/79/asset-1231279.jpg",
    "content": "5L",
    "walkRouteSequenceNumber": 77,
    "price": {
      "basicPrice": 14.98,
      "recommendedQuantity": "1.0",
      "measurementUnitPrice": 3,
      "measurementUnit": "L",
      "isRedPrice": false,
      "pricePerUOM": 3,
      "activationDate": "14-03-2024",
      "recordSource": "Online",
      "isPromoActive": "N",
      "priceChangeCode": "H"
    },
    "isAvailable": true,
    "isPriceAvailable": true,
    "inPromo": false,
    "gtin": [
      "05400141170658"
    ],
    "topCategoryName": "Wijn",
    "topCategoryId": "421",
    "businessDomain": "RETAIL_BE",
    "IsPrivateLabel": true,
    "IsBiffe": false,
    "WeightconversionFactor": "0",
    "IsWeightArticle": false,
    "IsBio": false,
    "CountryOfOrigin": "BELGIË",
    "IsExclusivelySoldInLuxembourg": false,
    "OrderUnit": "P",
    "ShortName": "SOUBIRAC ROSE BIB 5L",
    "IsNew": false,
    "EcoscoreLabel": "C",
    "RecentQuanityOfStockUnits": "1",
    "LongName": "SOUBIRAC Spanje rosé BIB 5L",
    "AlcoholVolume": "11.5",
    "FicCode": "I",
    "EcoscoreValue": "50"
  },
  {
    "productId": "39606",
    "technicalArticleNumber": "1676652",
    "commercialArticleNumber": "17240",
    "name": "Zuid-Afrika wit BIB",
    "description": "Wit en geel fruit, een exotische toets\nen flink wat mineralen in de neus.\nGoed fris in de mond. Lekker om\nzomaar van te genieten, bij slaatjes,\nvisgrill en zoet-zure gerechten.",
    "brand": "BLYGEDACHT",
    "seoBrand": "Blygedacht",
    "thumbNail": "https://static.colruytgroup.com/images/200x200/std.lang.all/59/95/asset-2215995.jpg",
    "fullImage": "https://static.colruytgroup.com/images/500x500/std.lang.all/59/95/asset-2215995.jpg",
    "squareImage": "https://static.colruytgroup.com/images/500x500sq/std.lang.all/59/95/asset-2215995.jpg",
    "content": "3L",
    "walkRouteSequenceNumber": 12,
    "price": {
      "basicPrice": 13.99,
      "recommendedQuantity": "1.0",
      "quantityPrice": 12.87,
      "quantityPriceQuantity": "3.0",
      "measurementUnitPrice": 4.67,
      "measurementUnitQuantityPrice": 4.29,
      "measurementUnit": "L",
      "isRedPrice": false,
      "pricePerUOM": 4.67,
      "activationDate": "25-01-2024",
      "recordSource": "Offline",
      "isPromoActive": "N",
      "priceChangeCode": "H",
      "quantityPricePerUOM": 4.29,
      "quantityActivationDate": "25-01-2024",
      "quantityPriceChangeCode": "H"
    },
    "isAvailable": true,
    "isPriceAvailable": true,
    "inPromo": false,
    "gtin": [
      "05400141172409",
      "05400141032109"
    ],
    "topCategoryName": "Wijn",
    "topCategoryId": "421",
    "businessDomain": "RETAIL_BE",
    "IsPrivateLabel": true,
    "IsBiffe": false,
    "WeightconversionFactor": "0",
    "IsWeightArticle": false,
    "IsBio": false,
    "CountryOfOrigin": "ZUID-AFRIKA",
    "IsExclusivelySoldInLuxembourg": false,
    "OrderUnit": "P",
    "ShortName": "BLYGEDACHT Z AF BIB 3L",
    "IsNew": false,
    "EcoscoreLabel": "D",
    "RecentQuanityOfStockUnits": "1",
    "LongName": "BLYGEDACHT Zuid-Afrika wit BIB 3L",
    "AlcoholVolume": "12.5",
    "FicCode": "I",
    "EcoscoreValue": "37"
  },
  {
    "productId": "1306",
    "technicalArticleNumber": "17879",
    "commercialArticleNumber": "17879",
    "name": "Cordon Negro 11,5%",
    "description": "SPANJE SCHUIMWIJN DROOG\nDroge Spaanse schuimwijn (brut), in\neen stijlvolle zwarte fles.\nGemaakt volgens de 'méthode\ntraditionnelle'.",
    "brand": "FREIXENET",
    "seoBrand": "Freixenet",
    "thumbNail": "https://static.colruytgroup.com/images/200x200/std.lang.all/11/93/asset-2391193.jpg",
    "fullImage": "https://static.colruytgroup.com/images/500x500/std.lang.all/11/93/asset-2391193.jpg",
    "squareImage": "https://static.colruytgroup.com/images/500x500sq/std.lang.all/11/93/asset-2391193.jpg",
    "content": "75cl",
    "walkRouteSequenceNumber": 641,
    "price": {
      "basicPrice": 8.99,
      "recommendedQuantity": "1.0",
      "quantityPrice": 8.63,
      "quantityPriceQuantity": "6.0",
      "measurementUnitPrice": 11.99,
      "measurementUnitQuantityPrice": 11.51,
      "measurementUnit": "L",
      "isRedPrice": false,
      "pricePerUOM": 11.99,
      "activationDate": "19-03-2024",
      "recordSource": "Offline",
      "isPromoActive": "N",
      "priceChangeCode": "E",
      "quantityPricePerUOM": 11.51,
      "quantityActivationDate": "19-03-2024",
      "quantityPriceChangeCode": "H"
    },
    "isAvailable": true,
    "isPriceAvailable": true,
    "inPromo": false,
    "gtin": [
      "08410036009090",
      "08410036109196",
      "08410036805777"
    ],
    "topCategoryName": "Wijn",
    "topCategoryId": "421",
    "businessDomain": "RETAIL_BE",
    "IsPrivateLabel": false,
    "IsBiffe": false,
    "WeightconversionFactor": "0",
    "IsWeightArticle": false,
    "IsBio": false,
    "CountryOfOrigin": "SPANJE",
    "IsExclusivelySoldInLuxembourg": false,
    "OrderUnit": "P",
    "ShortName": "FREIXENET NEGRO 75 CL",
    "IsNew": false,
    "EcoscoreLabel": "C",
    "RecentQuanityOfStockUnits": "6,1",
    "LongName": "FREIXENET Cordon Negro 11,5% 75cl",
    "AlcoholVolume": "11.5",
    "FicCode": "E",
    "EcoscoreValue": "45"
  },
  {
    "productId": "1210",
    "technicalArticleNumber": "17324",
    "commercialArticleNumber": "17324",
    "name": "appel",
    "description": "Sprankelend appelsap zonder alcohol.\nFeestdrankje voor jong en oud.",
    "brand": "KIDIBUL",
    "seoBrand": "Kidibul",
    "thumbNail": "https://static.colruytgroup.com/images/200x200/std.lang.all/47/19/asset-1894719.jpg",
    "fullImage": "https://static.colruytgroup.com/images/500x500/std.lang.all/47/19/asset-1894719.jpg",
    "squareImage": "https://static.colruytgroup.com/images/500x500sq/std.lang.all/47/19/asset-1894719.jpg",
    "content": "75cl",
    "walkRouteSequenceNumber": 562,
    "price": {
      "basicPrice": 2.89,
      "recommendedQuantity": "1.0",
      "measurementUnitPrice": 3.86,
      "measurementUnit": "L",
      "isRedPrice": false,
      "pricePerUOM": 3.86,
      "activationDate": "13-03-2024",
      "recordSource": "Offline",
      "isPromoActive": "Y",
      "priceChangeCode": "E"
    },
    "isAvailable": true,
    "isPriceAvailable": true,
    "inPromo": true,
    "promotion": [
      {
        "techPromoId": "100893COLR",
        "promotionId": "100893",
        "promotionType": "3",
        "isPersonalized": "N",
        "publicationStartDate": "13-03-2024",
        "publicationEndDate": "26-03-2024"
      }
    ],
    "gtin": [
      "05411718150119",
      "05415270100322",
      "05415270200176"
    ],
    "topCategoryName": "Wijn",
    "topCategoryId": "421",
    "businessDomain": "RETAIL_BE",
    "IsPrivateLabel": false,
    "IsBiffe": false,
    "WeightconversionFactor": "0",
    "IsWeightArticle": false,
    "IsBio": false,
    "CountryOfOrigin": "BELGIË",
    "IsExclusivelySoldInLuxembourg": false,
    "OrderUnit": "P",
    "ShortName": "KIDI APPEL 75CL",
    "InSeason": true,
    "IsNew": false,
    "RecentQuanityOfStockUnits": "1,6",
    "LongName": "KIDIBUL appel 75cl",
    "AlcoholVolume": "0",
    "StartSeasonDate": "27/05/2009",
    "FicCode": "E"
  },
  {
    "productId": "1128",
    "technicalArticleNumber": "17006",
    "commercialArticleNumber": "17006",
    "name": "Spanje rood BIB",
    "description": "SPANJE TAFELWIJN ROOD\nNiet zware, soepele en\nfruitige wijn. Na opening kan party-\nbox nog 3 maanden worden bewaard,\ndoordat er geen lucht in kan.",
    "brand": "SOUBIRAC",
    "seoBrand": "Soubirac",
    "thumbNail": "https://static.colruytgroup.com/images/200x200/std.lang.all/29/87/asset-342987.jpg",
    "fullImage": "https://static.colruytgroup.com/images/500x500/std.lang.all/29/87/asset-342987.jpg",
    "squareImage": "https://static.colruytgroup.com/images/500x500sq/std.lang.all/29/87/asset-342987.jpg",
    "content": "5L",
    "walkRouteSequenceNumber": 76,
    "price": {
      "basicPrice": 15.49,
      "recommendedQuantity": "1.0",
      "measurementUnitPrice": 3.1,
      "measurementUnit": "L",
      "isRedPrice": false,
      "pricePerUOM": 3.1,
      "activationDate": "13-03-2024",
      "isPromoActive": "N",
      "priceChangeCode": "E"
    },
    "isAvailable": true,
    "isPriceAvailable": true,
    "inPromo": false,
    "gtin": [
      "05400141170061"
    ],
    "topCategoryName": "Wijn",
    "topCategoryId": "421",
    "businessDomain": "RETAIL_BE",
    "IsPrivateLabel": true,
    "IsBiffe": false,
    "WeightconversionFactor": "0",
    "IsWeightArticle": false,
    "IsBio": false,
    "CountryOfOrigin": "SPANJE",
    "IsExclusivelySoldInLuxembourg": false,
    "OrderUnit": "P",
    "ShortName": "SOUBIRAC SPANJE BIB 5L",
    "IsNew": false,
    "EcoscoreLabel": "C",
    "RecentQuanityOfStockUnits": "1",
    "LongName": "SOUBIRAC Spanje rood BIB 5L",
    "AlcoholVolume": "13",
    "FicCode": "I",
    "EcoscoreValue": "47"
  },
  {
    "productId": "131",
    "technicalArticleNumber": "17047",
    "commercialArticleNumber": "17047",
    "name": "Crémant d'Alsace Cave de Bennwihr",
    "description": "FRANKRIJK CREMANT DROOG\nMousserende witte klassewijn, méthode\ntraditionelle ,van Pinot Blanc en\nAuxerrois druiven. Krachtig en vol.\nBij aperifief en voorgerechten.",
    "thumbNail": "https://static.colruytgroup.com/images/200x200/std.lang.all/30/90/asset-3133090.jpg",
    "fullImage": "https://static.colruytgroup.com/images/500x500/std.lang.all/30/90/asset-3133090.jpg",
    "squareImage": "https://static.colruytgroup.com/images/500x500sq/std.lang.all/30/90/asset-3133090.jpg",
    "content": "75cl",
    "walkRouteSequenceNumber": 525,
    "price": {
      "basicPrice": 7.49,
      "recommendedQuantity": "1.0",
      "measurementUnitPrice": 9.99,
      "measurementUnit": "L",
      "isRedPrice": false,
      "pricePerUOM": 9.99,
      "activationDate": "19-03-2024",
      "recordSource": "Offline",
      "isPromoActive": "N",
      "priceChangeCode": "H"
    },
    "isAvailable": true,
    "isPriceAvailable": true,
    "inPromo": false,
    "gtin": [
      "03225820045377",
      "03225820045384"
    ],
    "topCategoryName": "Wijn",
    "topCategoryId": "421",
    "businessDomain": "RETAIL_BE",
    "IsPrivateLabel": false,
    "IsBiffe": false,
    "WeightconversionFactor": "0",
    "IsWeightArticle": false,
    "IsBio": false,
    "CountryOfOrigin": "FRANKRIJK",
    "IsExclusivelySoldInLuxembourg": false,
    "OrderUnit": "P",
    "ShortName": "CREMANT D ALSACE",
    "IsNew": false,
    "EcoscoreLabel": "C",
    "RecentQuanityOfStockUnits": "1,6",
    "LongName": "Crémant d'Alsace Cave de Bennwihr 75cl",
    "AlcoholVolume": "11.5",
    "FicCode": "E",
    "EcoscoreValue": "56"
  },
  {
    "productId": "296412",
    "technicalArticleNumber": "3726157",
    "commercialArticleNumber": "14265",
    "name": "rosé",
    "description": "LANGUEDOC ROSE SEC\nDroge, fruitige en nerveuze rosé uit\nSuid-Frankrijk. Fris serveren met vis,\nkoude schitels, pasta of als aperitief",
    "brand": "DUC DE LERME",
    "seoBrand": "Duc de Lerme",
    "thumbNail": "https://static.colruytgroup.com/images/200x200/std.lang.all/67/35/asset-1306735.jpg",
    "fullImage": "https://static.colruytgroup.com/images/500x500/std.lang.all/67/35/asset-1306735.jpg",
    "squareImage": "https://static.colruytgroup.com/images/500x500sq/std.lang.all/67/35/asset-1306735.jpg",
    "content": "75cl",
    "walkRouteSequenceNumber": 494,
    "price": {
      "basicPrice": 3.99,
      "recommendedQuantity": "1.0",
      "measurementUnitPrice": 5.32,
      "measurementUnit": "L",
      "isRedPrice": false,
      "pricePerUOM": 5.32,
      "activationDate": "19-03-2024",
      "recordSource": "Offline",
      "isPromoActive": "N",
      "priceChangeCode": "E"
    },
    "isAvailable": true,
    "isPriceAvailable": true,
    "inPromo": false,
    "gtin": [
      "15400141100355",
      "05400141100358"
    ],
    "topCategoryName": "Wijn",
    "topCategoryId": "421",
    "businessDomain": "RETAIL_BE",
    "IsPrivateLabel": true,
    "IsBiffe": false,
    "WeightconversionFactor": "0",
    "IsWeightArticle": false,
    "IsBio": false,
    "CountryOfOrigin": "FRANKRIJK",
    "IsExclusivelySoldInLuxembourg": false,
    "OrderUnit": "P",
    "ShortName": "DUC DE LERME ROSE",
    "IsNew": false,
    "EcoscoreLabel": "B",
    "RecentQuanityOfStockUnits": "1,6",
    "LongName": "DUC DE LERME rosé 75cl",
    "AlcoholVolume": "12.5",
    "FicCode": "I",
    "EcoscoreValue": "60"
  },
  {
    "productId": "118148",
    "technicalArticleNumber": "3081721",
    "commercialArticleNumber": "39493",
    "name": "Bicicleta Viognier Chili wit",
    "description": "Lichtgele wijn met groene reflecties.\nUitbundige neus van exotisch fruit en\nbloemen. Vlotte smaak met voldoende\nstructuur.Uitstekend bij slaatjes,vis,\naziatische keuken.Schenken op 8°C.QCC",
    "thumbNail": "https://static.colruytgroup.com/images/200x200/std.lang.all/53/47/asset-1885347.jpg",
    "fullImage": "https://static.colruytgroup.com/images/500x500/std.lang.all/53/47/asset-1885347.jpg",
    "squareImage": "https://static.colruytgroup.com/images/500x500sq/std.lang.all/53/47/asset-1885347.jpg",
    "content": "75cl",
    "walkRouteSequenceNumber": 366,
    "price": {
      "basicPrice": 5.49,
      "recommendedQuantity": "1.0",
      "quantityPrice": 5.27,
      "quantityPriceQuantity": "6.0",
      "measurementUnitPrice": 7.32,
      "measurementUnitQuantityPrice": 7.03,
      "measurementUnit": "L",
      "isRedPrice": false,
      "pricePerUOM": 7.32,
      "activationDate": "13-03-2024",
      "isPromoActive": "N",
      "priceChangeCode": "E",
      "quantityPricePerUOM": 7.03,
      "quantityActivationDate": "13-03-2024",
      "quantityPriceChangeCode": "E"
    },
    "isAvailable": true,
    "isPriceAvailable": true,
    "inPromo": false,
    "gtin": [
      "37804320405408",
      "07804320405407",
      "07804320528618"
    ],
    "topCategoryName": "Wijn",
    "topCategoryId": "421",
    "businessDomain": "RETAIL_BE",
    "IsPrivateLabel": false,
    "IsBiffe": false,
    "WeightconversionFactor": "0",
    "IsWeightArticle": false,
    "IsBio": false,
    "CountryOfOrigin": "CHILI",
    "IsExclusivelySoldInLuxembourg": false,
    "OrderUnit": "P",
    "ShortName": "VIOGNIER BICICLETA",
    "InSeason": true,
    "IsNew": false,
    "EcoscoreLabel": "D",
    "RecentQuanityOfStockUnits": "1,6,6",
    "LongName": "Bicicleta Viognier Chili wit 75cl",
    "AlcoholVolume": "13.5",
    "StartSeasonDate": "02/09/2014",
    "FicCode": "E",
    "EcoscoreValue": "37"
  },
  {
    "productId": "15829",
    "technicalArticleNumber": "1584236",
    "commercialArticleNumber": "17505",
    "name": "Chardonnay wit",
    "description": "FRANKRIJK VIN DE FRANCE DROOG WIT\nAangename droge en soepele wijn.\nSappig en mooie fruitige afdronk.\nBij koude schotels en allerlei\nvisgerechten.",
    "thumbNail": "https://static.colruytgroup.com/images/200x200/std.lang.all/67/08/asset-2096708.jpg",
    "fullImage": "https://static.colruytgroup.com/images/500x500/std.lang.all/67/08/asset-2096708.jpg",
    "squareImage": "https://static.colruytgroup.com/images/500x500sq/std.lang.all/67/08/asset-2096708.jpg",
    "content": "25cl",
    "walkRouteSequenceNumber": 180,
    "price": {
      "basicPrice": 2.49,
      "recommendedQuantity": "1.0",
      "quantityPrice": 2.29,
      "quantityPriceQuantity": "12.0",
      "measurementUnitPrice": 9.96,
      "measurementUnitQuantityPrice": 9.16,
      "measurementUnit": "L",
      "isRedPrice": false,
      "pricePerUOM": 9.96,
      "activationDate": "13-02-2024",
      "isPromoActive": "N",
      "priceChangeCode": "H",
      "quantityPricePerUOM": 9.16,
      "quantityActivationDate": "13-02-2024",
      "quantityPriceChangeCode": "E"
    },
    "isAvailable": true,
    "isPriceAvailable": true,
    "inPromo": false,
    "gtin": [
      "13172256000364",
      "03172256000367"
    ],
    "topCategoryName": "Wijn",
    "topCategoryId": "421",
    "businessDomain": "RETAIL_BE",
    "IsPrivateLabel": false,
    "IsBiffe": false,
    "WeightconversionFactor": "0",
    "IsWeightArticle": false,
    "IsBio": false,
    "CountryOfOrigin": "FRANKRIJK",
    "IsExclusivelySoldInLuxembourg": false,
    "OrderUnit": "P",
    "ShortName": "CHARDONNAY VDF 25 CL",
    "IsNew": false,
    "EcoscoreLabel": "D",
    "RecentQuanityOfStockUnits": "12,1",
    "LongName": "Chardonnay wit 25cl",
    "AlcoholVolume": "12",
    "FicCode": "E",
    "EcoscoreValue": "23"
  },
  {
    "productId": "160742",
    "technicalArticleNumber": "3247656",
    "commercialArticleNumber": "13871",
    "name": "Bubbly Fiesta appel",
    "description": "*Appelsap\n*Sprankelend\n*Alcoholvrij",
    "brand": "BONI",
    "seoBrand": "Boni Selection",
    "thumbNail": "https://static.colruytgroup.com/images/200x200/std.lang.all/58/71/asset-2145871.jpg",
    "fullImage": "https://static.colruytgroup.com/images/500x500/std.lang.all/58/71/asset-2145871.jpg",
    "squareImage": "https://static.colruytgroup.com/images/500x500sq/std.lang.all/58/71/asset-2145871.jpg",
    "content": "75cl",
    "walkRouteSequenceNumber": 553,
    "price": {
      "basicPrice": 1.99,
      "recommendedQuantity": "1.0",
      "measurementUnitPrice": 2.66,
      "measurementUnit": "L",
      "isRedPrice": false,
      "pricePerUOM": 2.66,
      "activationDate": "12-01-2024",
      "recordSource": "Offline",
      "isPromoActive": "N",
      "priceChangeCode": "L"
    },
    "isAvailable": true,
    "isPriceAvailable": true,
    "inPromo": false,
    "gtin": [
      "15400141387732",
      "15400141976738",
      "05400141202830",
      "05400141387735"
    ],
    "topCategoryName": "Wijn",
    "topCategoryId": "421",
    "businessDomain": "RETAIL_BE",
    "IsPrivateLabel": true,
    "IsBiffe": false,
    "WeightconversionFactor": "0",
    "IsWeightArticle": false,
    "nutriscoreLabel": "E",
    "IsBio": false,
    "CountryOfOrigin": "BELGIË",
    "IsExclusivelySoldInLuxembourg": false,
    "OrderUnit": "P",
    "ShortName": "BONI BUB.FIEST.APPEL75C",
    "IsNew": false,
    "RecentQuanityOfStockUnits": "1,6",
    "LongName": "BONI Bubbly Fiesta appel 75cl",
    "AlcoholVolume": "0",
    "FicCode": "I"
  },
  {
    "productId": "18359",
    "technicalArticleNumber": "1766243",
    "commercialArticleNumber": "17780",
    "name": "Ch Croix de Laborde Haut-Médoc",
    "description": "FRANKRIJK BORDEAUX HAUT-MEDOC\nMooie rode wijn met een boeket van\nrood fruit en een aangename smaak.\nBewaring: tot 8 jaar.",
    "thumbNail": "https://static.colruytgroup.com/images/200x200/std.lang.all/14/07/asset-3251407.jpg",
    "fullImage": "https://static.colruytgroup.com/images/500x500/std.lang.all/14/07/asset-3251407.jpg",
    "squareImage": "https://static.colruytgroup.com/images/500x500sq/std.lang.all/14/07/asset-3251407.jpg",
    "content": "75cl",
    "walkRouteSequenceNumber": 53,
    "price": {
      "basicPrice": 9.45,
      "recommendedQuantity": "1.0",
      "quantityPrice": 4.99,
      "quantityPriceQuantity": "2.0",
      "measurementUnitPrice": 12.6,
      "measurementUnitQuantityPrice": 6.66,
      "measurementUnit": "L",
      "isRedPrice": false,
      "pricePerUOM": 12.6,
      "activationDate": "19-03-2024",
      "isPromoActive": "N",
      "priceChangeCode": "E",
      "quantityPricePerUOM": 6.66,
      "quantityActivationDate": "19-03-2024",
      "quantityPriceChangeCode": "H"
    },
    "isAvailable": true,
    "isPriceAvailable": true,
    "inPromo": false,
    "gtin": [
      "03198129234431",
      "03198129234448",
      "03198129885404"
    ],
    "topCategoryName": "Wijn",
    "topCategoryId": "421",
    "businessDomain": "RETAIL_BE",
    "IsPrivateLabel": false,
    "IsBiffe": false,
    "WeightconversionFactor": "0",
    "IsWeightArticle": false,
    "IsBio": false,
    "CountryOfOrigin": "FRANKRIJK",
    "IsExclusivelySoldInLuxembourg": false,
    "OrderUnit": "P",
    "ShortName": "CH CROIX LABORDE",
    "IsNew": false,
    "RecentQuanityOfStockUnits": "6,1",
    "LongName": "Ch Croix de Laborde Haut-Médoc 75cl",
    "AlcoholVolume": "12.5",
    "FicCode": "E"
  },
  {
    "productId": "4209",
    "technicalArticleNumber": "1008437",
    "commercialArticleNumber": "17721",
    "name": "El Coto blanco Rioja",
    "description": "SPANJE DROOG WIT\nVoortreffelijke kwaliteitswijn uit de\nRioja, afkomstig van de viuradruif:\nfruitig, fijn, smaakvol en fris. Bij\nvis, voorgerechten, schaaldieren.",
    "thumbNail": "https://static.colruytgroup.com/images/200x200/std.lang.all/93/16/asset-3429316.jpg",
    "fullImage": "https://static.colruytgroup.com/images/500x500/std.lang.all/93/16/asset-3429316.jpg",
    "squareImage": "https://static.colruytgroup.com/images/500x500sq/std.lang.all/93/16/asset-3429316.jpg",
    "content": "75cl",
    "walkRouteSequenceNumber": 301,
    "price": {
      "basicPrice": 5.75,
      "recommendedQuantity": "1.0",
      "measurementUnitPrice": 7.67,
      "measurementUnit": "L",
      "isRedPrice": false,
      "pricePerUOM": 7.67,
      "activationDate": "14-03-2024",
      "recordSource": "Offline",
      "isPromoActive": "N",
      "priceChangeCode": "H"
    },
    "isAvailable": true,
    "isPriceAvailable": true,
    "inPromo": false,
    "gtin": [
      "28410537592125",
      "28410537592026",
      "08410537600727",
      "28410537601827",
      "28410537601728",
      "28410537591920",
      "08410537608228",
      "08410537600321",
      "28410537592224",
      "08410537598222"
    ],
    "topCategoryName": "Wijn",
    "topCategoryId": "421",
    "businessDomain": "RETAIL_BE",
    "IsPrivateLabel": false,
    "IsBiffe": false,
    "WeightconversionFactor": "0",
    "IsWeightArticle": false,
    "IsBio": false,
    "CountryOfOrigin": "SPANJE",
    "IsExclusivelySoldInLuxembourg": false,
    "OrderUnit": "P",
    "ShortName": "EL COTO BLANCO RIOJA",
    "IsNew": false,
    "EcoscoreLabel": "C",
    "RecentQuanityOfStockUnits": "6,1,6",
    "LongName": "El Coto blanco Rioja 75cl",
    "AlcoholVolume": "12",
    "FicCode": "E",
    "EcoscoreValue": "49"
  },
  {
    "productId": "1135",
    "technicalArticleNumber": "17170",
    "commercialArticleNumber": "17170",
    "name": "Portuguese rosé",
    "description": "PORTUGAL HALFZOET ROSE\nAangenaam, fris en fruitig.\nLicht sprankelend. Fris\nschenken bij koude voorgerech-\nten en licht vlees.",
    "thumbNail": "https://static.colruytgroup.com/images/200x200/std.lang.all/07/88/asset-370788.jpg",
    "fullImage": "https://static.colruytgroup.com/images/500x500/std.lang.all/07/88/asset-370788.jpg",
    "squareImage": "https://static.colruytgroup.com/images/500x500sq/std.lang.all/07/88/asset-370788.jpg",
    "content": "75cl",
    "walkRouteSequenceNumber": 459,
    "price": {
      "basicPrice": 3.99,
      "recommendedQuantity": "1.0",
      "measurementUnitPrice": 5.32,
      "measurementUnit": "L",
      "isRedPrice": false,
      "pricePerUOM": 5.32,
      "activationDate": "04-01-2024",
      "recordSource": "Offline",
      "isPromoActive": "N",
      "priceChangeCode": "E"
    },
    "isAvailable": true,
    "isPriceAvailable": true,
    "inPromo": false,
    "gtin": [
      "05601012142501",
      "05601012280555",
      "55601012142506"
    ],
    "topCategoryName": "Wijn",
    "topCategoryId": "421",
    "businessDomain": "RETAIL_BE",
    "IsPrivateLabel": false,
    "IsBiffe": false,
    "WeightconversionFactor": "0",
    "IsWeightArticle": false,
    "IsBio": false,
    "CountryOfOrigin": "PORTUGAL",
    "IsExclusivelySoldInLuxembourg": false,
    "OrderUnit": "P",
    "ShortName": "VINHO ROSE PORTUGESE",
    "IsNew": false,
    "RecentQuanityOfStockUnits": "1,6,6",
    "LongName": "Portuguese rosé 75cl",
    "AlcoholVolume": "10",
    "FicCode": "E"
  },
  {
    "productId": "827477",
    "technicalArticleNumber": "4665477",
    "commercialArticleNumber": "1713",
    "name": "Merlot IGP Pays d'Oc",
    "description": "FRANKRIJK ROOD LANGUEDOC ROUSSILLON\nFruitige en karaktervolle rode wijn\nmet intense kleur en veel smaak.\nAanbevolen bij wit vlees, gebraad\nen zachte kazen. Geen statiegeld.",
    "brand": "DUC DE LERME",
    "seoBrand": "Duc de Lerme",
    "thumbNail": "https://static.colruytgroup.com/images/200x200/std.lang.all/67/32/asset-2976732.jpg",
    "fullImage": "https://static.colruytgroup.com/images/500x500/std.lang.all/67/32/asset-2976732.jpg",
    "squareImage": "https://static.colruytgroup.com/images/500x500sq/std.lang.all/67/32/asset-2976732.jpg",
    "content": "75cl",
    "walkRouteSequenceNumber": 269,
    "price": {
      "basicPrice": 3.99,
      "recommendedQuantity": "1.0",
      "measurementUnitPrice": 5.32,
      "measurementUnit": "L",
      "isRedPrice": false,
      "pricePerUOM": 5.32,
      "activationDate": "19-03-2024",
      "recordSource": "Offline",
      "isPromoActive": "N",
      "priceChangeCode": "E"
    },
    "isAvailable": true,
    "isPriceAvailable": true,
    "inPromo": false,
    "gtin": [
      "15400141993797",
      "05400141993790"
    ],
    "topCategoryName": "Wijn",
    "topCategoryId": "421",
    "businessDomain": "RETAIL_BE",
    "IsPrivateLabel": true,
    "IsBiffe": false,
    "WeightconversionFactor": "0",
    "IsWeightArticle": false,
    "IsBio": false,
    "CountryOfOrigin": "BELGIË",
    "IsExclusivelySoldInLuxembourg": false,
    "OrderUnit": "P",
    "ShortName": "DDL MERLOT IGP SCHRF75C",
    "IsNew": false,
    "RecentQuanityOfStockUnits": "1,6",
    "LongName": "DUC DE LERME Merlot IGP Pays d'Oc 75cl",
    "AlcoholVolume": "13.9",
    "FicCode": "I"
  },
  {
    "productId": "52467",
    "technicalArticleNumber": "2197471",
    "commercialArticleNumber": "18095",
    "name": "Zuid-Afrika rood BIB",
    "description": "ZUID AFRIKA ROOD\nMerlot,Shiraz en Pinotage\nStevige, fruitige en kruidige wijn.\nSappig in de mond met een zachte\nfinale.Geschikt bij BBQ, pasta,vlees.",
    "brand": "BLYGEDACHT",
    "seoBrand": "Blygedacht",
    "thumbNail": "https://static.colruytgroup.com/images/200x200/std.lang.all/92/24/asset-2869224.jpg",
    "fullImage": "https://static.colruytgroup.com/images/500x500/std.lang.all/92/24/asset-2869224.jpg",
    "squareImage": "https://static.colruytgroup.com/images/500x500sq/std.lang.all/92/24/asset-2869224.jpg",
    "content": "5L",
    "walkRouteSequenceNumber": 75,
    "price": {
      "basicPrice": 15.39,
      "recommendedQuantity": "1.0",
      "measurementUnitPrice": 3.08,
      "measurementUnit": "L",
      "isRedPrice": true,
      "redPriceReason": "Promo",
      "referencePrice": 17.49,
      "retentionPeriod": 30,
      "pricePerUOM": 3.08,
      "activationDate": "13-03-2024",
      "isPromoActive": "Y",
      "priceChangeCode": "L"
    },
    "isAvailable": true,
    "isPriceAvailable": true,
    "inPromo": false,
    "gtin": [
      "05400141180954",
      "05400141032987"
    ],
    "topCategoryName": "Wijn",
    "topCategoryId": "421",
    "businessDomain": "RETAIL_BE",
    "IsPrivateLabel": true,
    "IsBiffe": false,
    "WeightconversionFactor": "0",
    "IsWeightArticle": false,
    "IsBio": false,
    "CountryOfOrigin": "ZUID-AFRIKA",
    "IsExclusivelySoldInLuxembourg": false,
    "OrderUnit": "P",
    "ShortName": "BLYGEDACHT Z AF BIB 5L",
    "IsNew": false,
    "EcoscoreLabel": "D",
    "RecentQuanityOfStockUnits": "1",
    "LongName": "BLYGEDACHT Zuid-Afrika rood BIB 5L",
    "AlcoholVolume": "13",
    "FicCode": "I",
    "EcoscoreValue": "26"
  },
  {
    "productId": "118938",
    "technicalArticleNumber": "3070322",
    "commercialArticleNumber": "33822",
    "name": "Gd Sud Sauvignon blanc VDF Wit",
    "description": "Sauvignon Frankrijk in 25 cl.\nAromatische wijn, vol frisheid.\nGeschikt bij salades, kazen en vis.",
    "thumbNail": "https://static.colruytgroup.com/images/200x200/std.lang.all/92/76/asset-1509276.jpg",
    "fullImage": "https://static.colruytgroup.com/images/500x500/std.lang.all/92/76/asset-1509276.jpg",
    "squareImage": "https://static.colruytgroup.com/images/500x500sq/std.lang.all/92/76/asset-1509276.jpg",
    "content": "25cl",
    "walkRouteSequenceNumber": 178,
    "price": {
      "basicPrice": 2.09,
      "recommendedQuantity": "1.0",
      "quantityPrice": 2.01,
      "quantityPriceQuantity": "6.0",
      "measurementUnitPrice": 8.36,
      "measurementUnitQuantityPrice": 8.04,
      "measurementUnit": "L",
      "isRedPrice": false,
      "pricePerUOM": 8.36,
      "activationDate": "15-11-2023",
      "isPromoActive": "N",
      "priceChangeCode": "H",
      "quantityPricePerUOM": 8.04,
      "quantityActivationDate": "15-11-2023",
      "quantityPriceChangeCode": "E"
    },
    "isAvailable": true,
    "isPriceAvailable": true,
    "inPromo": false,
    "gtin": [
      "03263281740189",
      "03263280112970"
    ],
    "topCategoryName": "Wijn",
    "topCategoryId": "421",
    "businessDomain": "RETAIL_BE",
    "IsPrivateLabel": false,
    "IsBiffe": false,
    "WeightconversionFactor": "0",
    "IsWeightArticle": false,
    "IsBio": false,
    "CountryOfOrigin": "FRANKRIJK",
    "IsExclusivelySoldInLuxembourg": false,
    "OrderUnit": "P",
    "ShortName": "GRAND SUD SAUVIGNON 25C",
    "IsNew": false,
    "EcoscoreLabel": "D",
    "RecentQuanityOfStockUnits": "6,1",
    "LongName": "Gd Sud Sauvignon blanc VDF Wit 25cl",
    "AlcoholVolume": "11.5",
    "FicCode": "E",
    "EcoscoreValue": "23"
  },
  {
    "productId": "82774",
    "technicalArticleNumber": "2934874",
    "commercialArticleNumber": "38781",
    "name": "Cabernet-Syrah rood BIB",
    "description": "RODE LANGUEDOC ROUSSILLON\nKrachtige smaak, soepel en kruidig.\nPerfecte begeleiding van zomer-\nbarbecues en mediterrane gerechten.\nIn/out",
    "brand": "DUC DE LERME",
    "seoBrand": "Duc de Lerme",
    "thumbNail": "https://static.colruytgroup.com/images/200x200/std.lang.all/44/81/asset-1014481.jpg",
    "fullImage": "https://static.colruytgroup.com/images/500x500/std.lang.all/44/81/asset-1014481.jpg",
    "squareImage": "https://static.colruytgroup.com/images/500x500sq/std.lang.all/44/81/asset-1014481.jpg",
    "content": "3L",
    "walkRouteSequenceNumber": 68,
    "price": {
      "basicPrice": 11.89,
      "recommendedQuantity": "1.0",
      "measurementUnitPrice": 3.97,
      "measurementUnit": "L",
      "isRedPrice": false,
      "pricePerUOM": 3.97,
      "activationDate": "13-03-2024",
      "isPromoActive": "Y",
      "priceChangeCode": "E"
    },
    "isAvailable": true,
    "isPriceAvailable": true,
    "inPromo": false,
    "gtin": [
      "05400141601008"
    ],
    "topCategoryName": "Wijn",
    "topCategoryId": "421",
    "businessDomain": "RETAIL_BE",
    "IsPrivateLabel": true,
    "IsBiffe": false,
    "WeightconversionFactor": "0",
    "IsWeightArticle": false,
    "IsBio": false,
    "CountryOfOrigin": "BELGIË",
    "IsExclusivelySoldInLuxembourg": false,
    "OrderUnit": "P",
    "ShortName": "LERME CAB-SYRA BIB 3L",
    "InSeason": true,
    "IsNew": false,
    "EcoscoreLabel": "C",
    "RecentQuanityOfStockUnits": "1",
    "LongName": "DUC DE LERME Cabernet-Syrah rood BIB 3L",
    "AlcoholVolume": "13.5",
    "StartSeasonDate": "17/12/2013",
    "FicCode": "I",
    "EcoscoreValue": "53"
  },
  {
    "productId": "135",
    "technicalArticleNumber": "17063",
    "commercialArticleNumber": "17063",
    "name": "Blanc de Blancs BIB",
    "description": "WIT DROOG\nFrisse en karaktervolle wijn. Koel\nopdienen bij koude voorgerechten.\nIdeaal voor kir (1/5 crème de cassis\ntoevoegen).",
    "thumbNail": "https://static.colruytgroup.com/images/200x200/std.lang.all/21/49/asset-1282149.jpg",
    "fullImage": "https://static.colruytgroup.com/images/500x500/std.lang.all/21/49/asset-1282149.jpg",
    "squareImage": "https://static.colruytgroup.com/images/500x500sq/std.lang.all/21/49/asset-1282149.jpg",
    "content": "5L",
    "walkRouteSequenceNumber": 15,
    "price": {
      "basicPrice": 16.65,
      "recommendedQuantity": "1.0",
      "quantityPrice": 15.98,
      "quantityPriceQuantity": "3.0",
      "measurementUnitPrice": 3.33,
      "measurementUnitQuantityPrice": 3.2,
      "measurementUnit": "L",
      "isRedPrice": false,
      "pricePerUOM": 3.33,
      "activationDate": "14-03-2024",
      "recordSource": "Offline",
      "isPromoActive": "N",
      "priceChangeCode": "H",
      "quantityPricePerUOM": 3.2,
      "quantityActivationDate": "14-03-2024",
      "quantityPriceChangeCode": "E"
    },
    "isAvailable": true,
    "isPriceAvailable": true,
    "inPromo": false,
    "gtin": [
      "05400141030679",
      "05400141170634"
    ],
    "topCategoryName": "Wijn",
    "topCategoryId": "421",
    "businessDomain": "RETAIL_BE",
    "IsPrivateLabel": false,
    "IsBiffe": false,
    "WeightconversionFactor": "0",
    "IsWeightArticle": false,
    "IsBio": false,
    "CountryOfOrigin": "SPANJE",
    "IsExclusivelySoldInLuxembourg": false,
    "OrderUnit": "P",
    "ShortName": "BLANC DE BLANCS BIB 5L",
    "IsNew": false,
    "EcoscoreLabel": "C",
    "RecentQuanityOfStockUnits": "1",
    "LongName": "Blanc de Blancs BIB 5L",
    "AlcoholVolume": "11",
    "FicCode": "I",
    "EcoscoreValue": "48"
  },
  {
    "productId": "174696",
    "technicalArticleNumber": "3343940",
    "commercialArticleNumber": "13741",
    "name": "Grand Sud Chardonnay",
    "thumbNail": "https://static.colruytgroup.com/images/200x200/std.lang.all/54/39/asset-635439.jpg",
    "fullImage": "https://static.colruytgroup.com/images/500x500/std.lang.all/54/39/asset-635439.jpg",
    "squareImage": "https://static.colruytgroup.com/images/500x500sq/std.lang.all/54/39/asset-635439.jpg",
    "content": "25cl",
    "walkRouteSequenceNumber": 177,
    "price": {
      "basicPrice": 2.69,
      "recommendedQuantity": "1.0",
      "quantityPrice": 2.47,
      "quantityPriceQuantity": "6.0",
      "measurementUnitPrice": 10.76,
      "measurementUnitQuantityPrice": 9.88,
      "measurementUnit": "L",
      "isRedPrice": false,
      "pricePerUOM": 10.76,
      "activationDate": "15-02-2024",
      "isPromoActive": "N",
      "priceChangeCode": "H",
      "quantityPricePerUOM": 9.88,
      "quantityActivationDate": "15-02-2024",
      "quantityPriceChangeCode": "H"
    },
    "isAvailable": true,
    "isPriceAvailable": true,
    "inPromo": false,
    "gtin": [
      "03263280118156",
      "03263286350178",
      "03263289994270"
    ],
    "topCategoryName": "Wijn",
    "topCategoryId": "421",
    "businessDomain": "RETAIL_BE",
    "IsPrivateLabel": false,
    "IsBiffe": false,
    "WeightconversionFactor": "0",
    "IsWeightArticle": false,
    "IsBio": false,
    "CountryOfOrigin": "FRANKRIJK",
    "IsExclusivelySoldInLuxembourg": false,
    "OrderUnit": "P",
    "ShortName": "GRD SUD CHARDONNAY 25CL",
    "IsNew": false,
    "EcoscoreLabel": "D",
    "RecentQuanityOfStockUnits": "1,6",
    "LongName": "Grand Sud Chardonnay 25cl",
    "AlcoholVolume": "12",
    "FicCode": "E",
    "EcoscoreValue": "23"
  },
  {
    "productId": "1153",
    "technicalArticleNumber": "17696",
    "commercialArticleNumber": "17696",
    "name": "Liebfraumilch",
    "description": "DUITSLAND HALFZOET WIT\nRijnwijn met opmerkelijk parfum, milde\nfruitige smaak. Fris schenken bij\nvoorgerechten, fijne vleeswaren en\nkoude schotels. QAC",
    "seoBrand": "Johannes Egberts",
    "thumbNail": "https://static.colruytgroup.com/images/200x200/std.lang.all/44/54/asset-2934454.jpg",
    "fullImage": "https://static.colruytgroup.com/images/500x500/std.lang.all/44/54/asset-2934454.jpg",
    "squareImage": "https://static.colruytgroup.com/images/500x500sq/std.lang.all/44/54/asset-2934454.jpg",
    "content": "75cl",
    "walkRouteSequenceNumber": 238,
    "price": {
      "basicPrice": 2.49,
      "recommendedQuantity": "1.0",
      "measurementUnitPrice": 3.32,
      "measurementUnit": "L",
      "isRedPrice": false,
      "pricePerUOM": 3.32,
      "activationDate": "14-11-2023",
      "recordSource": "Offline",
      "isPromoActive": "N",
      "priceChangeCode": "E"
    },
    "isAvailable": true,
    "isPriceAvailable": true,
    "inPromo": false,
    "gtin": [
      "04006542036374",
      "04006542636376"
    ],
    "topCategoryName": "Wijn",
    "topCategoryId": "421",
    "businessDomain": "RETAIL_BE",
    "IsPrivateLabel": false,
    "IsBiffe": false,
    "WeightconversionFactor": "0",
    "IsWeightArticle": false,
    "IsBio": false,
    "CountryOfOrigin": "DUITSLAND",
    "IsExclusivelySoldInLuxembourg": false,
    "OrderUnit": "P",
    "ShortName": "LIEBFRAUMILCH FLES 75CL",
    "IsNew": false,
    "EcoscoreLabel": "C",
    "RecentQuanityOfStockUnits": "6,1",
    "LongName": "Liebfraumilch 75cl",
    "AlcoholVolume": "8.5",
    "FicCode": "E",
    "EcoscoreValue": "55"
  },
  {
    "productId": "782196",
    "technicalArticleNumber": "4579274",
    "commercialArticleNumber": "28989",
    "name": "Domaine Saint André IGP d'Oc rosé",
    "description": "Aromatische rosé uit het zuiden van\nFrankrijk. Rode neusjes, framboos en\nander rood fruit. Fris met een tikje\nvet in de mond. Terassjeswijn,\nslaatjes, gegrilde vis, kip, tapas,...",
    "thumbNail": "https://static.colruytgroup.com/images/200x200/std.lang.all/47/29/asset-2804729.jpg",
    "fullImage": "https://static.colruytgroup.com/images/500x500/std.lang.all/47/29/asset-2804729.jpg",
    "squareImage": "https://static.colruytgroup.com/images/500x500sq/std.lang.all/47/29/asset-2804729.jpg",
    "content": "75cl",
    "walkRouteSequenceNumber": 493,
    "price": {
      "basicPrice": 4.75,
      "recommendedQuantity": "1.0",
      "measurementUnitPrice": 6.34,
      "measurementUnit": "L",
      "isRedPrice": false,
      "pricePerUOM": 6.34,
      "activationDate": "02-11-2023",
      "isPromoActive": "N",
      "priceChangeCode": "E"
    },
    "isAvailable": true,
    "isPriceAvailable": true,
    "inPromo": false,
    "gtin": [
      "15400141967149",
      "05400141967142"
    ],
    "topCategoryName": "Wijn",
    "topCategoryId": "421",
    "businessDomain": "RETAIL_BE",
    "IsPrivateLabel": false,
    "IsBiffe": false,
    "WeightconversionFactor": "0",
    "IsWeightArticle": false,
    "IsBio": false,
    "CountryOfOrigin": "BELGIË",
    "IsExclusivelySoldInLuxembourg": false,
    "OrderUnit": "P",
    "ShortName": "DOMAINE ST ANDRE ROSE",
    "IsNew": false,
    "EcoscoreLabel": "D",
    "RecentQuanityOfStockUnits": "6,1",
    "LongName": "Domaine Saint André IGP d'Oc rosé 75cl",
    "AlcoholVolume": "12.5",
    "FicCode": "I",
    "EcoscoreValue": "25"
  },
  {
    "productId": "1142",
    "technicalArticleNumber": "17186",
    "commercialArticleNumber": "17186",
    "name": "Montepulciano d'Abruzzo",
    "description": "ITALIE ROOD Farnese\nFruitige wijn uit de Abruzzo-streek.\nFijne wijn, uitstekend geschikt bij\nkoude schotels en lichte Italiaanse\ngerechten.",
    "brand": "FANTINI",
    "seoBrand": "Fantini",
    "thumbNail": "https://static.colruytgroup.com/images/200x200/std.lang.all/31/94/asset-1013194.jpg",
    "fullImage": "https://static.colruytgroup.com/images/500x500/std.lang.all/31/94/asset-1013194.jpg",
    "squareImage": "https://static.colruytgroup.com/images/500x500sq/std.lang.all/31/94/asset-1013194.jpg",
    "content": "75cl",
    "walkRouteSequenceNumber": 339,
    "price": {
      "basicPrice": 5.59,
      "recommendedQuantity": "1.0",
      "measurementUnitPrice": 7.46,
      "measurementUnit": "L",
      "isRedPrice": false,
      "pricePerUOM": 7.46,
      "activationDate": "14-02-2024",
      "isPromoActive": "N",
      "priceChangeCode": "E"
    },
    "isAvailable": true,
    "isPriceAvailable": true,
    "inPromo": false,
    "gtin": [
      "08019873000019",
      "08019873000675"
    ],
    "topCategoryName": "Wijn",
    "topCategoryId": "421",
    "businessDomain": "RETAIL_BE",
    "IsPrivateLabel": false,
    "IsBiffe": false,
    "WeightconversionFactor": "0",
    "IsWeightArticle": false,
    "IsBio": false,
    "CountryOfOrigin": "ITALIË",
    "IsExclusivelySoldInLuxembourg": false,
    "OrderUnit": "P",
    "ShortName": "MONTEPULCIANO FANTINI",
    "IsNew": false,
    "RecentQuanityOfStockUnits": "6,1",
    "LongName": "FANTINI Montepulciano d'Abruzzo 75cl",
    "AlcoholVolume": "13",
    "FicCode": "E"
  },
  {
    "productId": "15450",
    "technicalArticleNumber": "1636230",
    "commercialArticleNumber": "17672",
    "name": "cava Demi-Sec",
    "description": "SPANJE SCHUIMWIJN HALFZOET\nKlassevolle Spaanse schuimwijn die\ngemaakt is volgens de 'méthode tradi-\ntionelle'. Fris en levendig met\nflorale en fruitige aroma's.",
    "brand": "GRAN BARON",
    "seoBrand": "Gran Baron",
    "thumbNail": "https://static.colruytgroup.com/images/200x200/std.lang.all/50/92/asset-1155092.jpg",
    "fullImage": "https://static.colruytgroup.com/images/500x500/std.lang.all/50/92/asset-1155092.jpg",
    "squareImage": "https://static.colruytgroup.com/images/500x500sq/std.lang.all/50/92/asset-1155092.jpg",
    "content": "75cl",
    "walkRouteSequenceNumber": 571,
    "price": {
      "basicPrice": 6.99,
      "recommendedQuantity": "1.0",
      "measurementUnitPrice": 9.32,
      "measurementUnit": "L",
      "isRedPrice": false,
      "pricePerUOM": 9.32,
      "activationDate": "12-03-2024",
      "recordSource": "Folder",
      "isPromoActive": "N",
      "priceChangeCode": "L"
    },
    "isAvailable": true,
    "isPriceAvailable": true,
    "inPromo": false,
    "gtin": [
      "08413216001150",
      "08413216014150"
    ],
    "topCategoryName": "Wijn",
    "topCategoryId": "421",
    "businessDomain": "RETAIL_BE",
    "IsPrivateLabel": false,
    "IsBiffe": false,
    "WeightconversionFactor": "0",
    "IsWeightArticle": false,
    "IsBio": false,
    "CountryOfOrigin": "SPANJE",
    "IsExclusivelySoldInLuxembourg": false,
    "OrderUnit": "P",
    "ShortName": "GRAN BARON CAVA DS 75CL",
    "IsNew": false,
    "EcoscoreLabel": "C",
    "RecentQuanityOfStockUnits": "6,1",
    "LongName": "GRAN BARON cava Demi-Sec 75cl",
    "AlcoholVolume": "11.5",
    "FicCode": "E",
    "EcoscoreValue": "46"
  },
  {
    "productId": "22473",
    "technicalArticleNumber": "1933521",
    "commercialArticleNumber": "17706",
    "name": "Cava Reserva",
    "description": "SPANJE SCHUIMWIJN DROOG\nCava volgens de méthode traditionelle,\nheeft 18 maanden gerijpt. Strogele\nkleur, aroma van gedroogd fruit. Kan\nzowel als aperitief als bij maaltijd",
    "brand": "MAS PERE",
    "seoBrand": "Mas Pere",
    "thumbNail": "https://static.colruytgroup.com/images/200x200/std.lang.all/67/40/asset-2476740.jpg",
    "fullImage": "https://static.colruytgroup.com/images/500x500/std.lang.all/67/40/asset-2476740.jpg",
    "squareImage": "https://static.colruytgroup.com/images/500x500sq/std.lang.all/67/40/asset-2476740.jpg",
    "content": "75cl",
    "walkRouteSequenceNumber": 520,
    "price": {
      "basicPrice": 9.59,
      "recommendedQuantity": "1.0",
      "measurementUnitPrice": 12.79,
      "measurementUnit": "L",
      "isRedPrice": false,
      "pricePerUOM": 12.79,
      "activationDate": "13-03-2024",
      "isPromoActive": "N",
      "priceChangeCode": "E"
    },
    "isAvailable": true,
    "isPriceAvailable": true,
    "inPromo": false,
    "gtin": [
      "08426998258759",
      "08426998258063"
    ],
    "topCategoryName": "Wijn",
    "topCategoryId": "421",
    "businessDomain": "RETAIL_BE",
    "IsPrivateLabel": false,
    "IsBiffe": false,
    "WeightconversionFactor": "0",
    "IsWeightArticle": false,
    "IsBio": false,
    "CountryOfOrigin": "SPANJE",
    "IsExclusivelySoldInLuxembourg": false,
    "OrderUnit": "P",
    "ShortName": "MAS PERE CAVA RESERV75",
    "IsNew": false,
    "RecentQuanityOfStockUnits": "6,1",
    "LongName": "MAS PERE Cava Reserva 75cl",
    "AlcoholVolume": "11.5",
    "FicCode": "E"
  },
  {
    "productId": "1149",
    "technicalArticleNumber": "17665",
    "commercialArticleNumber": "17665",
    "name": "Rivaner Luxemburg",
    "description": "LUXEMBURG DROOG WIT\nMoezelwijn. Koel serveren bij vis en\nkoude schotels. Ook geschikt voor\ngebruik in de keuken.\nQAD",
    "thumbNail": "https://static.colruytgroup.com/images/200x200/std.lang.all/15/70/asset-371570.jpg",
    "fullImage": "https://static.colruytgroup.com/images/500x500/std.lang.all/15/70/asset-371570.jpg",
    "squareImage": "https://static.colruytgroup.com/images/500x500sq/std.lang.all/15/70/asset-371570.jpg",
    "content": "25cl",
    "walkRouteSequenceNumber": 233,
    "price": {
      "basicPrice": 1.79,
      "recommendedQuantity": "3.0",
      "measurementUnitPrice": 7.16,
      "measurementUnit": "L",
      "isRedPrice": false,
      "pricePerUOM": 7.16,
      "activationDate": "07-02-2024",
      "recordSource": "Offline",
      "isPromoActive": "N",
      "priceChangeCode": "E"
    },
    "isAvailable": true,
    "isPriceAvailable": true,
    "inPromo": false,
    "gtin": [
      "05450064001126",
      "05450064001300",
      "05450064051305",
      "05450064182658"
    ],
    "topCategoryName": "Wijn",
    "topCategoryId": "421",
    "businessDomain": "RETAIL_BE",
    "IsPrivateLabel": false,
    "IsBiffe": false,
    "WeightconversionFactor": "0",
    "IsWeightArticle": false,
    "IsBio": false,
    "CountryOfOrigin": "LUXEMBURG",
    "IsExclusivelySoldInLuxembourg": false,
    "OrderUnit": "P",
    "ShortName": "RIVANER 25 CL",
    "IsNew": false,
    "EcoscoreLabel": "D",
    "RecentQuanityOfStockUnits": "1,3",
    "LongName": "Rivaner Luxemburg 25cl",
    "AlcoholVolume": "10.5",
    "FicCode": "E",
    "EcoscoreValue": "23"
  },
  {
    "productId": "3707",
    "technicalArticleNumber": "1003466",
    "commercialArticleNumber": "17327",
    "name": "appel-aardbei",
    "description": "Sprankelend appelsap met aardbei en\nzonder alcohol.\nFeestdrankje voor jong en oud.",
    "brand": "KIDIBUL",
    "seoBrand": "Kidibul",
    "thumbNail": "https://static.colruytgroup.com/images/200x200/std.lang.all/47/21/asset-1894721.jpg",
    "fullImage": "https://static.colruytgroup.com/images/500x500/std.lang.all/47/21/asset-1894721.jpg",
    "squareImage": "https://static.colruytgroup.com/images/500x500sq/std.lang.all/47/21/asset-1894721.jpg",
    "content": "75cl",
    "walkRouteSequenceNumber": 564,
    "price": {
      "basicPrice": 3.09,
      "recommendedQuantity": "1.0",
      "measurementUnitPrice": 4.12,
      "measurementUnit": "L",
      "isRedPrice": false,
      "pricePerUOM": 4.12,
      "activationDate": "17-02-2024",
      "recordSource": "Offline",
      "isPromoActive": "N",
      "priceChangeCode": "E"
    },
    "isAvailable": true,
    "isPriceAvailable": true,
    "inPromo": true,
    "promotion": [
      {
        "techPromoId": "100893COLR",
        "promotionId": "100893",
        "promotionType": "3",
        "isPersonalized": "N",
        "publicationStartDate": "13-03-2024",
        "publicationEndDate": "26-03-2024"
      }
    ],
    "gtin": [
      "05415270200183",
      "05415270100339",
      "05411718151116"
    ],
    "topCategoryName": "Wijn",
    "topCategoryId": "421",
    "businessDomain": "RETAIL_BE",
    "IsPrivateLabel": false,
    "IsBiffe": false,
    "WeightconversionFactor": "0",
    "IsWeightArticle": false,
    "nutriscoreLabel": "E",
    "IsBio": false,
    "CountryOfOrigin": "BELGIË",
    "IsExclusivelySoldInLuxembourg": false,
    "OrderUnit": "P",
    "ShortName": "KIDI APPEL-AARDBEI 75CL",
    "IsNew": false,
    "RecentQuanityOfStockUnits": "1,6",
    "LongName": "KIDIBUL appel-aardbei 75cl",
    "AlcoholVolume": "0",
    "FicCode": "E"
  },
  {
    "productId": "252807",
    "technicalArticleNumber": "3674853",
    "commercialArticleNumber": "41848",
    "name": "Pinot Luxembourg wit BIB",
    "description": "LUXEMBURG WIT DROOG Moezelwijn\nFris en fruitig. Gemaakt van de\nAuxerrois, Pinot Blanc en Pinot Gris\ndruiven.\nGekoeld serveren.",
    "thumbNail": "https://static.colruytgroup.com/images/200x200/std.lang.all/76/39/asset-1377639.jpg",
    "fullImage": "https://static.colruytgroup.com/images/500x500/std.lang.all/76/39/asset-1377639.jpg",
    "squareImage": "https://static.colruytgroup.com/images/500x500sq/std.lang.all/76/39/asset-1377639.jpg",
    "content": "3L",
    "walkRouteSequenceNumber": 14,
    "price": {
      "basicPrice": 14.99,
      "recommendedQuantity": "1.0",
      "quantityPrice": 14.39,
      "quantityPriceQuantity": "3.0",
      "measurementUnitPrice": 5,
      "measurementUnitQuantityPrice": 4.8,
      "measurementUnit": "L",
      "isRedPrice": false,
      "pricePerUOM": 5,
      "activationDate": "09-08-2023",
      "isPromoActive": "N",
      "priceChangeCode": "E",
      "quantityPricePerUOM": 4.8,
      "quantityActivationDate": "09-08-2023",
      "quantityPriceChangeCode": "E"
    },
    "isAvailable": true,
    "isPriceAvailable": true,
    "inPromo": false,
    "gtin": [
      "05400141030723"
    ],
    "topCategoryName": "Wijn",
    "topCategoryId": "421",
    "businessDomain": "RETAIL_BE",
    "IsPrivateLabel": false,
    "IsBiffe": false,
    "WeightconversionFactor": "0",
    "IsWeightArticle": false,
    "IsBio": false,
    "CountryOfOrigin": "LUXEMBURG",
    "IsExclusivelySoldInLuxembourg": false,
    "OrderUnit": "P",
    "ShortName": "PINOT LUXEMB BIB 3L",
    "IsNew": false,
    "EcoscoreLabel": "D",
    "RecentQuanityOfStockUnits": "1",
    "LongName": "Pinot Luxembourg wit BIB 3L",
    "AlcoholVolume": "11.5",
    "FicCode": "I",
    "EcoscoreValue": "32"
  },
  {
    "productId": "57944",
    "technicalArticleNumber": "2372985",
    "commercialArticleNumber": "4261",
    "name": "Patriarche Heritage rood",
    "description": "VIN DE FRANCE rond, fruitig en\naangenaam op basis van Syrah, Carignan\nen Grenache. Ideaal by alle soorten\nvlees en kaas.",
    "thumbNail": "https://static.colruytgroup.com/images/200x200/std.lang.all/93/05/asset-349305.jpg",
    "fullImage": "https://static.colruytgroup.com/images/500x500/std.lang.all/93/05/asset-349305.jpg",
    "squareImage": "https://static.colruytgroup.com/images/500x500sq/std.lang.all/93/05/asset-349305.jpg",
    "content": "25cl",
    "walkRouteSequenceNumber": 277,
    "price": {
      "basicPrice": 1.99,
      "recommendedQuantity": "1.0",
      "quantityPrice": 1.91,
      "quantityPriceQuantity": "24.0",
      "measurementUnitPrice": 7.96,
      "measurementUnitQuantityPrice": 7.64,
      "measurementUnit": "L",
      "isRedPrice": false,
      "pricePerUOM": 7.96,
      "activationDate": "13-03-2024",
      "isPromoActive": "N",
      "priceChangeCode": "E",
      "quantityPricePerUOM": 7.64,
      "quantityActivationDate": "13-03-2024",
      "quantityPriceChangeCode": "H"
    },
    "isAvailable": true,
    "isPriceAvailable": true,
    "inPromo": false,
    "gtin": [
      "03040072418102",
      "03040072402828",
      "03040072417778"
    ],
    "topCategoryName": "Wijn",
    "topCategoryId": "421",
    "businessDomain": "RETAIL_BE",
    "IsPrivateLabel": false,
    "IsBiffe": false,
    "WeightconversionFactor": "0",
    "IsWeightArticle": false,
    "IsBio": false,
    "CountryOfOrigin": "FRANKRIJK",
    "IsExclusivelySoldInLuxembourg": false,
    "OrderUnit": "P",
    "ShortName": "PATR HERITAGE R 25CL",
    "IsNew": false,
    "RecentQuanityOfStockUnits": "1,24",
    "LongName": "Patriarche Heritage rood 25cl",
    "AlcoholVolume": "12",
    "FicCode": "E"
  },
  {
    "productId": "1264",
    "technicalArticleNumber": "17112",
    "commercialArticleNumber": "17112",
    "name": "Roodeberg rood Zuid-Afrika",
    "description": "Prachtige Zuid-Afrikaanse wijn samen-\ngesteld uit Cabernet-sauvignon, Merlot\nShiraz en Mourvèdre druiven.\nKaraktervol, met boeket en klasse.\nDrinkklaar en tot 4 jaar bewaren. QNE",
    "thumbNail": "https://static.colruytgroup.com/images/200x200/std.lang.all/48/45/asset-3264845.jpg",
    "fullImage": "https://static.colruytgroup.com/images/500x500/std.lang.all/48/45/asset-3264845.jpg",
    "squareImage": "https://static.colruytgroup.com/images/500x500sq/std.lang.all/48/45/asset-3264845.jpg",
    "content": "75cl",
    "walkRouteSequenceNumber": 384,
    "price": {
      "basicPrice": 7.59,
      "recommendedQuantity": "1.0",
      "measurementUnitPrice": 10.12,
      "measurementUnit": "L",
      "isRedPrice": false,
      "pricePerUOM": 10.12,
      "activationDate": "13-03-2024",
      "isPromoActive": "N",
      "priceChangeCode": "H"
    },
    "isAvailable": true,
    "isPriceAvailable": true,
    "inPromo": false,
    "gtin": [
      "06002323400233",
      "06002323400295"
    ],
    "topCategoryName": "Wijn",
    "topCategoryId": "421",
    "businessDomain": "RETAIL_BE",
    "IsPrivateLabel": false,
    "IsBiffe": false,
    "WeightconversionFactor": "0",
    "IsWeightArticle": false,
    "IsBio": false,
    "CountryOfOrigin": "ZUID-AFRIKA",
    "IsExclusivelySoldInLuxembourg": false,
    "OrderUnit": "P",
    "ShortName": "ROODEBERG ZUID AFRIKA",
    "IsNew": false,
    "EcoscoreLabel": "D",
    "RecentQuanityOfStockUnits": "6,1",
    "LongName": "Roodeberg rood Zuid-Afrika 75cl",
    "AlcoholVolume": "14",
    "FicCode": "E",
    "EcoscoreValue": "35"
  },
  {
    "productId": "365938",
    "technicalArticleNumber": "3875451",
    "commercialArticleNumber": "42448",
    "name": "Chardon. IGP Pays d'Oc",
    "description": "CHARDONNAY WIT\nRijke witte wijn, droog en krachtig.\nLange afdronk. Aanbevolen bij koude en\nwarme visschotels.",
    "brand": "DUC DE LERME",
    "seoBrand": "Duc de Lerme",
    "thumbNail": "https://static.colruytgroup.com/images/200x200/std.lang.all/19/01/asset-1621901.jpg",
    "fullImage": "https://static.colruytgroup.com/images/500x500/std.lang.all/19/01/asset-1621901.jpg",
    "squareImage": "https://static.colruytgroup.com/images/500x500sq/std.lang.all/19/01/asset-1621901.jpg",
    "content": "75cl",
    "walkRouteSequenceNumber": 242,
    "price": {
      "basicPrice": 3.99,
      "recommendedQuantity": "1.0",
      "measurementUnitPrice": 5.32,
      "measurementUnit": "L",
      "isRedPrice": false,
      "pricePerUOM": 5.32,
      "activationDate": "19-03-2024",
      "recordSource": "Offline",
      "isPromoActive": "N",
      "priceChangeCode": "E"
    },
    "isAvailable": true,
    "isPriceAvailable": true,
    "inPromo": false,
    "gtin": [
      "05400141207132",
      "15400141207139"
    ],
    "topCategoryName": "Wijn",
    "topCategoryId": "421",
    "businessDomain": "RETAIL_BE",
    "IsPrivateLabel": true,
    "IsBiffe": false,
    "WeightconversionFactor": "0",
    "IsWeightArticle": false,
    "IsBio": false,
    "CountryOfOrigin": "FRANKRIJK",
    "IsExclusivelySoldInLuxembourg": false,
    "OrderUnit": "P",
    "ShortName": "DUC DE LERME CHARD SCHR",
    "InSeason": true,
    "IsNew": false,
    "EcoscoreLabel": "C",
    "RecentQuanityOfStockUnits": "1,6",
    "LongName": "DUC DE LERME Chardon. IGP Pays d'Oc 75cl",
    "AlcoholVolume": "12.5",
    "StartSeasonDate": "30/11/2022",
    "FicCode": "I",
    "EcoscoreValue": "58"
  },
  {
    "productId": "99671",
    "technicalArticleNumber": "2891353",
    "commercialArticleNumber": "35241",
    "name": "Tocornal Sauvignon Blanc Chili wit",
    "description": "Lichtgele wijn met groene reflecties.\nCharmante neus van citrusfruit en\ngrassige tonen. Levendige smaak.\nUitstekend bij slaatjes, vis, geiten-\nkaas. Op dronk. Schenken op 8°C.",
    "thumbNail": "https://static.colruytgroup.com/images/200x200/std.lang.all/03/88/asset-380388.jpg",
    "fullImage": "https://static.colruytgroup.com/images/500x500/std.lang.all/03/88/asset-380388.jpg",
    "squareImage": "https://static.colruytgroup.com/images/500x500sq/std.lang.all/03/88/asset-380388.jpg",
    "content": "75cl",
    "walkRouteSequenceNumber": 377,
    "price": {
      "basicPrice": 3.69,
      "recommendedQuantity": "1.0",
      "measurementUnitPrice": 4.92,
      "measurementUnit": "L",
      "isRedPrice": false,
      "pricePerUOM": 4.92,
      "activationDate": "06-12-2023",
      "recordSource": "Offline",
      "isPromoActive": "N",
      "priceChangeCode": "E"
    },
    "isAvailable": true,
    "isPriceAvailable": true,
    "inPromo": false,
    "gtin": [
      "07804320313276",
      "37804320313277",
      "07804320117515"
    ],
    "topCategoryName": "Wijn",
    "topCategoryId": "421",
    "businessDomain": "RETAIL_BE",
    "IsPrivateLabel": false,
    "IsBiffe": false,
    "WeightconversionFactor": "0",
    "IsWeightArticle": false,
    "IsBio": false,
    "CountryOfOrigin": "CHILI",
    "IsExclusivelySoldInLuxembourg": false,
    "OrderUnit": "P",
    "ShortName": "TOCORNAL SAUV BLANC",
    "IsNew": false,
    "EcoscoreLabel": "D",
    "RecentQuanityOfStockUnits": "6,1,6",
    "LongName": "Tocornal Sauvignon Blanc Chili wit 75cl",
    "AlcoholVolume": "13",
    "FicCode": "E",
    "EcoscoreValue": "37"
  },
  {
    "productId": "1160",
    "technicalArticleNumber": "17720",
    "commercialArticleNumber": "17720",
    "name": "El Coto de Rioja Crianza",
    "description": "SPANJE RIOJA ROOD\nZeer lekkere wijn uit Noord-Spanje.\nGecorseerd en fruitig, licht houtige\naroma's. Krachtig, fijn. Drinkklaar.\nKan tot 5 à 6 jaar bewaren.",
    "thumbNail": "https://static.colruytgroup.com/images/200x200/std.lang.all/54/74/asset-1655474.jpg",
    "fullImage": "https://static.colruytgroup.com/images/500x500/std.lang.all/54/74/asset-1655474.jpg",
    "squareImage": "https://static.colruytgroup.com/images/500x500sq/std.lang.all/54/74/asset-1655474.jpg",
    "content": "75cl",
    "walkRouteSequenceNumber": 379,
    "price": {
      "basicPrice": 6.49,
      "recommendedQuantity": "1.0",
      "measurementUnitPrice": 8.66,
      "measurementUnit": "L",
      "isRedPrice": false,
      "pricePerUOM": 8.66,
      "activationDate": "14-02-2024",
      "isPromoActive": "N",
      "priceChangeCode": "E"
    },
    "isAvailable": true,
    "isPriceAvailable": true,
    "inPromo": false,
    "gtin": [
      "08410537200422",
      "08410537206226",
      "28410537201423",
      "28410537201522",
      "28410537201621",
      "08410537200125",
      "28410537201829",
      "28410537201720",
      "28410537201928"
    ],
    "topCategoryName": "Wijn",
    "topCategoryId": "421",
    "businessDomain": "RETAIL_BE",
    "IsPrivateLabel": false,
    "IsBiffe": false,
    "WeightconversionFactor": "0",
    "IsWeightArticle": false,
    "IsBio": false,
    "CountryOfOrigin": "SPANJE",
    "IsExclusivelySoldInLuxembourg": false,
    "OrderUnit": "P",
    "ShortName": "EL COTO D RIOJA CRIANZA",
    "IsNew": false,
    "EcoscoreLabel": "C",
    "RecentQuanityOfStockUnits": "1,6,6",
    "LongName": "El Coto de Rioja Crianza 75cl",
    "AlcoholVolume": "13.5",
    "FicCode": "E",
    "EcoscoreValue": "48"
  },
  {
    "productId": "118923",
    "technicalArticleNumber": "3070289",
    "commercialArticleNumber": "33799",
    "name": "Gd Sud Merlot IGP Oc Rood",
    "description": "Merlot in fles van 25 cl. Pays d'Oc.\nZeer fruitige wijn voor bij uw\ndagelijkse gerechten. Past bij\ngevogelte, pasta en stoofschotels.",
    "thumbNail": "https://static.colruytgroup.com/images/200x200/std.lang.all/70/91/asset-367091.jpg",
    "fullImage": "https://static.colruytgroup.com/images/500x500/std.lang.all/70/91/asset-367091.jpg",
    "squareImage": "https://static.colruytgroup.com/images/500x500sq/std.lang.all/70/91/asset-367091.jpg",
    "content": "25cl",
    "walkRouteSequenceNumber": 275,
    "price": {
      "basicPrice": 2.69,
      "recommendedQuantity": "1.0",
      "quantityPrice": 2.47,
      "quantityPriceQuantity": "6.0",
      "measurementUnitPrice": 10.76,
      "measurementUnitQuantityPrice": 9.88,
      "measurementUnit": "L",
      "isRedPrice": false,
      "pricePerUOM": 10.76,
      "activationDate": "03-01-2024",
      "isPromoActive": "N",
      "priceChangeCode": "H",
      "quantityPricePerUOM": 9.88,
      "quantityActivationDate": "03-01-2024",
      "quantityPriceChangeCode": "H"
    },
    "isAvailable": true,
    "isPriceAvailable": true,
    "inPromo": false,
    "gtin": [
      "03263286349226",
      "03263289995239"
    ],
    "topCategoryName": "Wijn",
    "topCategoryId": "421",
    "businessDomain": "RETAIL_BE",
    "IsPrivateLabel": false,
    "IsBiffe": false,
    "WeightconversionFactor": "0",
    "IsWeightArticle": false,
    "IsBio": false,
    "CountryOfOrigin": "BELGIË",
    "IsExclusivelySoldInLuxembourg": false,
    "OrderUnit": "P",
    "ShortName": "GRAND SUD MERLOT 25 CL",
    "IsNew": false,
    "EcoscoreLabel": "D",
    "RecentQuanityOfStockUnits": "6,1",
    "LongName": "Gd Sud Merlot IGP Oc Rood 25cl",
    "AlcoholVolume": "13",
    "FicCode": "E",
    "EcoscoreValue": "22"
  },
  {
    "productId": "777642",
    "technicalArticleNumber": "4570440",
    "commercialArticleNumber": "18918",
    "name": "Prosecco Asolo DOCG La Gioiosa",
    "thumbNail": "https://static.colruytgroup.com/images/200x200/std.lang.all/37/39/asset-3193739.jpg",
    "fullImage": "https://static.colruytgroup.com/images/500x500/std.lang.all/37/39/asset-3193739.jpg",
    "squareImage": "https://static.colruytgroup.com/images/500x500sq/std.lang.all/37/39/asset-3193739.jpg",
    "content": "75cl",
    "walkRouteSequenceNumber": 682,
    "price": {
      "basicPrice": 9.99,
      "recommendedQuantity": "1.0",
      "measurementUnitPrice": 13.32,
      "measurementUnit": "L",
      "isRedPrice": false,
      "pricePerUOM": 13.32,
      "activationDate": "13-03-2024",
      "recordSource": "Offline",
      "isPromoActive": "N",
      "priceChangeCode": "E"
    },
    "isAvailable": true,
    "isPriceAvailable": true,
    "inPromo": false,
    "gtin": [
      "08006805813014",
      "08006805828018"
    ],
    "topCategoryName": "Wijn",
    "topCategoryId": "421",
    "businessDomain": "RETAIL_BE",
    "IsPrivateLabel": false,
    "IsBiffe": false,
    "WeightconversionFactor": "0",
    "IsWeightArticle": false,
    "IsBio": false,
    "CountryOfOrigin": "ITALIË",
    "IsExclusivelySoldInLuxembourg": false,
    "OrderUnit": "P",
    "ShortName": "PROSECCO ASOLO DOCG",
    "IsNew": false,
    "RecentQuanityOfStockUnits": "6,1",
    "LongName": "Prosecco Asolo DOCG La Gioiosa 75cl",
    "AlcoholVolume": "11",
    "FicCode": "E"
  },
  {
    "productId": "1219",
    "technicalArticleNumber": "17372",
    "commercialArticleNumber": "17372",
    "name": "Stamps Hardys chardon./semil. wit",
    "description": "AUSTRALIE DROOG WIT\nDe aroma's van de Sémillondruif\n(citrus) en Chardonnaydruif (exotisch)\nvullen elkaar aan. Fruitige en volle\nwijn. Bij vis- en voorgerechten. QAE",
    "thumbNail": "https://static.colruytgroup.com/images/200x200/std.lang.all/60/41/asset-1586041.jpg",
    "fullImage": "https://static.colruytgroup.com/images/500x500/std.lang.all/60/41/asset-1586041.jpg",
    "squareImage": "https://static.colruytgroup.com/images/500x500sq/std.lang.all/60/41/asset-1586041.jpg",
    "content": "75cl",
    "walkRouteSequenceNumber": 364,
    "price": {
      "basicPrice": 5.99,
      "recommendedQuantity": "1.0",
      "quantityPrice": 5.51,
      "quantityPriceQuantity": "6.0",
      "measurementUnitPrice": 7.99,
      "measurementUnitQuantityPrice": 7.35,
      "measurementUnit": "L",
      "isRedPrice": false,
      "pricePerUOM": 7.99,
      "activationDate": "13-03-2024",
      "isPromoActive": "Y",
      "priceChangeCode": "E",
      "quantityPricePerUOM": 7.35,
      "quantityActivationDate": "13-03-2024",
      "quantityPriceChangeCode": "L"
    },
    "isAvailable": true,
    "isPriceAvailable": true,
    "inPromo": true,
    "promotion": [
      {
        "techPromoId": "100937COLR",
        "promotionId": "100937",
        "promotionType": "4",
        "isPersonalized": "N",
        "publicationStartDate": "13-03-2024",
        "publicationEndDate": "26-03-2024"
      }
    ],
    "gtin": [
      "05010186111938",
      "09311043024412",
      "09311043042171"
    ],
    "topCategoryName": "Wijn",
    "topCategoryId": "421",
    "businessDomain": "RETAIL_BE",
    "IsPrivateLabel": false,
    "IsBiffe": false,
    "WeightconversionFactor": "0",
    "IsWeightArticle": false,
    "IsBio": false,
    "CountryOfOrigin": "VERENIGD KONINKRIJK",
    "IsExclusivelySoldInLuxembourg": false,
    "OrderUnit": "P",
    "ShortName": "STAMPS WIT CHARD.SEMIL",
    "IsNew": false,
    "EcoscoreLabel": "D",
    "RecentQuanityOfStockUnits": "1,6",
    "LongName": "Stamps Hardys chardon./semil. wit 75cl",
    "AlcoholVolume": "12.5",
    "FicCode": "E",
    "EcoscoreValue": "23"
  },
  {
    "productId": "11512",
    "technicalArticleNumber": "1355189",
    "commercialArticleNumber": "17342",
    "name": "appel-kers",
    "description": "Sprankelende appelsap met kers.\nFeestdrankje voor jong en oud.",
    "brand": "KIDIBUL",
    "seoBrand": "Kidibul",
    "thumbNail": "https://static.colruytgroup.com/images/200x200/std.lang.all/47/22/asset-1894722.jpg",
    "fullImage": "https://static.colruytgroup.com/images/500x500/std.lang.all/47/22/asset-1894722.jpg",
    "squareImage": "https://static.colruytgroup.com/images/500x500sq/std.lang.all/47/22/asset-1894722.jpg",
    "content": "75cl",
    "walkRouteSequenceNumber": 563,
    "price": {
      "basicPrice": 2.99,
      "recommendedQuantity": "1.0",
      "measurementUnitPrice": 3.99,
      "measurementUnit": "L",
      "isRedPrice": false,
      "pricePerUOM": 3.99,
      "activationDate": "13-03-2024",
      "isPromoActive": "Y",
      "priceChangeCode": "L"
    },
    "isAvailable": true,
    "isPriceAvailable": true,
    "inPromo": true,
    "promotion": [
      {
        "techPromoId": "100893COLR",
        "promotionId": "100893",
        "promotionType": "3",
        "isPersonalized": "N",
        "publicationStartDate": "13-03-2024",
        "publicationEndDate": "26-03-2024"
      }
    ],
    "gtin": [
      "05415270100353",
      "05411718899933",
      "05411718899926",
      "05415270200206"
    ],
    "topCategoryName": "Wijn",
    "topCategoryId": "421",
    "businessDomain": "RETAIL_BE",
    "IsPrivateLabel": false,
    "IsBiffe": false,
    "WeightconversionFactor": "0",
    "IsWeightArticle": false,
    "nutriscoreLabel": "E",
    "IsBio": false,
    "CountryOfOrigin": "BELGIË",
    "IsExclusivelySoldInLuxembourg": false,
    "OrderUnit": "P",
    "ShortName": "KIDI APPEL-KERS 75CL",
    "IsNew": false,
    "RecentQuanityOfStockUnits": "6,1",
    "LongName": "KIDIBUL appel-kers 75cl",
    "AlcoholVolume": "0",
    "FicCode": "E"
  },
  {
    "productId": "1127",
    "technicalArticleNumber": "17001",
    "commercialArticleNumber": "17001",
    "name": "The Original rosé",
    "description": "PORTUGAL HALFZOET ROSE\nTypische lichte pareling.\nFrisse smaak. Koel serveren.",
    "brand": "MATEUS",
    "seoBrand": "Mateus",
    "thumbNail": "https://static.colruytgroup.com/images/200x200/std.lang.all/07/63/asset-1760763.jpg",
    "fullImage": "https://static.colruytgroup.com/images/500x500/std.lang.all/07/63/asset-1760763.jpg",
    "squareImage": "https://static.colruytgroup.com/images/500x500sq/std.lang.all/07/63/asset-1760763.jpg",
    "content": "75cl",
    "walkRouteSequenceNumber": 458,
    "price": {
      "basicPrice": 5.99,
      "recommendedQuantity": "1.0",
      "quantityPrice": 5.75,
      "quantityPriceQuantity": "6.0",
      "measurementUnitPrice": 7.99,
      "measurementUnitQuantityPrice": 7.67,
      "measurementUnit": "L",
      "isRedPrice": false,
      "pricePerUOM": 7.99,
      "activationDate": "19-03-2024",
      "recordSource": "Offline",
      "isPromoActive": "N",
      "priceChangeCode": "E",
      "quantityPricePerUOM": 7.67,
      "quantityActivationDate": "19-03-2024",
      "quantityPriceChangeCode": "H"
    },
    "isAvailable": true,
    "isPriceAvailable": true,
    "inPromo": false,
    "gtin": [
      "05601012001150",
      "05601012011500",
      "05601012011555",
      "55601012000578",
      "55601012011505"
    ],
    "topCategoryName": "Wijn",
    "topCategoryId": "421",
    "businessDomain": "RETAIL_BE",
    "IsPrivateLabel": false,
    "IsBiffe": false,
    "WeightconversionFactor": "0",
    "IsWeightArticle": false,
    "IsBio": false,
    "CountryOfOrigin": "PORTUGAL",
    "IsExclusivelySoldInLuxembourg": false,
    "OrderUnit": "P",
    "ShortName": "MATE ORIGINAL ROSE 75CL",
    "IsNew": false,
    "EcoscoreLabel": "D",
    "RecentQuanityOfStockUnits": "6,6,1",
    "LongName": "MATEUS The Original rosé 75cl",
    "AlcoholVolume": "11",
    "FicCode": "E",
    "EcoscoreValue": "25"
  },
  {
    "productId": "158818",
    "technicalArticleNumber": "3252822",
    "commercialArticleNumber": "17590",
    "name": "Verso Rosso IGT Salento",
    "description": "ITALIE ROOD HALF-ZOET. Regio: Puglia.\nDruiven: negroamaro, primitivo, malva-\nsia nera.Stijl:rond,licht zoet,gecon-\nfijt fruit en kruiden. Ideaal bij rood\nvlees, wild, en exotische keuken!",
    "thumbNail": "https://static.colruytgroup.com/images/200x200/std.lang.all/36/92/asset-973692.jpg",
    "fullImage": "https://static.colruytgroup.com/images/500x500/std.lang.all/36/92/asset-973692.jpg",
    "squareImage": "https://static.colruytgroup.com/images/500x500sq/std.lang.all/36/92/asset-973692.jpg",
    "content": "75cl",
    "walkRouteSequenceNumber": 317,
    "price": {
      "basicPrice": 6.29,
      "recommendedQuantity": "1.0",
      "quantityPrice": 6.04,
      "quantityPriceQuantity": "6.0",
      "measurementUnitPrice": 8.39,
      "measurementUnitQuantityPrice": 8.06,
      "measurementUnit": "L",
      "isRedPrice": false,
      "pricePerUOM": 8.39,
      "activationDate": "18-03-2024",
      "isPromoActive": "N",
      "priceChangeCode": "E",
      "quantityPricePerUOM": 8.06,
      "quantityActivationDate": "18-03-2024",
      "quantityPriceChangeCode": "H"
    },
    "isAvailable": true,
    "isPriceAvailable": true,
    "inPromo": false,
    "gtin": [
      "08008863263633",
      "08008863045543"
    ],
    "topCategoryName": "Wijn",
    "topCategoryId": "421",
    "businessDomain": "RETAIL_BE",
    "IsPrivateLabel": false,
    "IsBiffe": false,
    "WeightconversionFactor": "0",
    "IsWeightArticle": false,
    "IsBio": false,
    "CountryOfOrigin": "BELGIË",
    "IsExclusivelySoldInLuxembourg": false,
    "OrderUnit": "P",
    "ShortName": "VERSO ROSSO IGT SALENTO",
    "IsNew": false,
    "RecentQuanityOfStockUnits": "6,1",
    "LongName": "Verso Rosso IGT Salento 75cl",
    "AlcoholVolume": "14",
    "FicCode": "E"
  },
  {
    "productId": "58712",
    "technicalArticleNumber": "2341124",
    "commercialArticleNumber": "24308",
    "name": "Roodeberg wit Zuid-Afrika",
    "description": "Zuid-afrika wit droog\nFruitige, en mooi kruidge wijn met fij\nne houtaroma's, mollige smaak en lange\nafdronk. Aanbevolen bij pasta, visvoor\ngerechten, Salades.",
    "thumbNail": "https://static.colruytgroup.com/images/200x200/std.lang.all/23/41/asset-2282341.jpg",
    "fullImage": "https://static.colruytgroup.com/images/500x500/std.lang.all/23/41/asset-2282341.jpg",
    "squareImage": "https://static.colruytgroup.com/images/500x500sq/std.lang.all/23/41/asset-2282341.jpg",
    "content": "75cl",
    "walkRouteSequenceNumber": 353,
    "price": {
      "basicPrice": 6.15,
      "recommendedQuantity": "1.0",
      "quantityPrice": 5.9,
      "quantityPriceQuantity": "6.0",
      "measurementUnitPrice": 8.2,
      "measurementUnitQuantityPrice": 7.87,
      "measurementUnit": "L",
      "isRedPrice": false,
      "pricePerUOM": 8.2,
      "activationDate": "13-03-2024",
      "isPromoActive": "N",
      "priceChangeCode": "H",
      "quantityPricePerUOM": 7.87,
      "quantityActivationDate": "13-03-2024",
      "quantityPriceChangeCode": "E"
    },
    "isAvailable": true,
    "isPriceAvailable": true,
    "inPromo": false,
    "gtin": [
      "06002323006275",
      "06002323006268"
    ],
    "topCategoryName": "Wijn",
    "topCategoryId": "421",
    "businessDomain": "RETAIL_BE",
    "IsPrivateLabel": false,
    "IsBiffe": false,
    "WeightconversionFactor": "0",
    "IsWeightArticle": false,
    "IsBio": false,
    "CountryOfOrigin": "ZUID-AFRIKA",
    "IsExclusivelySoldInLuxembourg": false,
    "OrderUnit": "P",
    "ShortName": "ROODEBERG WIT Z-AFRIKA",
    "IsNew": false,
    "EcoscoreLabel": "D",
    "RecentQuanityOfStockUnits": "1,6",
    "LongName": "Roodeberg wit Zuid-Afrika 75cl",
    "AlcoholVolume": "13.5",
    "FicCode": "E",
    "EcoscoreValue": "36"
  },
  {
    "productId": "18428",
    "technicalArticleNumber": "1673014",
    "commercialArticleNumber": "17529",
    "name": "Vin de Pays Oc merlot",
    "description": "FRANKRIJK IGP OC ROOD\nDankzij de merlot druif hebben wij\neen fruitig, soepel en lekker wijntje\nIdeaal bij allerlei pastas, vleesge-\nrechten, koude schotels en kaas.",
    "thumbNail": "https://static.colruytgroup.com/images/200x200/std.lang.all/67/09/asset-2096709.jpg",
    "fullImage": "https://static.colruytgroup.com/images/500x500/std.lang.all/67/09/asset-2096709.jpg",
    "squareImage": "https://static.colruytgroup.com/images/500x500sq/std.lang.all/67/09/asset-2096709.jpg",
    "content": "25cl",
    "walkRouteSequenceNumber": 276,
    "price": {
      "basicPrice": 2.49,
      "recommendedQuantity": "1.0",
      "quantityPrice": 2.39,
      "quantityPriceQuantity": "12.0",
      "measurementUnitPrice": 9.96,
      "measurementUnitQuantityPrice": 9.56,
      "measurementUnit": "L",
      "isRedPrice": false,
      "pricePerUOM": 9.96,
      "activationDate": "14-03-2024",
      "recordSource": "Offline",
      "isPromoActive": "N",
      "priceChangeCode": "H",
      "quantityPricePerUOM": 9.56,
      "quantityActivationDate": "14-03-2024",
      "quantityPriceChangeCode": "H"
    },
    "isAvailable": true,
    "isPriceAvailable": true,
    "inPromo": false,
    "gtin": [
      "03172256000336",
      "13172256000333"
    ],
    "topCategoryName": "Wijn",
    "topCategoryId": "421",
    "businessDomain": "RETAIL_BE",
    "IsPrivateLabel": false,
    "IsBiffe": false,
    "WeightconversionFactor": "0",
    "IsWeightArticle": false,
    "IsBio": false,
    "CountryOfOrigin": "FRANKRIJK",
    "IsExclusivelySoldInLuxembourg": false,
    "OrderUnit": "P",
    "ShortName": "MERLOT IGP OC 25 CL",
    "IsNew": false,
    "EcoscoreLabel": "D",
    "RecentQuanityOfStockUnits": "12,1",
    "LongName": "Vin de Pays Oc merlot 25cl",
    "AlcoholVolume": "13",
    "FicCode": "E",
    "EcoscoreValue": "22"
  },
  {
    "productId": "1230",
    "technicalArticleNumber": "17465",
    "commercialArticleNumber": "17465",
    "name": "Mâcon Villages Vieil.Vignes Gde Rés",
    "description": "FRANKRIJK BOURGOGNE DROOG WIT\nGecorseerde witte Bourgognewijn,\naangenaam droog en met lange afdronk.\nKoel en jong schenken bij vis-\ngerechten. QAA",
    "thumbNail": "https://static.colruytgroup.com/images/200x200/std.lang.all/15/01/asset-351501.jpg",
    "fullImage": "https://static.colruytgroup.com/images/500x500/std.lang.all/15/01/asset-351501.jpg",
    "squareImage": "https://static.colruytgroup.com/images/500x500sq/std.lang.all/15/01/asset-351501.jpg",
    "content": "75cl",
    "walkRouteSequenceNumber": 113,
    "price": {
      "basicPrice": 7.65,
      "recommendedQuantity": "1.0",
      "measurementUnitPrice": 10.2,
      "measurementUnit": "L",
      "isRedPrice": true,
      "redPriceReason": "Promo",
      "referencePrice": 8.49,
      "retentionPeriod": 30,
      "pricePerUOM": 10.2,
      "activationDate": "14-03-2024",
      "isPromoActive": "Y",
      "priceChangeCode": "E"
    },
    "isAvailable": true,
    "isPriceAvailable": true,
    "inPromo": false,
    "gtin": [
      "03339990002105",
      "03339990062109",
      "03339990002013",
      "03339990062031",
      "03339990002020"
    ],
    "topCategoryName": "Wijn",
    "topCategoryId": "421",
    "businessDomain": "RETAIL_BE",
    "IsPrivateLabel": false,
    "IsBiffe": false,
    "WeightconversionFactor": "0",
    "IsWeightArticle": false,
    "IsBio": false,
    "CountryOfOrigin": "FRANKRIJK",
    "IsExclusivelySoldInLuxembourg": false,
    "OrderUnit": "P",
    "ShortName": "MACON BLANC VILLAGES",
    "IsNew": false,
    "EcoscoreLabel": "D",
    "RecentQuanityOfStockUnits": "1,6",
    "LongName": "Mâcon Villages Vieil.Vignes Gde Rés 75cl",
    "AlcoholVolume": "13",
    "FicCode": "E",
    "EcoscoreValue": "23"
  },
  {
    "productId": "1186",
    "technicalArticleNumber": "17248",
    "commercialArticleNumber": "17248",
    "name": "La Roubine rouge BIB",
    "description": "FRANKRIJK RHONE ROOD\nKrachtige rode wijn, kruidig en vol.\nPast bij gebraad, andere vlees-\ngerechten en kazen.",
    "brand": "LES HAUTS ROCS",
    "seoBrand": "Les Hauts Rocs",
    "thumbNail": "https://static.colruytgroup.com/images/200x200/std.lang.all/64/44/asset-3016444.jpg",
    "fullImage": "https://static.colruytgroup.com/images/500x500/std.lang.all/64/44/asset-3016444.jpg",
    "squareImage": "https://static.colruytgroup.com/images/500x500sq/std.lang.all/64/44/asset-3016444.jpg",
    "content": "3L",
    "walkRouteSequenceNumber": 74,
    "price": {
      "basicPrice": 11.99,
      "recommendedQuantity": "1.0",
      "measurementUnitPrice": 4,
      "measurementUnit": "L",
      "isRedPrice": false,
      "pricePerUOM": 4,
      "activationDate": "19-03-2024",
      "recordSource": "Offline",
      "isPromoActive": "N",
      "priceChangeCode": "E"
    },
    "isAvailable": true,
    "isPriceAvailable": true,
    "inPromo": false,
    "gtin": [
      "05400141404555"
    ],
    "topCategoryName": "Wijn",
    "topCategoryId": "421",
    "businessDomain": "RETAIL_BE",
    "IsPrivateLabel": true,
    "IsBiffe": false,
    "WeightconversionFactor": "0",
    "IsWeightArticle": false,
    "IsBio": false,
    "CountryOfOrigin": "FRANKRIJK",
    "IsExclusivelySoldInLuxembourg": false,
    "OrderUnit": "P",
    "ShortName": "ROUBINE RHONE BIB 3L",
    "IsNew": false,
    "EcoscoreLabel": "C",
    "RecentQuanityOfStockUnits": "1",
    "LongName": "LES HAUTS ROCS La Roubine rouge BIB 3L",
    "AlcoholVolume": "13",
    "FicCode": "I",
    "EcoscoreValue": "58"
  },
  {
    "productId": "1224",
    "technicalArticleNumber": "17437",
    "commercialArticleNumber": "17437",
    "name": "Château du Bois de la Garde",
    "description": "FRANKRIJK RHONE ROOD\nRode wijn met mooie kleur, elegante\ngeur en subtiel aroma van rood fruit.\nBewaartijd: 4 jaar. Ideaal begeleider\nvan rood vlees en kaas.",
    "thumbNail": "https://static.colruytgroup.com/images/200x200/std.lang.all/82/95/asset-2068295.jpg",
    "fullImage": "https://static.colruytgroup.com/images/500x500/std.lang.all/82/95/asset-2068295.jpg",
    "squareImage": "https://static.colruytgroup.com/images/500x500sq/std.lang.all/82/95/asset-2068295.jpg",
    "content": "75cl",
    "walkRouteSequenceNumber": 243,
    "price": {
      "basicPrice": 6.99,
      "recommendedQuantity": "1.0",
      "quantityPrice": 6.71,
      "quantityPriceQuantity": "6.0",
      "measurementUnitPrice": 9.32,
      "measurementUnitQuantityPrice": 8.95,
      "measurementUnit": "L",
      "isRedPrice": false,
      "pricePerUOM": 9.32,
      "activationDate": "14-03-2024",
      "isPromoActive": "N",
      "priceChangeCode": "H",
      "quantityPricePerUOM": 8.95,
      "quantityActivationDate": "14-03-2024",
      "quantityPriceChangeCode": "H"
    },
    "isAvailable": true,
    "isPriceAvailable": true,
    "inPromo": false,
    "gtin": [
      "03193661007840",
      "03193666007845",
      "03760204730123"
    ],
    "topCategoryName": "Wijn",
    "topCategoryId": "421",
    "businessDomain": "RETAIL_BE",
    "IsPrivateLabel": false,
    "IsBiffe": false,
    "WeightconversionFactor": "0",
    "IsWeightArticle": false,
    "IsBio": false,
    "CountryOfOrigin": "FRANKRIJK",
    "IsExclusivelySoldInLuxembourg": false,
    "OrderUnit": "P",
    "ShortName": "RHONE CHAT BOIS GARDE",
    "IsNew": false,
    "RecentQuanityOfStockUnits": "1,6",
    "LongName": "Château du Bois de la Garde 75cl",
    "AlcoholVolume": "14.5",
    "FicCode": "E"
  },
  {
    "productId": "46417",
    "technicalArticleNumber": "2521879",
    "commercialArticleNumber": "39560",
    "name": "Cava demi sec",
    "description": "SPANJE SCHUIMWIJN HALFZOET\nKlassevolle Spaanse schuimwijn die\ngemaakt is volgens de 'méthode tradi-\ntionelle'. Fris en levendig met\nflorale en fruitige aroma's.",
    "brand": "RECODA",
    "seoBrand": "Recoda",
    "thumbNail": "https://static.colruytgroup.com/images/200x200/std.lang.all/21/04/asset-982104.jpg",
    "fullImage": "https://static.colruytgroup.com/images/500x500/std.lang.all/21/04/asset-982104.jpg",
    "squareImage": "https://static.colruytgroup.com/images/500x500sq/std.lang.all/21/04/asset-982104.jpg",
    "content": "75cl",
    "walkRouteSequenceNumber": 583,
    "price": {
      "basicPrice": 4.99,
      "recommendedQuantity": "1.0",
      "measurementUnitPrice": 6.66,
      "measurementUnit": "L",
      "isRedPrice": false,
      "pricePerUOM": 6.66,
      "activationDate": "22-03-2024",
      "recordSource": "Offline",
      "isPromoActive": "N",
      "priceChangeCode": "E"
    },
    "isAvailable": true,
    "isPriceAvailable": true,
    "inPromo": false,
    "gtin": [
      "08413216100334",
      "08413216200331"
    ],
    "topCategoryName": "Wijn",
    "topCategoryId": "421",
    "businessDomain": "RETAIL_BE",
    "IsPrivateLabel": false,
    "IsBiffe": false,
    "WeightconversionFactor": "0",
    "IsWeightArticle": false,
    "IsBio": false,
    "CountryOfOrigin": "SPANJE",
    "IsExclusivelySoldInLuxembourg": false,
    "OrderUnit": "P",
    "ShortName": "RECODA CAVA DS 75CL",
    "IsNew": false,
    "EcoscoreLabel": "C",
    "RecentQuanityOfStockUnits": "1,6",
    "LongName": "RECODA Cava demi sec 75cl",
    "AlcoholVolume": "11.5",
    "FicCode": "E",
    "EcoscoreValue": "46"
  },
  {
    "productId": "49565",
    "technicalArticleNumber": "2530653",
    "commercialArticleNumber": "39809",
    "name": "Bio Las Mulas Cab. Sauv. Res. rood",
    "description": "CHILI ROOD\nKrachtige wijn met aroma's van rijp\nfruit, vooral cassis en braambes.\nServeren bij rood vlees.Bewaring: 3 j\nMILIEUBIJDRAGE:BIOLOGISCH GETEELD. QQC",
    "thumbNail": "https://static.colruytgroup.com/images/200x200/std.lang.all/48/47/asset-3264847.jpg",
    "fullImage": "https://static.colruytgroup.com/images/500x500/std.lang.all/48/47/asset-3264847.jpg",
    "squareImage": "https://static.colruytgroup.com/images/500x500sq/std.lang.all/48/47/asset-3264847.jpg",
    "content": "75cl",
    "walkRouteSequenceNumber": 401,
    "price": {
      "basicPrice": 7.49,
      "recommendedQuantity": "1.0",
      "quantityPrice": 7.19,
      "quantityPriceQuantity": "6.0",
      "measurementUnitPrice": 9.99,
      "measurementUnitQuantityPrice": 9.59,
      "measurementUnit": "L",
      "isRedPrice": false,
      "pricePerUOM": 9.99,
      "activationDate": "13-03-2024",
      "isPromoActive": "N",
      "priceChangeCode": "E",
      "quantityPricePerUOM": 9.59,
      "quantityActivationDate": "13-03-2024",
      "quantityPriceChangeCode": "E"
    },
    "isAvailable": true,
    "isPriceAvailable": true,
    "inPromo": false,
    "gtin": [
      "05400141013825",
      "08410113001993",
      "28410113001997"
    ],
    "topCategoryName": "Wijn",
    "topCategoryId": "421",
    "businessDomain": "RETAIL_BE",
    "IsPrivateLabel": false,
    "IsBiffe": false,
    "WeightconversionFactor": "0",
    "IsWeightArticle": false,
    "IsBio": true,
    "CountryOfOrigin": "CHILI",
    "IsExclusivelySoldInLuxembourg": false,
    "OrderUnit": "P",
    "ShortName": "BIO MULAS RESERVA ROOD",
    "IsNew": false,
    "EcoscoreLabel": "C",
    "RecentQuanityOfStockUnits": "6,1",
    "LongName": "Bio Las Mulas Cab. Sauv. Res. rood 75cl",
    "AlcoholVolume": "13.5",
    "FicCode": "E",
    "EcoscoreValue": "52"
  },
  {
    "productId": "37906",
    "technicalArticleNumber": "1846777",
    "commercialArticleNumber": "17727",
    "name": "Museum Cigales Reserva",
    "description": "SPANJA ROOD CIGALES RESERVA\nFijne klassewijn, gerijpt op eiken\nvaten. Subtiel houtig boeket, met\nfruitigheid, finesse. Aanbev. bij wild\nkaas, rood vlees/schapenvlees.",
    "brand": "MUSEUM",
    "seoBrand": "Museum",
    "thumbNail": "https://static.colruytgroup.com/images/200x200/std.lang.all/57/12/asset-2435712.jpg",
    "fullImage": "https://static.colruytgroup.com/images/500x500/std.lang.all/57/12/asset-2435712.jpg",
    "squareImage": "https://static.colruytgroup.com/images/500x500sq/std.lang.all/57/12/asset-2435712.jpg",
    "content": "75cl",
    "walkRouteSequenceNumber": 403,
    "price": {
      "basicPrice": 12.49,
      "recommendedQuantity": "1.0",
      "measurementUnitPrice": 16.66,
      "measurementUnit": "L",
      "isRedPrice": false,
      "pricePerUOM": 16.66,
      "activationDate": "13-03-2024",
      "isPromoActive": "N",
      "priceChangeCode": "E"
    },
    "isAvailable": true,
    "isPriceAvailable": true,
    "inPromo": false,
    "gtin": [
      "08437010036156",
      "08410537150529",
      "08437010036064"
    ],
    "topCategoryName": "Wijn",
    "topCategoryId": "421",
    "businessDomain": "RETAIL_BE",
    "IsPrivateLabel": false,
    "IsBiffe": false,
    "WeightconversionFactor": "0",
    "IsWeightArticle": false,
    "IsBio": false,
    "CountryOfOrigin": "SPANJE",
    "IsExclusivelySoldInLuxembourg": false,
    "OrderUnit": "P",
    "ShortName": "MUSEUM CIGALES RESER75C",
    "IsNew": false,
    "RecentQuanityOfStockUnits": "1,6",
    "LongName": "MUSEUM Museum Cigales Reserva 75cl",
    "AlcoholVolume": "14.5",
    "FicCode": "E"
  },
  {
    "productId": "1147",
    "technicalArticleNumber": "17206",
    "commercialArticleNumber": "17206",
    "name": "Sauvignon Chili",
    "description": "CHILI DROOG WIT\nFris, fruitig en elegant.\nMooi als aperitief, bij visgerechten\nen koude voorgerechten.",
    "brand": "VIÑA TARAPACÁ",
    "seoBrand": "Viña Tarapacá",
    "thumbNail": "https://static.colruytgroup.com/images/200x200/std.lang.all/98/77/asset-2919877.jpg",
    "fullImage": "https://static.colruytgroup.com/images/500x500/std.lang.all/98/77/asset-2919877.jpg",
    "squareImage": "https://static.colruytgroup.com/images/500x500sq/std.lang.all/98/77/asset-2919877.jpg",
    "content": "75cl",
    "walkRouteSequenceNumber": 371,
    "price": {
      "basicPrice": 5.19,
      "recommendedQuantity": "1.0",
      "quantityPrice": 4.98,
      "quantityPriceQuantity": "6.0",
      "measurementUnitPrice": 6.92,
      "measurementUnitQuantityPrice": 6.64,
      "measurementUnit": "L",
      "isRedPrice": false,
      "pricePerUOM": 6.92,
      "activationDate": "14-11-2023",
      "isPromoActive": "N",
      "priceChangeCode": "E",
      "quantityPricePerUOM": 6.64,
      "quantityActivationDate": "14-11-2023",
      "quantityPriceChangeCode": "E"
    },
    "isAvailable": true,
    "isPriceAvailable": true,
    "inPromo": false,
    "gtin": [
      "07804340909541",
      "27804340909545"
    ],
    "topCategoryName": "Wijn",
    "topCategoryId": "421",
    "businessDomain": "RETAIL_BE",
    "IsPrivateLabel": false,
    "IsBiffe": false,
    "WeightconversionFactor": "0",
    "IsWeightArticle": false,
    "IsBio": false,
    "CountryOfOrigin": "CHILI",
    "IsExclusivelySoldInLuxembourg": false,
    "OrderUnit": "P",
    "ShortName": "SAUVIGNON WIT CHILI",
    "IsNew": false,
    "RecentQuanityOfStockUnits": "6,1",
    "LongName": "VIÑA TARAPACÁ Sauvignon Chili 75cl",
    "AlcoholVolume": "12.5",
    "FicCode": "E"
  },
  {
    "productId": "118932",
    "technicalArticleNumber": "3070313",
    "commercialArticleNumber": "33821",
    "name": "Gd Sud Merlot Rosé IGP OC",
    "description": "Merlot rosé in fles van 25 cl.\nVolle en fruitige smaak met een\nfrisse nasmaak. Wijn voor elke dag\nbij dagelijkse gerechten.\nSalades, gevogelte.",
    "thumbNail": "https://static.colruytgroup.com/images/200x200/std.lang.all/70/86/asset-367086.jpg",
    "fullImage": "https://static.colruytgroup.com/images/500x500/std.lang.all/70/86/asset-367086.jpg",
    "squareImage": "https://static.colruytgroup.com/images/500x500sq/std.lang.all/70/86/asset-367086.jpg",
    "content": "25cl",
    "walkRouteSequenceNumber": 456,
    "price": {
      "basicPrice": 2.09,
      "recommendedQuantity": "1.0",
      "quantityPrice": 2.01,
      "quantityPriceQuantity": "6.0",
      "measurementUnitPrice": 8.36,
      "measurementUnitQuantityPrice": 8.04,
      "measurementUnit": "L",
      "isRedPrice": false,
      "pricePerUOM": 8.36,
      "activationDate": "15-11-2023",
      "isPromoActive": "N",
      "priceChangeCode": "H",
      "quantityPricePerUOM": 8.04,
      "quantityActivationDate": "15-11-2023",
      "quantityPriceChangeCode": "E"
    },
    "isAvailable": true,
    "isPriceAvailable": true,
    "inPromo": false,
    "gtin": [
      "03263280102605",
      "03263281724738"
    ],
    "topCategoryName": "Wijn",
    "topCategoryId": "421",
    "businessDomain": "RETAIL_BE",
    "IsPrivateLabel": false,
    "IsBiffe": false,
    "WeightconversionFactor": "0",
    "IsWeightArticle": false,
    "IsBio": false,
    "CountryOfOrigin": "BELGIË",
    "IsExclusivelySoldInLuxembourg": false,
    "OrderUnit": "P",
    "ShortName": "GRD SUD MERLOT ROSE 25C",
    "IsNew": false,
    "EcoscoreLabel": "D",
    "RecentQuanityOfStockUnits": "1,6",
    "LongName": "Gd Sud Merlot Rosé IGP OC 25cl",
    "AlcoholVolume": "12.5",
    "FicCode": "E",
    "EcoscoreValue": "25"
  },
  {
    "productId": "305100",
    "technicalArticleNumber": "3711752",
    "commercialArticleNumber": "19362",
    "name": "Brut Nature",
    "description": "SPANJE CATALONIE\nCava volgens de traditionele methode.\nNiet gedoseerd, dus zonder toevoeging\nvan suiker of likeur, waardoor hij\nzeer fris is.",
    "brand": "GRAN BARON",
    "seoBrand": "Gran Baron",
    "thumbNail": "https://static.colruytgroup.com/images/200x200/std.lang.all/39/35/asset-1283935.jpg",
    "fullImage": "https://static.colruytgroup.com/images/500x500/std.lang.all/39/35/asset-1283935.jpg",
    "squareImage": "https://static.colruytgroup.com/images/500x500sq/std.lang.all/39/35/asset-1283935.jpg",
    "content": "75cl",
    "walkRouteSequenceNumber": 510,
    "price": {
      "basicPrice": 8.39,
      "recommendedQuantity": "1.0",
      "measurementUnitPrice": 11.19,
      "measurementUnit": "L",
      "isRedPrice": false,
      "pricePerUOM": 11.19,
      "activationDate": "02-02-2024",
      "isPromoActive": "N",
      "priceChangeCode": "E"
    },
    "isAvailable": true,
    "isPriceAvailable": true,
    "inPromo": false,
    "gtin": [
      "08413216001129",
      "08413216014129"
    ],
    "topCategoryName": "Wijn",
    "topCategoryId": "421",
    "businessDomain": "RETAIL_BE",
    "IsPrivateLabel": false,
    "IsBiffe": false,
    "WeightconversionFactor": "0",
    "IsWeightArticle": false,
    "IsBio": false,
    "CountryOfOrigin": "BELGIË",
    "IsExclusivelySoldInLuxembourg": false,
    "OrderUnit": "P",
    "ShortName": "GRAN BARON BRUT NATURE",
    "IsNew": false,
    "EcoscoreLabel": "C",
    "RecentQuanityOfStockUnits": "1,6",
    "LongName": "GRAN BARON Brut Nature 75cl",
    "AlcoholVolume": "11.5",
    "FicCode": "E",
    "EcoscoreValue": "46"
  },
  {
    "productId": "10230",
    "technicalArticleNumber": "1148862",
    "commercialArticleNumber": "17496",
    "name": "Les Trois Colonnes Bordeaux",
    "description": "FRANKRIJK BORDEAUX ROOD\nZeer fruitige, aangename en ronde\nbordeaux met boeket en klasse. Ter\nplaatse gebotteld. Aanbevolen bij rood\nvlees en bij kaasschotels.",
    "thumbNail": "https://static.colruytgroup.com/images/200x200/std.lang.all/43/82/asset-1964382.jpg",
    "fullImage": "https://static.colruytgroup.com/images/500x500/std.lang.all/43/82/asset-1964382.jpg",
    "squareImage": "https://static.colruytgroup.com/images/500x500sq/std.lang.all/43/82/asset-1964382.jpg",
    "content": "75cl",
    "walkRouteSequenceNumber": 143,
    "price": {
      "basicPrice": 5.99,
      "recommendedQuantity": "1.0",
      "quantityPrice": 5.75,
      "quantityPriceQuantity": "6.0",
      "measurementUnitPrice": 7.99,
      "measurementUnitQuantityPrice": 7.67,
      "measurementUnit": "L",
      "isRedPrice": false,
      "pricePerUOM": 7.99,
      "activationDate": "28-02-2024",
      "isPromoActive": "N",
      "priceChangeCode": "H",
      "quantityPricePerUOM": 7.67,
      "quantityActivationDate": "28-02-2024",
      "quantityPriceChangeCode": "H"
    },
    "isAvailable": true,
    "isPriceAvailable": true,
    "inPromo": false,
    "gtin": [
      "03284393000633",
      "03284393000695"
    ],
    "topCategoryName": "Wijn",
    "topCategoryId": "421",
    "businessDomain": "RETAIL_BE",
    "IsPrivateLabel": false,
    "IsBiffe": false,
    "WeightconversionFactor": "0",
    "IsWeightArticle": false,
    "IsBio": false,
    "CountryOfOrigin": "FRANKRIJK",
    "IsExclusivelySoldInLuxembourg": false,
    "OrderUnit": "P",
    "ShortName": "LES TROIS COLONNES ROOD",
    "IsNew": false,
    "EcoscoreLabel": "D",
    "RecentQuanityOfStockUnits": "1,6",
    "LongName": "Les Trois Colonnes Bordeaux 75cl",
    "AlcoholVolume": "13",
    "FicCode": "E",
    "EcoscoreValue": "22"
  },
  {
    "productId": "1146",
    "technicalArticleNumber": "17201",
    "commercialArticleNumber": "17201",
    "name": "Chili Casa Mayor Chardonnay",
    "description": "CHILI DROOG WIT\nKrachtige wijn met aroma's van citrus\nen toast. Fijne wijn met karakter.\nKoel schenken bij vis, schaaldieren en\nvoorgerechten. QAF",
    "thumbNail": "https://static.colruytgroup.com/images/200x200/std.lang.all/79/24/asset-2287924.jpg",
    "fullImage": "https://static.colruytgroup.com/images/500x500/std.lang.all/79/24/asset-2287924.jpg",
    "squareImage": "https://static.colruytgroup.com/images/500x500sq/std.lang.all/79/24/asset-2287924.jpg",
    "content": "75cl",
    "walkRouteSequenceNumber": 362,
    "price": {
      "basicPrice": 5.89,
      "recommendedQuantity": "1.0",
      "quantityPrice": 5.65,
      "quantityPriceQuantity": "6.0",
      "measurementUnitPrice": 7.86,
      "measurementUnitQuantityPrice": 7.54,
      "measurementUnit": "L",
      "isRedPrice": false,
      "pricePerUOM": 7.86,
      "activationDate": "14-02-2024",
      "isPromoActive": "N",
      "priceChangeCode": "E",
      "quantityPricePerUOM": 7.54,
      "quantityActivationDate": "14-02-2024",
      "quantityPriceChangeCode": "E"
    },
    "isAvailable": true,
    "isPriceAvailable": true,
    "inPromo": false,
    "gtin": [
      "07804454002091",
      "27804454002095"
    ],
    "topCategoryName": "Wijn",
    "topCategoryId": "421",
    "businessDomain": "RETAIL_BE",
    "IsPrivateLabel": false,
    "IsBiffe": false,
    "WeightconversionFactor": "0",
    "IsWeightArticle": false,
    "IsBio": false,
    "CountryOfOrigin": "CHILI",
    "IsExclusivelySoldInLuxembourg": false,
    "OrderUnit": "P",
    "ShortName": "CASA MAYOR CHARDONNAY",
    "InSeason": true,
    "IsNew": false,
    "RecentQuanityOfStockUnits": "6,1",
    "LongName": "Chili Casa Mayor Chardonnay 75cl",
    "AlcoholVolume": "14",
    "StartSeasonDate": "15/04/2006",
    "FicCode": "E"
  },
  {
    "productId": "55900",
    "technicalArticleNumber": "2267403",
    "commercialArticleNumber": "3768",
    "name": "Côtes du Rhône Vieilles Vignes",
    "description": "FRANKRIJK RHONE ROOD\nSpeciale Cuvée geselecteerd uit oudere\nwijnstokken. Pittige en krachtige\nwijn. Ideaal bij barbecue, rood vlees\nen kaas. QJA",
    "thumbNail": "https://static.colruytgroup.com/images/200x200/std.lang.all/53/41/asset-3205341.jpg",
    "fullImage": "https://static.colruytgroup.com/images/500x500/std.lang.all/53/41/asset-3205341.jpg",
    "squareImage": "https://static.colruytgroup.com/images/500x500sq/std.lang.all/53/41/asset-3205341.jpg",
    "content": "37,5cl",
    "walkRouteSequenceNumber": 205,
    "price": {
      "basicPrice": 3.89,
      "recommendedQuantity": "1.0",
      "quantityPrice": 3.73,
      "quantityPriceQuantity": "12.0",
      "measurementUnitPrice": 10.38,
      "measurementUnitQuantityPrice": 9.95,
      "measurementUnit": "L",
      "isRedPrice": false,
      "pricePerUOM": 10.38,
      "activationDate": "14-03-2024",
      "isPromoActive": "N",
      "priceChangeCode": "H",
      "quantityPricePerUOM": 9.95,
      "quantityActivationDate": "14-03-2024",
      "quantityPriceChangeCode": "H"
    },
    "isAvailable": true,
    "isPriceAvailable": true,
    "inPromo": false,
    "gtin": [
      "03268174013302",
      "03268174013319"
    ],
    "topCategoryName": "Wijn",
    "topCategoryId": "421",
    "businessDomain": "RETAIL_BE",
    "IsPrivateLabel": false,
    "IsBiffe": false,
    "WeightconversionFactor": "0",
    "IsWeightArticle": false,
    "IsBio": false,
    "CountryOfOrigin": "FRANKRIJK",
    "IsExclusivelySoldInLuxembourg": false,
    "OrderUnit": "P",
    "ShortName": "COTES DU RHONE VV37.5CL",
    "IsNew": false,
    "RecentQuanityOfStockUnits": "1,12",
    "LongName": "Côtes du Rhône Vieilles Vignes 37,5cl",
    "AlcoholVolume": "13.7",
    "FicCode": "E"
  },
  {
    "productId": "4205",
    "technicalArticleNumber": "1008277",
    "commercialArticleNumber": "17139",
    "name": "Côtes du Rhône Vieilles Vignes",
    "description": "FRANKRIJK RHONE ROOD\nSpeciale Cuvée geselecteerd uit oudere\nwijnstokken. Pittige en krachtige wijn\nIdeaal bij barbecue, rood vlees en\nkaas.",
    "thumbNail": "https://static.colruytgroup.com/images/200x200/std.lang.all/10/87/asset-961087.jpg",
    "fullImage": "https://static.colruytgroup.com/images/500x500/std.lang.all/10/87/asset-961087.jpg",
    "squareImage": "https://static.colruytgroup.com/images/500x500sq/std.lang.all/10/87/asset-961087.jpg",
    "content": "75cl",
    "walkRouteSequenceNumber": 258,
    "price": {
      "basicPrice": 6.49,
      "recommendedQuantity": "1.0",
      "quantityPrice": 6.23,
      "quantityPriceQuantity": "6.0",
      "measurementUnitPrice": 8.66,
      "measurementUnitQuantityPrice": 8.31,
      "measurementUnit": "L",
      "isRedPrice": false,
      "pricePerUOM": 8.66,
      "activationDate": "14-03-2024",
      "isPromoActive": "N",
      "priceChangeCode": "H",
      "quantityPricePerUOM": 8.31,
      "quantityActivationDate": "14-03-2024",
      "quantityPriceChangeCode": "H"
    },
    "isAvailable": true,
    "isPriceAvailable": true,
    "inPromo": false,
    "gtin": [
      "03261740006852",
      "03268174006847",
      "03268174006854"
    ],
    "topCategoryName": "Wijn",
    "topCategoryId": "421",
    "businessDomain": "RETAIL_BE",
    "IsPrivateLabel": false,
    "IsBiffe": false,
    "WeightconversionFactor": "0",
    "IsWeightArticle": false,
    "IsBio": false,
    "CountryOfOrigin": "FRANKRIJK",
    "IsExclusivelySoldInLuxembourg": false,
    "OrderUnit": "P",
    "ShortName": "C.RHONE VIEILLES VIGNES",
    "InSeason": true,
    "IsNew": false,
    "RecentQuanityOfStockUnits": "6,1",
    "LongName": "Côtes du Rhône Vieilles Vignes 75cl",
    "AlcoholVolume": "13",
    "StartSeasonDate": "03/09/2003",
    "FicCode": "E"
  },
  {
    "productId": "1226",
    "technicalArticleNumber": "17447",
    "commercialArticleNumber": "17447",
    "name": "Bordeaux rood BIB",
    "description": "FRANKRIJK BORDEAUX ROOD\nSoepel, fruitig en met karakter. In\ndeze verpakking blijft de wijn goed\ntot 6 maanden na opening.",
    "brand": "LE CAVALIER-ROI",
    "seoBrand": "Le Cavalier-Roi",
    "thumbNail": "https://static.colruytgroup.com/images/200x200/std.lang.all/76/25/asset-1827625.jpg",
    "fullImage": "https://static.colruytgroup.com/images/500x500/std.lang.all/76/25/asset-1827625.jpg",
    "squareImage": "https://static.colruytgroup.com/images/500x500sq/std.lang.all/76/25/asset-1827625.jpg",
    "content": "5L",
    "walkRouteSequenceNumber": 71,
    "price": {
      "basicPrice": 20.95,
      "recommendedQuantity": "1.0",
      "measurementUnitPrice": 4.19,
      "measurementUnit": "L",
      "isRedPrice": false,
      "pricePerUOM": 4.19,
      "activationDate": "18-03-2024",
      "recordSource": "Offline",
      "isPromoActive": "N",
      "priceChangeCode": "H"
    },
    "isAvailable": true,
    "isPriceAvailable": true,
    "inPromo": false,
    "gtin": [
      "05400141241778"
    ],
    "topCategoryName": "Wijn",
    "topCategoryId": "421",
    "businessDomain": "RETAIL_BE",
    "IsPrivateLabel": true,
    "IsBiffe": false,
    "WeightconversionFactor": "0",
    "IsWeightArticle": false,
    "IsBio": false,
    "CountryOfOrigin": "BELGIË",
    "IsExclusivelySoldInLuxembourg": false,
    "OrderUnit": "P",
    "ShortName": "CAVA-ROI BORDEAUX BIB5L",
    "IsNew": false,
    "EcoscoreLabel": "C",
    "RecentQuanityOfStockUnits": "1",
    "LongName": "LE CAVALIER-ROI Bordeaux rood BIB 5L",
    "AlcoholVolume": "13.5",
    "FicCode": "I",
    "EcoscoreValue": "48"
  },
  {
    "productId": "590730",
    "technicalArticleNumber": "4249177",
    "commercialArticleNumber": "5667",
    "name": "prosecco brut",
    "description": "*11% vol",
    "brand": "BACIO DELLA LUNA",
    "seoBrand": "Bacio Della Luna",
    "thumbNail": "https://static.colruytgroup.com/images/200x200/std.lang.all/92/03/asset-2099203.jpg",
    "fullImage": "https://static.colruytgroup.com/images/500x500/std.lang.all/92/03/asset-2099203.jpg",
    "squareImage": "https://static.colruytgroup.com/images/500x500sq/std.lang.all/92/03/asset-2099203.jpg",
    "content": "37,5cl",
    "walkRouteSequenceNumber": 683,
    "price": {
      "basicPrice": 5.49,
      "recommendedQuantity": "1.0",
      "measurementUnitPrice": 14.64,
      "measurementUnit": "L",
      "isRedPrice": false,
      "pricePerUOM": 14.64,
      "activationDate": "20-09-2023",
      "recordSource": "Offline",
      "isPromoActive": "N",
      "priceChangeCode": "H"
    },
    "isAvailable": true,
    "isPriceAvailable": true,
    "inPromo": false,
    "gtin": [
      "08054402840520",
      "08054402640526"
    ],
    "topCategoryName": "Wijn",
    "topCategoryId": "421",
    "businessDomain": "RETAIL_BE",
    "IsPrivateLabel": false,
    "IsBiffe": false,
    "WeightconversionFactor": "0",
    "IsWeightArticle": false,
    "IsBio": false,
    "CountryOfOrigin": "ITALIË",
    "IsExclusivelySoldInLuxembourg": false,
    "OrderUnit": "P",
    "ShortName": "BACIO D.L.PROSEC 37.5CL",
    "IsNew": false,
    "EcoscoreLabel": "C",
    "RecentQuanityOfStockUnits": "1,12",
    "LongName": "BACIO DELLA LUNA prosecco brut 37,5cl",
    "AlcoholVolume": "11",
    "FicCode": "E",
    "EcoscoreValue": "46"
  },
  {
    "productId": "1132",
    "technicalArticleNumber": "17149",
    "commercialArticleNumber": "17149",
    "name": "Chard. Sauvignon Bulgarije Boyar",
    "description": "BULGARIJE DROOG WIT\nJong en gekoeld serveren bij vis\nen koude voorgerechten. Chardonnay\nis een druivensoort die aromatische\nen delicate wijnen aflevert. QAE",
    "thumbNail": "https://static.colruytgroup.com/images/200x200/std.lang.all/16/27/asset-1851627.jpg",
    "fullImage": "https://static.colruytgroup.com/images/500x500/std.lang.all/16/27/asset-1851627.jpg",
    "squareImage": "https://static.colruytgroup.com/images/500x500sq/std.lang.all/16/27/asset-1851627.jpg",
    "content": "75cl",
    "walkRouteSequenceNumber": 278,
    "price": {
      "basicPrice": 3.89,
      "recommendedQuantity": "1.0",
      "measurementUnitPrice": 5.19,
      "measurementUnit": "L",
      "isRedPrice": false,
      "pricePerUOM": 5.19,
      "activationDate": "14-02-2024",
      "isPromoActive": "N",
      "priceChangeCode": "E"
    },
    "isAvailable": true,
    "isPriceAvailable": true,
    "inPromo": false,
    "gtin": [
      "03800008163823",
      "03800008173822"
    ],
    "topCategoryName": "Wijn",
    "topCategoryId": "421",
    "businessDomain": "RETAIL_BE",
    "IsPrivateLabel": false,
    "IsBiffe": false,
    "WeightconversionFactor": "0",
    "IsWeightArticle": false,
    "IsBio": false,
    "CountryOfOrigin": "BULGARIJE",
    "IsExclusivelySoldInLuxembourg": false,
    "OrderUnit": "P",
    "ShortName": "BOYAR CHARDONNAY-SAUV",
    "InSeason": true,
    "IsNew": false,
    "RecentQuanityOfStockUnits": "6,1",
    "LongName": "Chard. Sauvignon Bulgarije Boyar 75cl",
    "AlcoholVolume": "13",
    "StartSeasonDate": "02/05/2013",
    "FicCode": "E"
  },
  {
    "productId": "266067",
    "technicalArticleNumber": "3653744",
    "commercialArticleNumber": "10744",
    "name": "Cava brut Bio",
    "description": "Aroma's van citrus, meloen, appel en\ntoast. Ideaal als aperitief.",
    "brand": "GRAN BARON",
    "seoBrand": "Gran Baron",
    "thumbNail": "https://static.colruytgroup.com/images/200x200/std.lang.all/32/94/asset-2863294.jpg",
    "fullImage": "https://static.colruytgroup.com/images/500x500/std.lang.all/32/94/asset-2863294.jpg",
    "squareImage": "https://static.colruytgroup.com/images/500x500sq/std.lang.all/32/94/asset-2863294.jpg",
    "content": "75cl",
    "walkRouteSequenceNumber": 565,
    "price": {
      "basicPrice": 7.99,
      "recommendedQuantity": "1.0",
      "measurementUnitPrice": 10.66,
      "measurementUnit": "L",
      "isRedPrice": false,
      "pricePerUOM": 10.66,
      "activationDate": "21-03-2024",
      "recordSource": "Offline",
      "isPromoActive": "N",
      "priceChangeCode": "E"
    },
    "isAvailable": true,
    "isPriceAvailable": true,
    "inPromo": false,
    "gtin": [
      "08413216101270",
      "08413216201277"
    ],
    "topCategoryName": "Wijn",
    "topCategoryId": "421",
    "businessDomain": "RETAIL_BE",
    "IsPrivateLabel": false,
    "IsBiffe": false,
    "WeightconversionFactor": "0",
    "IsWeightArticle": false,
    "IsBio": true,
    "CountryOfOrigin": "SPANJE",
    "IsExclusivelySoldInLuxembourg": false,
    "OrderUnit": "P",
    "ShortName": "GRBA CAVA BRUT BIO",
    "IsNew": false,
    "EcoscoreLabel": "B",
    "RecentQuanityOfStockUnits": "1,6",
    "LongName": "GRAN BARON Cava brut Bio 75cl",
    "AlcoholVolume": "11.5",
    "FicCode": "E",
    "EcoscoreValue": "61"
  },
  {
    "productId": "82940",
    "technicalArticleNumber": "2982428",
    "commercialArticleNumber": "9297",
    "name": "Roodeberg rosé Zuid-Afrika",
    "thumbNail": "https://static.colruytgroup.com/images/200x200/std.lang.all/05/20/asset-2870520.jpg",
    "fullImage": "https://static.colruytgroup.com/images/500x500/std.lang.all/05/20/asset-2870520.jpg",
    "squareImage": "https://static.colruytgroup.com/images/500x500sq/std.lang.all/05/20/asset-2870520.jpg",
    "content": "75cl",
    "walkRouteSequenceNumber": 438,
    "price": {
      "basicPrice": 4.99,
      "recommendedQuantity": "1.0",
      "measurementUnitPrice": 6.66,
      "measurementUnit": "L",
      "isRedPrice": false,
      "pricePerUOM": 6.66,
      "activationDate": "19-03-2024",
      "recordSource": "Offline",
      "isPromoActive": "N",
      "priceChangeCode": "E"
    },
    "isAvailable": true,
    "isPriceAvailable": true,
    "inPromo": false,
    "gtin": [
      "06002323012511",
      "06002323012504"
    ],
    "topCategoryName": "Wijn",
    "topCategoryId": "421",
    "businessDomain": "RETAIL_BE",
    "IsPrivateLabel": false,
    "IsBiffe": false,
    "WeightconversionFactor": "0",
    "IsWeightArticle": false,
    "IsBio": false,
    "CountryOfOrigin": "ZUID-AFRIKA",
    "IsExclusivelySoldInLuxembourg": false,
    "OrderUnit": "P",
    "ShortName": "ROODEBERG ROSE",
    "IsNew": false,
    "EcoscoreLabel": "D",
    "RecentQuanityOfStockUnits": "6,1",
    "LongName": "Roodeberg rosé Zuid-Afrika 75cl",
    "AlcoholVolume": "13",
    "FicCode": "I",
    "EcoscoreValue": "38"
  },
  {
    "productId": "1247",
    "technicalArticleNumber": "17650",
    "commercialArticleNumber": "17650",
    "name": "Pinot Gris Alsace Tradition",
    "description": "FRANKRIJK ALSACE DROOG WIT\nVan de Pinot Gris-druif. Fruitig, rond\nen gecorseerd. Aanbevolen bij lever-\npastei of bij pittige kazen. Lekker\nook als aperitief. Fris opdienen.",
    "thumbNail": "https://static.colruytgroup.com/images/200x200/std.lang.all/68/46/asset-1806846.jpg",
    "fullImage": "https://static.colruytgroup.com/images/500x500/std.lang.all/68/46/asset-1806846.jpg",
    "squareImage": "https://static.colruytgroup.com/images/500x500sq/std.lang.all/68/46/asset-1806846.jpg",
    "content": "75cl",
    "walkRouteSequenceNumber": 235,
    "price": {
      "basicPrice": 7.69,
      "recommendedQuantity": "1.0",
      "quantityPrice": 7.38,
      "quantityPriceQuantity": "6.0",
      "measurementUnitPrice": 10.26,
      "measurementUnitQuantityPrice": 9.84,
      "measurementUnit": "L",
      "isRedPrice": false,
      "pricePerUOM": 10.26,
      "activationDate": "13-12-2023",
      "isPromoActive": "N",
      "priceChangeCode": "H",
      "quantityPricePerUOM": 9.84,
      "quantityActivationDate": "13-12-2023",
      "quantityPriceChangeCode": "E"
    },
    "isAvailable": true,
    "isPriceAvailable": true,
    "inPromo": false,
    "gtin": [
      "03225820045155",
      "03225820045162",
      "03225826000042"
    ],
    "topCategoryName": "Wijn",
    "topCategoryId": "421",
    "businessDomain": "RETAIL_BE",
    "IsPrivateLabel": false,
    "IsBiffe": false,
    "WeightconversionFactor": "0",
    "IsWeightArticle": false,
    "IsBio": false,
    "CountryOfOrigin": "FRANKRIJK",
    "IsExclusivelySoldInLuxembourg": false,
    "OrderUnit": "P",
    "ShortName": "PINOT GRIS ALS TRADITIO",
    "IsNew": false,
    "EcoscoreLabel": "C",
    "RecentQuanityOfStockUnits": "1,6",
    "LongName": "Pinot Gris Alsace Tradition 75cl",
    "AlcoholVolume": "13",
    "FicCode": "E",
    "EcoscoreValue": "55"
  },
  {
    "productId": "212013",
    "technicalArticleNumber": "3517641",
    "commercialArticleNumber": "41312",
    "name": "Sicilië wit Bio BIB",
    "description": "ITALIE WIT DROOG\nBio wijn uit Sicilië.\nCitrus, rijp geel\nfruit, rond en goed fris. Lekker bij\nslaatjes, gegrilde vis en ook kip!",
    "brand": "IL GRAN GIARDINO",
    "seoBrand": "Il Gran Giardino",
    "thumbNail": "https://static.colruytgroup.com/images/200x200/std.lang.all/09/64/asset-3360964.jpg",
    "fullImage": "https://static.colruytgroup.com/images/500x500/std.lang.all/09/64/asset-3360964.jpg",
    "squareImage": "https://static.colruytgroup.com/images/500x500sq/std.lang.all/09/64/asset-3360964.jpg",
    "content": "3L",
    "walkRouteSequenceNumber": 8,
    "price": {
      "basicPrice": 13.65,
      "recommendedQuantity": "1.0",
      "quantityPrice": 12.56,
      "quantityPriceQuantity": "3.0",
      "measurementUnitPrice": 4.55,
      "measurementUnitQuantityPrice": 4.19,
      "measurementUnit": "L",
      "isRedPrice": false,
      "pricePerUOM": 4.55,
      "activationDate": "31-01-2024",
      "isPromoActive": "N",
      "priceChangeCode": "H",
      "quantityPricePerUOM": 4.19,
      "quantityActivationDate": "31-01-2024",
      "quantityPriceChangeCode": "H"
    },
    "isAvailable": true,
    "isPriceAvailable": true,
    "inPromo": false,
    "gtin": [
      "05400141033878",
      "05400141398045"
    ],
    "topCategoryName": "Wijn",
    "topCategoryId": "421",
    "businessDomain": "RETAIL_BE",
    "IsPrivateLabel": true,
    "IsBiffe": false,
    "WeightconversionFactor": "0",
    "IsWeightArticle": false,
    "IsBio": true,
    "CountryOfOrigin": "ITALIË",
    "IsExclusivelySoldInLuxembourg": false,
    "OrderUnit": "P",
    "ShortName": "SICILIE WIT BIO BIB 3L",
    "InSeason": true,
    "IsNew": false,
    "EcoscoreLabel": "C",
    "RecentQuanityOfStockUnits": "1",
    "LongName": "IL GRAN GIARDINO Sicilië wit Bio BIB 3L",
    "AlcoholVolume": "12.5",
    "StartSeasonDate": "12/05/2020",
    "FicCode": "I",
    "EcoscoreValue": "58"
  },
  {
    "productId": "52927",
    "technicalArticleNumber": "2369453",
    "commercialArticleNumber": "1694",
    "name": "Ch Taureau Lussac St Emilion",
    "description": "FRANKRIJK BORDEAUX ST-EMILION ROOD\nKaraktervol, met een zeker soepelheid\nVlot drinkend. Bewaring: 2 tot 5 jaar\nLekker bij vlees en bij kaasschotels.\n\"Agri Confiance\"",
    "thumbNail": "https://static.colruytgroup.com/images/200x200/std.lang.all/20/29/asset-742029.jpg",
    "fullImage": "https://static.colruytgroup.com/images/500x500/std.lang.all/20/29/asset-742029.jpg",
    "squareImage": "https://static.colruytgroup.com/images/500x500sq/std.lang.all/20/29/asset-742029.jpg",
    "content": "75cl",
    "walkRouteSequenceNumber": 133,
    "price": {
      "basicPrice": 7.49,
      "recommendedQuantity": "1.0",
      "measurementUnitPrice": 9.99,
      "measurementUnit": "L",
      "isRedPrice": false,
      "pricePerUOM": 9.99,
      "activationDate": "13-03-2024",
      "isPromoActive": "N",
      "priceChangeCode": "H"
    },
    "isAvailable": true,
    "isPriceAvailable": true,
    "inPromo": false,
    "gtin": [
      "03108210310333",
      "03108216310337",
      "03108210248872"
    ],
    "topCategoryName": "Wijn",
    "topCategoryId": "421",
    "businessDomain": "RETAIL_BE",
    "IsPrivateLabel": false,
    "IsBiffe": false,
    "WeightconversionFactor": "0",
    "IsWeightArticle": false,
    "IsBio": false,
    "CountryOfOrigin": "FRANKRIJK",
    "IsExclusivelySoldInLuxembourg": false,
    "OrderUnit": "P",
    "ShortName": "CHARM TAUREAU LUSSAC EM",
    "InSeason": true,
    "IsNew": false,
    "EcoscoreLabel": "D",
    "RecentQuanityOfStockUnits": "1,6",
    "LongName": "Ch Taureau Lussac St Emilion 75cl",
    "AlcoholVolume": "13",
    "StartSeasonDate": "18/04/2011",
    "FicCode": "E",
    "EcoscoreValue": "22"
  },
  {
    "productId": "40542",
    "technicalArticleNumber": "2530655",
    "commercialArticleNumber": "39810",
    "name": "Bio Las Mulas Sauv. Blanc Reserva",
    "description": "CHILI DROOG WIT\nFrisse en fruitige geur. Krachtige\nsmaak. Aperitief, bij allerhande voor-\ngerechten en warme visschotels.\nMILIEUBIJDRAGE:BIOLOGISCH GETEELD. QCC",
    "thumbNail": "https://static.colruytgroup.com/images/200x200/std.lang.all/69/98/asset-2006998.jpg",
    "fullImage": "https://static.colruytgroup.com/images/500x500/std.lang.all/69/98/asset-2006998.jpg",
    "squareImage": "https://static.colruytgroup.com/images/500x500sq/std.lang.all/69/98/asset-2006998.jpg",
    "content": "75cl",
    "walkRouteSequenceNumber": 355,
    "price": {
      "basicPrice": 7.49,
      "recommendedQuantity": "1.0",
      "quantityPrice": 7.19,
      "quantityPriceQuantity": "6.0",
      "measurementUnitPrice": 9.99,
      "measurementUnitQuantityPrice": 9.59,
      "measurementUnit": "L",
      "isRedPrice": false,
      "pricePerUOM": 9.99,
      "activationDate": "13-03-2024",
      "isPromoActive": "N",
      "priceChangeCode": "E",
      "quantityPricePerUOM": 9.59,
      "quantityActivationDate": "13-03-2024",
      "quantityPriceChangeCode": "E"
    },
    "isAvailable": true,
    "isPriceAvailable": true,
    "inPromo": false,
    "gtin": [
      "28410113002147",
      "08410113002143",
      "05400141013832"
    ],
    "topCategoryName": "Wijn",
    "topCategoryId": "421",
    "businessDomain": "RETAIL_BE",
    "IsPrivateLabel": false,
    "IsBiffe": false,
    "WeightconversionFactor": "0",
    "IsWeightArticle": false,
    "IsBio": true,
    "CountryOfOrigin": "CHILI",
    "IsExclusivelySoldInLuxembourg": false,
    "OrderUnit": "P",
    "ShortName": "BIO MULAS RESERVA WIT",
    "IsNew": false,
    "EcoscoreLabel": "C",
    "RecentQuanityOfStockUnits": "6,1",
    "LongName": "Bio Las Mulas Sauv. Blanc Reserva 75cl",
    "AlcoholVolume": "13.5",
    "FicCode": "E",
    "EcoscoreValue": "53"
  },
  {
    "productId": "28131",
    "technicalArticleNumber": "1961416",
    "commercialArticleNumber": "18004",
    "name": "Chateau d'Eau IGP Chardonnay Bio",
    "description": "Mooie genereuze chardonnay van het\nBourgondische type met wat vanille en\nboter en kruiden in de neus. Zachte\nwijn met een mooie frisheid. Geschikt\nbij vis m/z saus en schaaldieren.",
    "thumbNail": "https://static.colruytgroup.com/images/200x200/std.lang.all/13/33/asset-731333.jpg",
    "fullImage": "https://static.colruytgroup.com/images/500x500/std.lang.all/13/33/asset-731333.jpg",
    "squareImage": "https://static.colruytgroup.com/images/500x500sq/std.lang.all/13/33/asset-731333.jpg",
    "content": "75cl",
    "walkRouteSequenceNumber": 161,
    "price": {
      "basicPrice": 6.99,
      "recommendedQuantity": "1.0",
      "measurementUnitPrice": 9.32,
      "measurementUnit": "L",
      "isRedPrice": false,
      "pricePerUOM": 9.32,
      "activationDate": "02-01-2024",
      "isPromoActive": "N",
      "priceChangeCode": "H"
    },
    "isAvailable": true,
    "isPriceAvailable": true,
    "inPromo": false,
    "gtin": [
      "03180421106288",
      "03180421106271"
    ],
    "topCategoryName": "Wijn",
    "topCategoryId": "421",
    "businessDomain": "RETAIL_BE",
    "IsPrivateLabel": false,
    "IsBiffe": false,
    "WeightconversionFactor": "0",
    "IsWeightArticle": false,
    "IsBio": true,
    "CountryOfOrigin": "FRANKRIJK",
    "IsExclusivelySoldInLuxembourg": false,
    "OrderUnit": "P",
    "ShortName": "CHARDONNAY BIO 75CL",
    "InSeason": true,
    "IsNew": false,
    "EcoscoreLabel": "D",
    "RecentQuanityOfStockUnits": "6,1",
    "LongName": "Chateau d'Eau IGP Chardonnay Bio 75cl",
    "AlcoholVolume": "13.5",
    "StartSeasonDate": "17/04/2023",
    "FicCode": "E",
    "EcoscoreValue": "23"
  },
  {
    "productId": "208604",
    "technicalArticleNumber": "3519072",
    "commercialArticleNumber": "40480",
    "name": "Jean Gamay Noir",
    "description": "Fruitige en elegante wijn met een\ngoede lengte. Best licht gekoeld\nschenken op 14°C. Bij koude schotels.",
    "thumbNail": "https://static.colruytgroup.com/images/200x200/std.lang.all/80/79/asset-2078079.jpg",
    "fullImage": "https://static.colruytgroup.com/images/500x500/std.lang.all/80/79/asset-2078079.jpg",
    "squareImage": "https://static.colruytgroup.com/images/500x500sq/std.lang.all/80/79/asset-2078079.jpg",
    "content": "75cl",
    "walkRouteSequenceNumber": 257,
    "price": {
      "basicPrice": 6.49,
      "recommendedQuantity": "1.0",
      "measurementUnitPrice": 8.66,
      "measurementUnit": "L",
      "isRedPrice": false,
      "pricePerUOM": 8.66,
      "activationDate": "13-03-2024",
      "isPromoActive": "N",
      "priceChangeCode": "E"
    },
    "isAvailable": true,
    "isPriceAvailable": true,
    "inPromo": false,
    "gtin": [
      "03298660032999",
      "23298661009550"
    ],
    "topCategoryName": "Wijn",
    "topCategoryId": "421",
    "businessDomain": "RETAIL_BE",
    "IsPrivateLabel": false,
    "IsBiffe": false,
    "WeightconversionFactor": "0",
    "IsWeightArticle": false,
    "IsBio": false,
    "CountryOfOrigin": "BELGIË",
    "IsExclusivelySoldInLuxembourg": false,
    "OrderUnit": "P",
    "ShortName": "JEAN GAMAY NOIR 75CL",
    "IsNew": false,
    "RecentQuanityOfStockUnits": "1,6",
    "LongName": "Jean Gamay Noir 75cl",
    "AlcoholVolume": "13",
    "FicCode": "E"
  },
  {
    "productId": "364684",
    "technicalArticleNumber": "3875495",
    "commercialArticleNumber": "42451",
    "name": "Sauvignon Zuid-Afrika",
    "description": "ZUID-AFRIKA DROOG WIT\n(Sauvignon-druif, geoogst in februari)\nAromatische wijn, fruitig.\nJong en koel drinken.",
    "brand": "BLYGEDACHT",
    "seoBrand": "Blygedacht",
    "thumbNail": "https://static.colruytgroup.com/images/200x200/std.lang.all/61/43/asset-3016143.jpg",
    "fullImage": "https://static.colruytgroup.com/images/500x500/std.lang.all/61/43/asset-3016143.jpg",
    "squareImage": "https://static.colruytgroup.com/images/500x500sq/std.lang.all/61/43/asset-3016143.jpg",
    "content": "75cl",
    "walkRouteSequenceNumber": 375,
    "price": {
      "basicPrice": 3.99,
      "recommendedQuantity": "1.0",
      "quantityPrice": 3.83,
      "quantityPriceQuantity": "6.0",
      "measurementUnitPrice": 5.32,
      "measurementUnitQuantityPrice": 5.11,
      "measurementUnit": "L",
      "isRedPrice": false,
      "pricePerUOM": 5.32,
      "activationDate": "14-03-2024",
      "recordSource": "Offline",
      "isPromoActive": "N",
      "priceChangeCode": "E",
      "quantityPricePerUOM": 5.11,
      "quantityActivationDate": "14-03-2024",
      "quantityPriceChangeCode": "E"
    },
    "isAvailable": true,
    "isPriceAvailable": true,
    "inPromo": false,
    "gtin": [
      "15400141207146",
      "05400141207149"
    ],
    "topCategoryName": "Wijn",
    "topCategoryId": "421",
    "businessDomain": "RETAIL_BE",
    "IsPrivateLabel": true,
    "IsBiffe": false,
    "WeightconversionFactor": "0",
    "IsWeightArticle": false,
    "IsBio": false,
    "CountryOfOrigin": "BELGIË",
    "IsExclusivelySoldInLuxembourg": false,
    "OrderUnit": "P",
    "ShortName": "SAUVIGNON BLANC Z-A",
    "IsNew": false,
    "EcoscoreLabel": "D",
    "RecentQuanityOfStockUnits": "6,1",
    "LongName": "BLYGEDACHT Sauvignon Zuid-Afrika 75cl",
    "AlcoholVolume": "12",
    "FicCode": "I",
    "EcoscoreValue": "36"
  },
  {
    "productId": "187039",
    "technicalArticleNumber": "3437364",
    "commercialArticleNumber": "33002",
    "name": "Bubbly Fiesta aardbei",
    "description": "*Appel-aardbeisap\n*Sprankelend\n*Alcoholvrij",
    "brand": "BONI",
    "seoBrand": "Boni Selection",
    "thumbNail": "https://static.colruytgroup.com/images/200x200/std.lang.all/49/88/asset-2764988.jpg",
    "fullImage": "https://static.colruytgroup.com/images/500x500/std.lang.all/49/88/asset-2764988.jpg",
    "squareImage": "https://static.colruytgroup.com/images/500x500sq/std.lang.all/49/88/asset-2764988.jpg",
    "content": "75cl",
    "walkRouteSequenceNumber": 554,
    "price": {
      "basicPrice": 2.25,
      "recommendedQuantity": "1.0",
      "measurementUnitPrice": 3,
      "measurementUnit": "L",
      "isRedPrice": false,
      "pricePerUOM": 3,
      "activationDate": "02-03-2024",
      "isPromoActive": "N",
      "priceChangeCode": "H"
    },
    "isAvailable": true,
    "isPriceAvailable": true,
    "inPromo": false,
    "gtin": [
      "05400141377859",
      "15400141387725",
      "15400141834052",
      "05400141387728"
    ],
    "topCategoryName": "Wijn",
    "topCategoryId": "421",
    "businessDomain": "RETAIL_BE",
    "IsPrivateLabel": true,
    "IsBiffe": false,
    "WeightconversionFactor": "0",
    "IsWeightArticle": false,
    "nutriscoreLabel": "E",
    "IsBio": false,
    "CountryOfOrigin": "FRANKRIJK",
    "IsExclusivelySoldInLuxembourg": false,
    "OrderUnit": "P",
    "ShortName": "BONI BUB.FIE.AARDBEI75C",
    "IsNew": false,
    "RecentQuanityOfStockUnits": "1,6",
    "LongName": "BONI Bubbly Fiesta aardbei 75cl",
    "AlcoholVolume": "0",
    "FicCode": "I"
  },
  {
    "productId": "144",
    "technicalArticleNumber": "17082",
    "commercialArticleNumber": "17082",
    "name": "Chardonnay Jean Balmont",
    "description": "FRANKRIJK VINS DE FRANCE DROOG WIT\nFrisse aroma's, van fruit en bloemen.\nAangename, fruitige en ronde afdronk.\nServeren als aperitief, koude schotels\nen visgerechten.",
    "thumbNail": "https://static.colruytgroup.com/images/200x200/std.lang.all/08/31/asset-370831.jpg",
    "fullImage": "https://static.colruytgroup.com/images/500x500/std.lang.all/08/31/asset-370831.jpg",
    "squareImage": "https://static.colruytgroup.com/images/500x500sq/std.lang.all/08/31/asset-370831.jpg",
    "content": "75cl",
    "walkRouteSequenceNumber": 175,
    "price": {
      "basicPrice": 4.99,
      "recommendedQuantity": "1.0",
      "measurementUnitPrice": 6.66,
      "measurementUnit": "L",
      "isRedPrice": false,
      "pricePerUOM": 6.66,
      "activationDate": "26-02-2024",
      "isPromoActive": "N",
      "priceChangeCode": "E"
    },
    "isAvailable": true,
    "isPriceAvailable": true,
    "inPromo": false,
    "gtin": [
      "03344060021153",
      "03344060021160",
      "03344061020209"
    ],
    "topCategoryName": "Wijn",
    "topCategoryId": "421",
    "businessDomain": "RETAIL_BE",
    "IsPrivateLabel": false,
    "IsBiffe": false,
    "WeightconversionFactor": "0",
    "IsWeightArticle": false,
    "IsBio": false,
    "CountryOfOrigin": "FRANKRIJK",
    "IsExclusivelySoldInLuxembourg": false,
    "OrderUnit": "P",
    "ShortName": "CHARDONNAY BALMONT",
    "IsNew": false,
    "EcoscoreLabel": "D",
    "RecentQuanityOfStockUnits": "1,6",
    "LongName": "Chardonnay Jean Balmont 75cl",
    "AlcoholVolume": "11.5",
    "FicCode": "E",
    "EcoscoreValue": "23"
  },
  {
    "productId": "34722",
    "technicalArticleNumber": "1860423",
    "commercialArticleNumber": "17676",
    "name": "Cava brut Selection",
    "description": "SPANJE SCHUIMWIJN DROOG.\nFijne pareling, fris, aroma's van wit\nfruit en brioche. Rijping van minstens\n15 maanden. Ideaal als aperitief, maar\nkan ook bij schaal en schelpdieren.",
    "brand": "MAS PERE",
    "seoBrand": "Mas Pere",
    "thumbNail": "https://static.colruytgroup.com/images/200x200/std.lang.all/33/22/asset-2373322.jpg",
    "fullImage": "https://static.colruytgroup.com/images/500x500/std.lang.all/33/22/asset-2373322.jpg",
    "squareImage": "https://static.colruytgroup.com/images/500x500sq/std.lang.all/33/22/asset-2373322.jpg",
    "content": "75cl",
    "walkRouteSequenceNumber": 640,
    "price": {
      "basicPrice": 8.49,
      "recommendedQuantity": "1.0",
      "quantityPrice": 8.15,
      "quantityPriceQuantity": "6.0",
      "measurementUnitPrice": 11.32,
      "measurementUnitQuantityPrice": 10.87,
      "measurementUnit": "L",
      "isRedPrice": false,
      "pricePerUOM": 11.32,
      "activationDate": "17-01-2024",
      "isPromoActive": "N",
      "priceChangeCode": "H",
      "quantityPricePerUOM": 10.87,
      "quantityActivationDate": "17-01-2024",
      "quantityPriceChangeCode": "H"
    },
    "isAvailable": true,
    "isPriceAvailable": true,
    "inPromo": false,
    "gtin": [
      "08426998259756",
      "08426998259060"
    ],
    "topCategoryName": "Wijn",
    "topCategoryId": "421",
    "businessDomain": "RETAIL_BE",
    "IsPrivateLabel": false,
    "IsBiffe": false,
    "WeightconversionFactor": "0",
    "IsWeightArticle": false,
    "IsBio": false,
    "CountryOfOrigin": "SPANJE",
    "IsExclusivelySoldInLuxembourg": false,
    "OrderUnit": "P",
    "ShortName": "MAS PERE CAVA BRUT75",
    "IsNew": false,
    "RecentQuanityOfStockUnits": "6,1",
    "LongName": "MAS PERE Cava brut Selection 75cl",
    "AlcoholVolume": "11.5",
    "FicCode": "E"
  },
  {
    "productId": "108262",
    "technicalArticleNumber": "3103734",
    "commercialArticleNumber": "43697",
    "name": "Quinta Vista Reserva \"Lisboa\" Rood",
    "description": "PORTUGAL ROOD Streek van Lissabon\nNeus die overloopt van vers rood fruit\nen zeer rijk in de mond, soepel met\nfrisse afdronk. Past bij pasta, wit\nvlees en slaatjes",
    "thumbNail": "https://static.colruytgroup.com/images/200x200/std.lang.all/83/80/asset-3188380.jpg",
    "fullImage": "https://static.colruytgroup.com/images/500x500/std.lang.all/83/80/asset-3188380.jpg",
    "squareImage": "https://static.colruytgroup.com/images/500x500sq/std.lang.all/83/80/asset-3188380.jpg",
    "content": "75cl",
    "walkRouteSequenceNumber": 380,
    "price": {
      "basicPrice": 4.49,
      "recommendedQuantity": "1.0",
      "quantityPrice": 4.31,
      "quantityPriceQuantity": "6.0",
      "measurementUnitPrice": 5.99,
      "measurementUnitQuantityPrice": 5.75,
      "measurementUnit": "L",
      "isRedPrice": false,
      "pricePerUOM": 5.99,
      "activationDate": "19-03-2024",
      "recordSource": "Offline",
      "isPromoActive": "N",
      "priceChangeCode": "E",
      "quantityPricePerUOM": 5.75,
      "quantityActivationDate": "19-03-2024",
      "quantityPriceChangeCode": "E"
    },
    "isAvailable": true,
    "isPriceAvailable": true,
    "inPromo": false,
    "gtin": [
      "15600221678693",
      "05600221678696",
      "15600221678303",
      "05600221678306"
    ],
    "topCategoryName": "Wijn",
    "topCategoryId": "421",
    "businessDomain": "RETAIL_BE",
    "IsPrivateLabel": false,
    "IsBiffe": false,
    "WeightconversionFactor": "0",
    "IsWeightArticle": false,
    "IsBio": false,
    "CountryOfOrigin": "PORTUGAL",
    "IsExclusivelySoldInLuxembourg": false,
    "OrderUnit": "P",
    "ShortName": "QUINTA VISTA RESER.ROOD",
    "IsNew": false,
    "RecentQuanityOfStockUnits": "1,6",
    "LongName": "Quinta Vista Reserva \"Lisboa\" Rood 75cl",
    "AlcoholVolume": "13",
    "FicCode": "E"
  },
  {
    "productId": "1188",
    "technicalArticleNumber": "17251",
    "commercialArticleNumber": "17251",
    "name": "Ventoux rosé BIB",
    "description": "FRANKRIJK ROSE DROOG\nVanop de zonnige flanken van de Mont\nVentoux. Zeer aangename wijn, vooral\nbij koude schotels en bij de barbecue\nKoel opdienen.",
    "thumbNail": "https://static.colruytgroup.com/images/200x200/std.lang.all/71/09/asset-2837109.jpg",
    "fullImage": "https://static.colruytgroup.com/images/500x500/std.lang.all/71/09/asset-2837109.jpg",
    "squareImage": "https://static.colruytgroup.com/images/500x500sq/std.lang.all/71/09/asset-2837109.jpg",
    "content": "3L",
    "walkRouteSequenceNumber": 7,
    "price": {
      "basicPrice": 15.59,
      "recommendedQuantity": "1.0",
      "quantityPrice": 14.97,
      "quantityPriceQuantity": "3.0",
      "measurementUnitPrice": 5.2,
      "measurementUnitQuantityPrice": 4.99,
      "measurementUnit": "L",
      "isRedPrice": false,
      "pricePerUOM": 5.2,
      "activationDate": "13-03-2024",
      "isPromoActive": "Y",
      "priceChangeCode": "L",
      "quantityPricePerUOM": 4.99,
      "quantityActivationDate": "13-03-2024",
      "quantityPriceChangeCode": "L"
    },
    "isAvailable": true,
    "isPriceAvailable": true,
    "inPromo": false,
    "gtin": [
      "05400141404548"
    ],
    "topCategoryName": "Wijn",
    "topCategoryId": "421",
    "businessDomain": "RETAIL_BE",
    "IsPrivateLabel": false,
    "IsBiffe": false,
    "WeightconversionFactor": "0",
    "IsWeightArticle": false,
    "IsBio": false,
    "CountryOfOrigin": "BELGIË",
    "IsExclusivelySoldInLuxembourg": false,
    "OrderUnit": "P",
    "ShortName": "VENTOUX ROSE BIB 3L",
    "InSeason": true,
    "IsNew": false,
    "EcoscoreLabel": "B",
    "RecentQuanityOfStockUnits": "1",
    "LongName": "Ventoux rosé BIB 3L",
    "AlcoholVolume": "13",
    "StartSeasonDate": "17/12/2018",
    "FicCode": "I",
    "EcoscoreValue": "61"
  },
  {
    "productId": "23486",
    "technicalArticleNumber": "1966383",
    "commercialArticleNumber": "17779",
    "name": "Pinot Blanc Elzas Wolfberger",
    "description": "FRANKRIJK ALSACE DROOG WIT\nRonde en mondvullende witte wijn met\naroma's van rijp fruit en bloemen maar\nook vrij droog en fijn. Dus ideaal bij\nvoorgerechten, vis en wit vlees.",
    "thumbNail": "https://static.colruytgroup.com/images/200x200/std.lang.all/70/90/asset-547090.jpg",
    "fullImage": "https://static.colruytgroup.com/images/500x500/std.lang.all/70/90/asset-547090.jpg",
    "squareImage": "https://static.colruytgroup.com/images/500x500sq/std.lang.all/70/90/asset-547090.jpg",
    "content": "75cl",
    "walkRouteSequenceNumber": 230,
    "price": {
      "basicPrice": 6.15,
      "recommendedQuantity": "1.0",
      "measurementUnitPrice": 8.2,
      "measurementUnit": "L",
      "isRedPrice": true,
      "redPriceReason": "Promo",
      "referencePrice": 6.99,
      "retentionPeriod": 30,
      "pricePerUOM": 8.2,
      "activationDate": "13-03-2024",
      "isPromoActive": "Y",
      "priceChangeCode": "L"
    },
    "isAvailable": true,
    "isPriceAvailable": true,
    "inPromo": false,
    "gtin": [
      "03221249250347",
      "03221249200342"
    ],
    "topCategoryName": "Wijn",
    "topCategoryId": "421",
    "businessDomain": "RETAIL_BE",
    "IsPrivateLabel": false,
    "IsBiffe": false,
    "WeightconversionFactor": "0",
    "IsWeightArticle": false,
    "IsBio": false,
    "CountryOfOrigin": "FRANKRIJK",
    "IsExclusivelySoldInLuxembourg": false,
    "OrderUnit": "P",
    "ShortName": "PINOT BLANC WOLFBERGER",
    "InSeason": true,
    "IsNew": false,
    "EcoscoreLabel": "C",
    "RecentQuanityOfStockUnits": "1,6",
    "LongName": "Pinot Blanc Elzas Wolfberger 75cl",
    "AlcoholVolume": "12.5",
    "StartSeasonDate": "14/06/2022",
    "FicCode": "E",
    "EcoscoreValue": "57"
  },
  {
    "productId": "858724",
    "technicalArticleNumber": "4709006",
    "commercialArticleNumber": "31697",
    "name": "appel blik",
    "description": "*Sprankelend\nappelsap\n*op basis van\nconcentraat",
    "brand": "KIDIBUL",
    "seoBrand": "Kidibul",
    "thumbNail": "https://static.colruytgroup.com/images/200x200/std.lang.all/32/28/asset-2983228.jpg",
    "fullImage": "https://static.colruytgroup.com/images/500x500/std.lang.all/32/28/asset-2983228.jpg",
    "squareImage": "https://static.colruytgroup.com/images/500x500sq/std.lang.all/32/28/asset-2983228.jpg",
    "content": "25cl",
    "walkRouteSequenceNumber": 559,
    "price": {
      "basicPrice": 0.747,
      "recommendedQuantity": "4.0",
      "measurementUnitPrice": 2.99,
      "measurementUnit": "L",
      "isRedPrice": false,
      "pricePerUOM": 2.99,
      "activationDate": "22-03-2024",
      "recordSource": "Folder",
      "isPromoActive": "N",
      "priceChangeCode": "L"
    },
    "isAvailable": true,
    "isPriceAvailable": true,
    "inPromo": false,
    "gtin": [
      "05415270300395",
      "05415270201067",
      "00000054096141"
    ],
    "topCategoryName": "Wijn",
    "topCategoryId": "421",
    "businessDomain": "RETAIL_BE",
    "IsPrivateLabel": false,
    "IsBiffe": false,
    "WeightconversionFactor": "0",
    "IsWeightArticle": false,
    "nutriscoreLabel": "E",
    "IsBio": false,
    "CountryOfOrigin": "BELGIË",
    "IsExclusivelySoldInLuxembourg": false,
    "OrderUnit": "P",
    "ShortName": "KIDI APPEL 25CL",
    "IsNew": false,
    "RecentQuanityOfStockUnits": "1,4",
    "LongName": "KIDIBUL appel blik 25cl",
    "AlcoholVolume": "0",
    "FicCode": "E"
  },
  {
    "productId": "847535",
    "technicalArticleNumber": "4693945",
    "commercialArticleNumber": "20848",
    "name": "Côteaux Varois Estandon Lumière",
    "description": "FRANKRIJK DROOG PROVENCE ROSE\nAppellation Coteaux Varois. Mooie rosé\nmet fruitige en bloemige aroma's. Lek-\nker sappig met fruitige afdronk. Bij\nvoorgerechten, vis en schaaldieren.",
    "thumbNail": "https://static.colruytgroup.com/images/200x200/std.lang.all/53/43/asset-3205343.jpg",
    "fullImage": "https://static.colruytgroup.com/images/500x500/std.lang.all/53/43/asset-3205343.jpg",
    "squareImage": "https://static.colruytgroup.com/images/500x500sq/std.lang.all/53/43/asset-3205343.jpg",
    "content": "75cl",
    "walkRouteSequenceNumber": 476,
    "price": {
      "basicPrice": 8.49,
      "recommendedQuantity": "1.0",
      "measurementUnitPrice": 11.32,
      "measurementUnit": "L",
      "isRedPrice": false,
      "pricePerUOM": 11.32,
      "activationDate": "13-03-2024",
      "isPromoActive": "N",
      "priceChangeCode": "E"
    },
    "isAvailable": true,
    "isPriceAvailable": true,
    "inPromo": false,
    "gtin": [
      "03269210103858",
      "03269210253836"
    ],
    "topCategoryName": "Wijn",
    "topCategoryId": "421",
    "businessDomain": "RETAIL_BE",
    "IsPrivateLabel": false,
    "IsBiffe": false,
    "WeightconversionFactor": "0",
    "IsWeightArticle": false,
    "IsBio": false,
    "CountryOfOrigin": "FRANKRIJK",
    "IsExclusivelySoldInLuxembourg": false,
    "OrderUnit": "P",
    "ShortName": "ESTANDON LUMIERE ROSE",
    "IsNew": false,
    "RecentQuanityOfStockUnits": "1,6",
    "LongName": "Côteaux Varois Estandon Lumière 75cl",
    "AlcoholVolume": "12.5",
    "FicCode": "E"
  },
  {
    "productId": "135862",
    "technicalArticleNumber": "3181464",
    "commercialArticleNumber": "1225",
    "name": "prosecco brut DOC",
    "brand": "BACIO DELLA LUNA",
    "seoBrand": "Bacio Della Luna",
    "thumbNail": "https://static.colruytgroup.com/images/200x200/std.lang.all/76/04/asset-3217604.jpg",
    "fullImage": "https://static.colruytgroup.com/images/500x500/std.lang.all/76/04/asset-3217604.jpg",
    "squareImage": "https://static.colruytgroup.com/images/500x500sq/std.lang.all/76/04/asset-3217604.jpg",
    "content": "75cl",
    "walkRouteSequenceNumber": 691,
    "price": {
      "basicPrice": 9.99,
      "recommendedQuantity": "1.0",
      "quantityPrice": 9.59,
      "quantityPriceQuantity": "6.0",
      "measurementUnitPrice": 13.32,
      "measurementUnitQuantityPrice": 12.79,
      "measurementUnit": "L",
      "isRedPrice": false,
      "pricePerUOM": 13.32,
      "activationDate": "17-02-2024",
      "isPromoActive": "N",
      "priceChangeCode": "H",
      "quantityPricePerUOM": 12.79,
      "quantityActivationDate": "17-02-2024",
      "quantityPriceChangeCode": "H"
    },
    "isAvailable": true,
    "isPriceAvailable": true,
    "inPromo": false,
    "gtin": [
      "08054402827293",
      "08054402627299",
      "00887467829104"
    ],
    "topCategoryName": "Wijn",
    "topCategoryId": "421",
    "businessDomain": "RETAIL_BE",
    "IsPrivateLabel": false,
    "IsBiffe": false,
    "WeightconversionFactor": "0",
    "IsWeightArticle": false,
    "IsBio": false,
    "CountryOfOrigin": "ITALIË",
    "IsExclusivelySoldInLuxembourg": false,
    "OrderUnit": "P",
    "ShortName": "BACIO DELLA LUNA BR.DOC",
    "IsNew": false,
    "EcoscoreLabel": "C",
    "RecentQuanityOfStockUnits": "6,1",
    "LongName": "BACIO DELLA LUNA prosecco brut DOC 75cl",
    "AlcoholVolume": "11.5",
    "FicCode": "E",
    "EcoscoreValue": "46"
  },
  {
    "productId": "45465",
    "technicalArticleNumber": "2564453",
    "commercialArticleNumber": "14420",
    "name": "Tocornal Chardonnay Chili wit",
    "description": "Lichtgele wijn met groene reflecties.\nCharmante neus van citrusfruit en\nbloemen. Vlotte smaak met voldoende\nstructuur.Uitstekend bij slaatjes,vis,\nwit vlees. Op dronk. Schenken op 8°C.",
    "thumbNail": "https://static.colruytgroup.com/images/200x200/std.lang.all/45/88/asset-384588.jpg",
    "fullImage": "https://static.colruytgroup.com/images/500x500/std.lang.all/45/88/asset-384588.jpg",
    "squareImage": "https://static.colruytgroup.com/images/500x500sq/std.lang.all/45/88/asset-384588.jpg",
    "content": "75cl",
    "walkRouteSequenceNumber": 376,
    "price": {
      "basicPrice": 4.99,
      "recommendedQuantity": "1.0",
      "quantityPrice": 4.49,
      "quantityPriceQuantity": "2.0",
      "measurementUnitPrice": 6.66,
      "measurementUnitQuantityPrice": 5.99,
      "measurementUnit": "L",
      "isRedPrice": false,
      "pricePerUOM": 6.66,
      "activationDate": "14-03-2024",
      "recordSource": "Offline",
      "isPromoActive": "N",
      "priceChangeCode": "E",
      "quantityPricePerUOM": 5.99,
      "quantityActivationDate": "14-03-2024",
      "quantityPriceChangeCode": "H"
    },
    "isAvailable": true,
    "isPriceAvailable": true,
    "inPromo": false,
    "gtin": [
      "05400141014822",
      "07804320470450",
      "07804320499796",
      "37804320470451"
    ],
    "topCategoryName": "Wijn",
    "topCategoryId": "421",
    "businessDomain": "RETAIL_BE",
    "IsPrivateLabel": false,
    "IsBiffe": false,
    "WeightconversionFactor": "0",
    "IsWeightArticle": false,
    "IsBio": false,
    "CountryOfOrigin": "CHILI",
    "IsExclusivelySoldInLuxembourg": false,
    "OrderUnit": "P",
    "ShortName": "TOCORNAL CHARDO CHILI",
    "IsNew": false,
    "EcoscoreLabel": "D",
    "RecentQuanityOfStockUnits": "6,6,1",
    "LongName": "Tocornal Chardonnay Chili wit 75cl",
    "AlcoholVolume": "13",
    "FicCode": "E",
    "EcoscoreValue": "37"
  },
  {
    "productId": "15865",
    "technicalArticleNumber": "1420029",
    "commercialArticleNumber": "17999",
    "name": "Cordillera Chili rood BIB",
    "description": "CHILI ROOD.\nKrachtige, vlezige, ietwat kruidige\nwijn met intense kleur.\nAanbevolen bij gebraad, gekruide\nvleesschotels en grillades.",
    "thumbNail": "https://static.colruytgroup.com/images/200x200/std.lang.all/07/10/asset-3410710.jpg",
    "fullImage": "https://static.colruytgroup.com/images/500x500/std.lang.all/07/10/asset-3410710.jpg",
    "squareImage": "https://static.colruytgroup.com/images/500x500sq/std.lang.all/07/10/asset-3410710.jpg",
    "content": "5L",
    "walkRouteSequenceNumber": 70,
    "price": {
      "basicPrice": 19.99,
      "recommendedQuantity": "1.0",
      "quantityPrice": 18.39,
      "quantityPriceQuantity": "3.0",
      "measurementUnitPrice": 4,
      "measurementUnitQuantityPrice": 3.68,
      "measurementUnit": "L",
      "isRedPrice": false,
      "pricePerUOM": 4,
      "activationDate": "13-03-2024",
      "isPromoActive": "N",
      "priceChangeCode": "E",
      "quantityPricePerUOM": 3.68,
      "quantityActivationDate": "13-03-2024",
      "quantityPriceChangeCode": "L"
    },
    "isAvailable": true,
    "isPriceAvailable": true,
    "inPromo": false,
    "gtin": [
      "05400141032918"
    ],
    "topCategoryName": "Wijn",
    "topCategoryId": "421",
    "businessDomain": "RETAIL_BE",
    "IsPrivateLabel": false,
    "IsBiffe": false,
    "WeightconversionFactor": "0",
    "IsWeightArticle": false,
    "IsBio": false,
    "CountryOfOrigin": "CHILI",
    "IsExclusivelySoldInLuxembourg": false,
    "OrderUnit": "P",
    "ShortName": "CORDILLERA CHIL BIB 5L",
    "IsNew": false,
    "EcoscoreLabel": "D",
    "RecentQuanityOfStockUnits": "1",
    "LongName": "Cordillera Chili rood BIB 5L",
    "AlcoholVolume": "12.5",
    "FicCode": "I",
    "EcoscoreValue": "33"
  },
  {
    "productId": "48677",
    "technicalArticleNumber": "2563442",
    "commercialArticleNumber": "8835",
    "name": "Smurfen Party Bubbles",
    "description": "Sprankelende limonadedrank zonder\nalcohol.\nFeestdrank voor kinderen.",
    "brand": "ZAGAZOE",
    "seoBrand": "Zagazoe!",
    "thumbNail": "https://static.colruytgroup.com/images/200x200/std.lang.all/17/82/asset-2311782.jpg",
    "fullImage": "https://static.colruytgroup.com/images/500x500/std.lang.all/17/82/asset-2311782.jpg",
    "squareImage": "https://static.colruytgroup.com/images/500x500sq/std.lang.all/17/82/asset-2311782.jpg",
    "content": "75cl",
    "walkRouteSequenceNumber": 555,
    "price": {
      "basicPrice": 2.49,
      "recommendedQuantity": "1.0",
      "quantityPrice": 2.39,
      "quantityPriceQuantity": "6.0",
      "measurementUnitPrice": 3.32,
      "measurementUnitQuantityPrice": 3.19,
      "measurementUnit": "L",
      "isRedPrice": false,
      "pricePerUOM": 3.32,
      "activationDate": "14-03-2024",
      "isPromoActive": "N",
      "priceChangeCode": "H",
      "quantityPricePerUOM": 3.19,
      "quantityActivationDate": "14-03-2024",
      "quantityPriceChangeCode": "L"
    },
    "isAvailable": true,
    "isPriceAvailable": true,
    "inPromo": false,
    "gtin": [
      "15425019201910",
      "05425019203559",
      "15425019203556",
      "05425019200596",
      "05425019201913"
    ],
    "topCategoryName": "Wijn",
    "topCategoryId": "421",
    "businessDomain": "RETAIL_BE",
    "IsPrivateLabel": false,
    "IsBiffe": false,
    "WeightconversionFactor": "0",
    "IsWeightArticle": false,
    "nutriscoreLabel": "E",
    "IsBio": false,
    "CountryOfOrigin": "BELGIË",
    "IsExclusivelySoldInLuxembourg": false,
    "OrderUnit": "P",
    "ShortName": "SMURF PARTY BUBBELS75CL",
    "InSeason": true,
    "IsNew": false,
    "RecentQuanityOfStockUnits": "1,6",
    "LongName": "ZAGAZOE Smurfen Party Bubbles 75cl",
    "AlcoholVolume": "0",
    "StartSeasonDate": "25/05/2016",
    "FicCode": "E"
  },
  {
    "productId": "418781",
    "technicalArticleNumber": "3942159",
    "commercialArticleNumber": "1512",
    "name": "Vaugelas AOP Languedoc Wit",
    "description": "Frans wit\nwijn vol rijpe vruchten\nfris, fluwelig kruidig en\nverleidelijk uit Zuid-Frankrijk\nIdeaal bij gevogelte in saus, vis",
    "thumbNail": "https://static.colruytgroup.com/images/200x200/std.lang.all/93/26/asset-2809326.jpg",
    "fullImage": "https://static.colruytgroup.com/images/500x500/std.lang.all/93/26/asset-2809326.jpg",
    "squareImage": "https://static.colruytgroup.com/images/500x500sq/std.lang.all/93/26/asset-2809326.jpg",
    "content": "75cl",
    "walkRouteSequenceNumber": 156,
    "price": {
      "basicPrice": 6.49,
      "recommendedQuantity": "1.0",
      "measurementUnitPrice": 8.66,
      "measurementUnit": "L",
      "isRedPrice": false,
      "pricePerUOM": 8.66,
      "activationDate": "19-03-2024",
      "isPromoActive": "Y",
      "priceChangeCode": "H"
    },
    "isAvailable": true,
    "isPriceAvailable": true,
    "inPromo": true,
    "promotion": [
      {
        "techPromoId": "100938COLR",
        "promotionId": "100938",
        "promotionType": "4",
        "isPersonalized": "N",
        "publicationStartDate": "13-03-2024",
        "publicationEndDate": "26-03-2024"
      }
    ],
    "gtin": [
      "03443660011912",
      "03443660111919",
      "03443660006055"
    ],
    "topCategoryName": "Wijn",
    "topCategoryId": "421",
    "businessDomain": "RETAIL_BE",
    "IsPrivateLabel": false,
    "IsBiffe": false,
    "WeightconversionFactor": "0",
    "IsWeightArticle": false,
    "IsBio": false,
    "CountryOfOrigin": "FRANKRIJK",
    "IsExclusivelySoldInLuxembourg": false,
    "OrderUnit": "P",
    "ShortName": "VAUGELAS LANGUEDOC WIT",
    "IsNew": false,
    "RecentQuanityOfStockUnits": "6,1",
    "LongName": "Vaugelas AOP Languedoc Wit 75cl",
    "AlcoholVolume": "13.5",
    "FicCode": "E"
  },
  {
    "productId": "1014564",
    "technicalArticleNumber": "4787491",
    "commercialArticleNumber": "33368",
    "name": "Veneto IGT",
    "description": "ITALIE ROOD",
    "brand": "APPASSIMENTO",
    "seoBrand": "Appassimento",
    "thumbNail": "https://static.colruytgroup.com/images/200x200/std.lang.all/25/43/asset-3412543.jpg",
    "fullImage": "https://static.colruytgroup.com/images/500x500/std.lang.all/25/43/asset-3412543.jpg",
    "squareImage": "https://static.colruytgroup.com/images/500x500sq/std.lang.all/25/43/asset-3412543.jpg",
    "content": "75cl",
    "walkRouteSequenceNumber": 322,
    "price": {
      "basicPrice": 7.95,
      "recommendedQuantity": "1.0",
      "quantityPrice": 7.63,
      "quantityPriceQuantity": "6.0",
      "measurementUnitPrice": 10.6,
      "measurementUnitQuantityPrice": 10.18,
      "measurementUnit": "L",
      "isRedPrice": false,
      "pricePerUOM": 10.6,
      "activationDate": "13-03-2024",
      "isPromoActive": "N",
      "priceChangeCode": "E",
      "quantityPricePerUOM": 10.18,
      "quantityActivationDate": "13-03-2024",
      "quantityPriceChangeCode": "E"
    },
    "isAvailable": true,
    "isPriceAvailable": true,
    "inPromo": false,
    "gtin": [
      "08002053055961",
      "08002053035925"
    ],
    "topCategoryName": "Wijn",
    "topCategoryId": "421",
    "businessDomain": "RETAIL_BE",
    "IsPrivateLabel": false,
    "IsBiffe": false,
    "WeightconversionFactor": "0",
    "IsWeightArticle": false,
    "IsBio": false,
    "CountryOfOrigin": "ITALIË",
    "IsExclusivelySoldInLuxembourg": false,
    "OrderUnit": "P",
    "ShortName": "APPASSI.ROSSO VENET75CL",
    "IsNew": true,
    "RecentQuanityOfStockUnits": "6,1",
    "LongName": "APPASSIMENTO Veneto IGT 75cl",
    "AlcoholVolume": "14",
    "FicCode": "E"
  },
  {
    "productId": "51914",
    "technicalArticleNumber": "2252641",
    "commercialArticleNumber": "4435",
    "name": "Animus Douro DOC Portugalrood",
    "description": "PORTUGAL ROOD\nDiepe donkere kleur, rijp rood fruit\nin de neus. Vol en soepel in de mond.\nVrij lange afdronk. Geschikt bij rood\nvlees, BBQ, eend,pasta etc...",
    "thumbNail": "https://static.colruytgroup.com/images/200x200/std.lang.all/86/93/asset-3268693.jpg",
    "fullImage": "https://static.colruytgroup.com/images/500x500/std.lang.all/86/93/asset-3268693.jpg",
    "squareImage": "https://static.colruytgroup.com/images/500x500sq/std.lang.all/86/93/asset-3268693.jpg",
    "content": "75cl",
    "walkRouteSequenceNumber": 404,
    "price": {
      "basicPrice": 4.99,
      "recommendedQuantity": "1.0",
      "measurementUnitPrice": 6.66,
      "measurementUnit": "L",
      "isRedPrice": false,
      "pricePerUOM": 6.66,
      "activationDate": "20-03-2024",
      "recordSource": "Online",
      "isPromoActive": "N",
      "priceChangeCode": "H"
    },
    "isAvailable": true,
    "isPriceAvailable": true,
    "inPromo": false,
    "gtin": [
      "05601815421216",
      "65601815421225",
      "05601815421223"
    ],
    "topCategoryName": "Wijn",
    "topCategoryId": "421",
    "businessDomain": "RETAIL_BE",
    "IsPrivateLabel": false,
    "IsBiffe": false,
    "WeightconversionFactor": "0",
    "IsWeightArticle": false,
    "IsBio": false,
    "CountryOfOrigin": "PORTUGAL",
    "IsExclusivelySoldInLuxembourg": false,
    "OrderUnit": "P",
    "ShortName": "ANIMUS DOURO",
    "IsNew": false,
    "RecentQuanityOfStockUnits": "6,1,6",
    "LongName": "Animus Douro DOC Portugalrood 75cl",
    "AlcoholVolume": "13.5",
    "FicCode": "E"
  },
  {
    "productId": "335034",
    "technicalArticleNumber": "3799224",
    "commercialArticleNumber": "12795",
    "name": "Bergerac Domaine de la Grande Vigne",
    "thumbNail": "https://static.colruytgroup.com/images/200x200/std.lang.all/61/46/asset-2296146.jpg",
    "fullImage": "https://static.colruytgroup.com/images/500x500/std.lang.all/61/46/asset-2296146.jpg",
    "squareImage": "https://static.colruytgroup.com/images/500x500sq/std.lang.all/61/46/asset-2296146.jpg",
    "content": "75cl",
    "walkRouteSequenceNumber": 190,
    "price": {
      "basicPrice": 4.15,
      "recommendedQuantity": "1.0",
      "measurementUnitPrice": 5.54,
      "measurementUnit": "L",
      "isRedPrice": false,
      "pricePerUOM": 5.54,
      "activationDate": "13-03-2024",
      "recordSource": "Folder",
      "isPromoActive": "N",
      "priceChangeCode": "E"
    },
    "isAvailable": true,
    "isPriceAvailable": true,
    "inPromo": false,
    "gtin": [
      "03760195790328",
      "03760195790311"
    ],
    "topCategoryName": "Wijn",
    "topCategoryId": "421",
    "businessDomain": "RETAIL_BE",
    "IsPrivateLabel": false,
    "IsBiffe": false,
    "WeightconversionFactor": "0",
    "IsWeightArticle": false,
    "IsBio": false,
    "CountryOfOrigin": "FRANKRIJK",
    "IsExclusivelySoldInLuxembourg": false,
    "OrderUnit": "P",
    "ShortName": "BERGERAC DOM GR VIGNE",
    "IsNew": false,
    "RecentQuanityOfStockUnits": "6,1",
    "LongName": "Bergerac Domaine de la Grande Vigne 75cl",
    "AlcoholVolume": "14.5",
    "FicCode": "E"
  },
  {
    "productId": "14480",
    "technicalArticleNumber": "1575686",
    "commercialArticleNumber": "17216",
    "name": "Rose d'Anjou Elysis",
    "description": "FRANKRIJK HALFZOET ROSE\nFruitige en bloemige aroma's.\nZacht, royaal en sappig. Aanrader\nbij aperitief, koude schotels, lichte\nvleesgerechten en Oosterse keuken.",
    "thumbNail": "https://static.colruytgroup.com/images/200x200/std.lang.all/99/22/asset-569922.jpg",
    "fullImage": "https://static.colruytgroup.com/images/500x500/std.lang.all/99/22/asset-569922.jpg",
    "squareImage": "https://static.colruytgroup.com/images/500x500sq/std.lang.all/99/22/asset-569922.jpg",
    "content": "75cl",
    "walkRouteSequenceNumber": 506,
    "price": {
      "basicPrice": 5.99,
      "recommendedQuantity": "1.0",
      "quantityPrice": 5.75,
      "quantityPriceQuantity": "6.0",
      "measurementUnitPrice": 7.99,
      "measurementUnitQuantityPrice": 7.67,
      "measurementUnit": "L",
      "isRedPrice": false,
      "pricePerUOM": 7.99,
      "activationDate": "17-02-2024",
      "isPromoActive": "N",
      "priceChangeCode": "E",
      "quantityPricePerUOM": 7.67,
      "quantityActivationDate": "17-02-2024",
      "quantityPriceChangeCode": "E"
    },
    "isAvailable": true,
    "isPriceAvailable": true,
    "inPromo": false,
    "gtin": [
      "03507110013137",
      "03507110014691"
    ],
    "topCategoryName": "Wijn",
    "topCategoryId": "421",
    "businessDomain": "RETAIL_BE",
    "IsPrivateLabel": false,
    "IsBiffe": false,
    "WeightconversionFactor": "0",
    "IsWeightArticle": false,
    "IsBio": false,
    "CountryOfOrigin": "FRANKRIJK",
    "IsExclusivelySoldInLuxembourg": false,
    "OrderUnit": "P",
    "ShortName": "ROSE ANJOU ELYSIS",
    "IsNew": false,
    "EcoscoreLabel": "C",
    "RecentQuanityOfStockUnits": "6,1",
    "LongName": "Rose d'Anjou Elysis 75cl",
    "AlcoholVolume": "10.5",
    "FicCode": "E",
    "EcoscoreValue": "59"
  },
  {
    "productId": "225033",
    "technicalArticleNumber": "3558176",
    "commercialArticleNumber": "16459",
    "name": "champagne brut",
    "description": "Champagne op basis van Pinot Noir &\nPinot Meunier, met een kleine toets\nvan Chardonnay die voor elegantie\nzorgt. Ideaal bij het aperitief en met\nvis en zeevruchten hapjes",
    "brand": "COMTESSE DE GRAMONT",
    "seoBrand": "Comtesse De Gramont",
    "thumbNail": "https://static.colruytgroup.com/images/200x200/std.lang.all/67/18/asset-2976718.jpg",
    "fullImage": "https://static.colruytgroup.com/images/500x500/std.lang.all/67/18/asset-2976718.jpg",
    "squareImage": "https://static.colruytgroup.com/images/500x500sq/std.lang.all/67/18/asset-2976718.jpg",
    "content": "75cl",
    "walkRouteSequenceNumber": 437,
    "price": {
      "basicPrice": 16.99,
      "recommendedQuantity": "1.0",
      "quantityPrice": 15.98,
      "quantityPriceQuantity": "2.0",
      "measurementUnitPrice": 22.66,
      "measurementUnitQuantityPrice": 21.31,
      "measurementUnit": "L",
      "isRedPrice": false,
      "pricePerUOM": 22.66,
      "activationDate": "23-03-2024",
      "recordSource": "Offline",
      "isPromoActive": "N",
      "priceChangeCode": "E",
      "quantityPricePerUOM": 21.31,
      "quantityActivationDate": "23-03-2024",
      "quantityPriceChangeCode": "E"
    },
    "isAvailable": true,
    "isPriceAvailable": true,
    "inPromo": false,
    "gtin": [
      "03287115100116",
      "03287115101168"
    ],
    "topCategoryName": "Wijn",
    "topCategoryId": "421",
    "businessDomain": "RETAIL_BE",
    "IsPrivateLabel": false,
    "IsBiffe": false,
    "WeightconversionFactor": "0",
    "IsWeightArticle": false,
    "IsBio": false,
    "CountryOfOrigin": "FRANKRIJK",
    "IsExclusivelySoldInLuxembourg": false,
    "OrderUnit": "P",
    "ShortName": "COMTESSE G.CHAMP.BRUT75",
    "IsNew": false,
    "RecentQuanityOfStockUnits": "1,6",
    "LongName": "COMTESSE DE GRAMONT champagne brut 75cl",
    "AlcoholVolume": "12",
    "FicCode": "E"
  },
  {
    "productId": "859600",
    "technicalArticleNumber": "4708682",
    "commercialArticleNumber": "31645",
    "name": "Aigle Noir Chardonnay IGP d'Oc Bio",
    "description": "IGP PAYS D'OC BIO\nChardonnay met een heel frisse neus,\nintense aroma's, toetsen van ananas en\ntoast. Ideaal met schaaldieren, vis in\nsaus, als aperitief.",
    "thumbNail": "https://static.colruytgroup.com/images/200x200/std.lang.all/18/93/asset-3261893.jpg",
    "fullImage": "https://static.colruytgroup.com/images/500x500/std.lang.all/18/93/asset-3261893.jpg",
    "squareImage": "https://static.colruytgroup.com/images/500x500sq/std.lang.all/18/93/asset-3261893.jpg",
    "content": "75cl",
    "walkRouteSequenceNumber": 155,
    "price": {
      "basicPrice": 7.69,
      "recommendedQuantity": "1.0",
      "measurementUnitPrice": 10.26,
      "measurementUnit": "L",
      "isRedPrice": false,
      "pricePerUOM": 10.26,
      "activationDate": "15-11-2023",
      "isPromoActive": "N",
      "priceChangeCode": "E"
    },
    "isAvailable": true,
    "isPriceAvailable": true,
    "inPromo": false,
    "gtin": [
      "03514123339338",
      "03514123129069"
    ],
    "topCategoryName": "Wijn",
    "topCategoryId": "421",
    "businessDomain": "RETAIL_BE",
    "IsPrivateLabel": false,
    "IsBiffe": false,
    "WeightconversionFactor": "0",
    "IsWeightArticle": false,
    "IsBio": true,
    "CountryOfOrigin": "FRANKRIJK",
    "IsExclusivelySoldInLuxembourg": false,
    "OrderUnit": "P",
    "ShortName": "AIG.NOIR CHAR.OC BIO75C",
    "IsNew": false,
    "RecentQuanityOfStockUnits": "1,6",
    "LongName": "Aigle Noir Chardonnay IGP d'Oc Bio 75cl",
    "AlcoholVolume": "13",
    "FicCode": "E"
  },
  {
    "productId": "1164",
    "technicalArticleNumber": "17801",
    "commercialArticleNumber": "17801",
    "name": "Degré Zéro Perzik",
    "description": "Cider met zachte perzikensmaak\nwaaruit de alcohol werd verwijderd.",
    "brand": "STASSEN",
    "seoBrand": "Stassen",
    "thumbNail": "https://static.colruytgroup.com/images/200x200/std.lang.all/93/52/asset-2999352.jpg",
    "fullImage": "https://static.colruytgroup.com/images/500x500/std.lang.all/93/52/asset-2999352.jpg",
    "squareImage": "https://static.colruytgroup.com/images/500x500sq/std.lang.all/93/52/asset-2999352.jpg",
    "content": "75cl",
    "walkRouteSequenceNumber": 558,
    "price": {
      "basicPrice": 3.99,
      "recommendedQuantity": "1.0",
      "measurementUnitPrice": 5.32,
      "measurementUnit": "L",
      "isRedPrice": false,
      "pricePerUOM": 5.32,
      "activationDate": "14-02-2024",
      "recordSource": "Offline",
      "isPromoActive": "N",
      "priceChangeCode": "E"
    },
    "isAvailable": true,
    "isPriceAvailable": true,
    "inPromo": false,
    "gtin": [
      "05411718153004",
      "05411718153066"
    ],
    "topCategoryName": "Wijn",
    "topCategoryId": "421",
    "businessDomain": "RETAIL_BE",
    "IsPrivateLabel": false,
    "IsBiffe": false,
    "WeightconversionFactor": "0",
    "IsWeightArticle": false,
    "nutriscoreLabel": "D",
    "IsBio": false,
    "CountryOfOrigin": "BELGIË",
    "IsExclusivelySoldInLuxembourg": false,
    "OrderUnit": "P",
    "ShortName": "STASSEN ZERO PECHE75CL",
    "IsNew": false,
    "EcoscoreLabel": "B",
    "RecentQuanityOfStockUnits": "1,6",
    "LongName": "STASSEN Degré Zéro Perzik 75cl",
    "AlcoholVolume": "0",
    "FicCode": "E",
    "EcoscoreValue": "66"
  },
  {
    "productId": "53178",
    "technicalArticleNumber": "2185696",
    "commercialArticleNumber": "17406",
    "name": "Michel Torino Malbec Reserva",
    "description": "ARGENTINIE ROOD\nGemaakt uit de beste Malbec-druiven\nGerijpt op eiken vaten.Complexe,rijke\nelegante wijn met toetsen zwart fruit\nBij rood vlees,wild, barbeque.",
    "thumbNail": "https://static.colruytgroup.com/images/200x200/std.lang.all/39/92/asset-773992.jpg",
    "fullImage": "https://static.colruytgroup.com/images/500x500/std.lang.all/39/92/asset-773992.jpg",
    "squareImage": "https://static.colruytgroup.com/images/500x500sq/std.lang.all/39/92/asset-773992.jpg",
    "content": "75cl",
    "walkRouteSequenceNumber": 497,
    "price": {
      "basicPrice": 6.99,
      "recommendedQuantity": "1.0",
      "measurementUnitPrice": 9.32,
      "measurementUnit": "L",
      "isRedPrice": true,
      "redPriceReason": "Promo",
      "referencePrice": 7.99,
      "retentionPeriod": 30,
      "pricePerUOM": 9.32,
      "activationDate": "22-03-2024",
      "isPromoActive": "Y",
      "priceChangeCode": "E"
    },
    "isAvailable": true,
    "isPriceAvailable": true,
    "inPromo": false,
    "gtin": [
      "07790189000177",
      "07790189140729",
      "07790189040722"
    ],
    "topCategoryName": "Wijn",
    "topCategoryId": "421",
    "businessDomain": "RETAIL_BE",
    "IsPrivateLabel": false,
    "IsBiffe": false,
    "WeightconversionFactor": "0",
    "IsWeightArticle": false,
    "IsBio": false,
    "CountryOfOrigin": "ARGENTINIË",
    "IsExclusivelySoldInLuxembourg": false,
    "OrderUnit": "P",
    "ShortName": "M.TORINO MALBEC RES",
    "IsNew": false,
    "EcoscoreLabel": "D",
    "RecentQuanityOfStockUnits": "6,1",
    "LongName": "Michel Torino Malbec Reserva 75cl",
    "AlcoholVolume": "14",
    "FicCode": "E",
    "EcoscoreValue": "36"
  },
  {
    "productId": "299655",
    "technicalArticleNumber": "3720701",
    "commercialArticleNumber": "12013",
    "name": "Mud House sauvignon blanc NZ",
    "description": "NIEUW-ZEELAND\nFris, exotisch, goyave, passievrucht,\nbuxus. Ideaal bij vis, sla met geiten-\nkaas. Kan tot 2 jaar bewaren",
    "thumbNail": "https://static.colruytgroup.com/images/200x200/std.lang.all/66/58/asset-3316658.jpg",
    "fullImage": "https://static.colruytgroup.com/images/500x500/std.lang.all/66/58/asset-3316658.jpg",
    "squareImage": "https://static.colruytgroup.com/images/500x500sq/std.lang.all/66/58/asset-3316658.jpg",
    "content": "75cl",
    "walkRouteSequenceNumber": 350,
    "price": {
      "basicPrice": 7.99,
      "recommendedQuantity": "1.0",
      "quantityPrice": 6.74,
      "quantityPriceQuantity": "2.0",
      "measurementUnitPrice": 10.66,
      "measurementUnitQuantityPrice": 8.99,
      "measurementUnit": "L",
      "isRedPrice": false,
      "pricePerUOM": 10.66,
      "activationDate": "19-03-2024",
      "recordSource": "Offline",
      "isPromoActive": "N",
      "priceChangeCode": "H",
      "quantityPricePerUOM": 8.99,
      "quantityActivationDate": "19-03-2024",
      "quantityPriceChangeCode": "L"
    },
    "isAvailable": true,
    "isPriceAvailable": true,
    "inPromo": false,
    "gtin": [
      "05010134014298",
      "05010134912310"
    ],
    "topCategoryName": "Wijn",
    "topCategoryId": "421",
    "businessDomain": "RETAIL_BE",
    "IsPrivateLabel": false,
    "IsBiffe": false,
    "WeightconversionFactor": "0",
    "IsWeightArticle": false,
    "IsBio": false,
    "CountryOfOrigin": "BELGIË",
    "IsExclusivelySoldInLuxembourg": false,
    "OrderUnit": "P",
    "ShortName": "MUD HOUSE SAUV.BLANCNZ",
    "IsNew": false,
    "RecentQuanityOfStockUnits": "1,6",
    "LongName": "Mud House sauvignon blanc NZ 75cl",
    "AlcoholVolume": "12.5",
    "FicCode": "E"
  },
  {
    "productId": "271439",
    "technicalArticleNumber": "3632008",
    "commercialArticleNumber": "19722",
    "name": "Granbeau Gde Cuv.Rosé IGP Pays d'Oc",
    "description": "Frankrijk, IGP Pays D'Oc\nOp basis van Cinsault en Syrah. Fris,\nfruitig en modern met een spicy finale",
    "thumbNail": "https://static.colruytgroup.com/images/200x200/std.lang.all/86/52/asset-3018652.jpg",
    "fullImage": "https://static.colruytgroup.com/images/500x500/std.lang.all/86/52/asset-3018652.jpg",
    "squareImage": "https://static.colruytgroup.com/images/500x500sq/std.lang.all/86/52/asset-3018652.jpg",
    "content": "75cl",
    "walkRouteSequenceNumber": 446,
    "price": {
      "basicPrice": 5.79,
      "recommendedQuantity": "1.0",
      "quantityPrice": 5.56,
      "quantityPriceQuantity": "6.0",
      "measurementUnitPrice": 7.72,
      "measurementUnitQuantityPrice": 7.42,
      "measurementUnit": "L",
      "isRedPrice": false,
      "pricePerUOM": 7.72,
      "activationDate": "17-02-2024",
      "isPromoActive": "N",
      "priceChangeCode": "E",
      "quantityPricePerUOM": 7.42,
      "quantityActivationDate": "17-02-2024",
      "quantityPriceChangeCode": "E"
    },
    "isAvailable": true,
    "isPriceAvailable": true,
    "inPromo": false,
    "gtin": [
      "03700619312897",
      "03700619312903"
    ],
    "topCategoryName": "Wijn",
    "topCategoryId": "421",
    "businessDomain": "RETAIL_BE",
    "IsPrivateLabel": false,
    "IsBiffe": false,
    "WeightconversionFactor": "0",
    "IsWeightArticle": false,
    "IsBio": false,
    "CountryOfOrigin": "FRANKRIJK",
    "IsExclusivelySoldInLuxembourg": false,
    "OrderUnit": "P",
    "ShortName": "GRANBEAU ROSE 75CL",
    "InSeason": true,
    "IsNew": false,
    "EcoscoreLabel": "D",
    "RecentQuanityOfStockUnits": "6,1",
    "LongName": "Granbeau Gde Cuv.Rosé IGP Pays d'Oc 75cl",
    "AlcoholVolume": "12.5",
    "StartSeasonDate": "30/01/2023",
    "FicCode": "E",
    "EcoscoreValue": "25"
  },
  {
    "productId": "1222",
    "technicalArticleNumber": "17419",
    "commercialArticleNumber": "17419",
    "name": "Ch Lalande cuvée Chênes Monbazillac",
    "description": "FRANKRIJK MONBAZILLAC LIQUOREUX WIT\nZeer aangenaam, fijn en lang in de\nmond. Koel serveren als aperitief,\nbij nagerechten, ganzenlever, enz. Kan\n5 jaar en langer worden bewaard.",
    "thumbNail": "https://static.colruytgroup.com/images/200x200/std.lang.all/39/57/asset-1023957.jpg",
    "fullImage": "https://static.colruytgroup.com/images/500x500/std.lang.all/39/57/asset-1023957.jpg",
    "squareImage": "https://static.colruytgroup.com/images/500x500sq/std.lang.all/39/57/asset-1023957.jpg",
    "content": "75cl",
    "walkRouteSequenceNumber": 127,
    "price": {
      "basicPrice": 8.99,
      "recommendedQuantity": "1.0",
      "quantityPrice": 8.63,
      "quantityPriceQuantity": "6.0",
      "measurementUnitPrice": 11.99,
      "measurementUnitQuantityPrice": 11.51,
      "measurementUnit": "L",
      "isRedPrice": false,
      "pricePerUOM": 11.99,
      "activationDate": "13-12-2023",
      "isPromoActive": "N",
      "priceChangeCode": "H",
      "quantityPricePerUOM": 11.51,
      "quantityActivationDate": "13-12-2023",
      "quantityPriceChangeCode": "E"
    },
    "isAvailable": true,
    "isPriceAvailable": true,
    "inPromo": false,
    "gtin": [
      "03475371061238",
      "03475371062174",
      "03475371062280",
      "03700898210938",
      "03700898220937"
    ],
    "topCategoryName": "Wijn",
    "topCategoryId": "421",
    "businessDomain": "RETAIL_BE",
    "IsPrivateLabel": false,
    "IsBiffe": false,
    "WeightconversionFactor": "0",
    "IsWeightArticle": false,
    "IsBio": false,
    "CountryOfOrigin": "FRANKRIJK",
    "IsExclusivelySoldInLuxembourg": false,
    "OrderUnit": "P",
    "ShortName": "MONBAZILLAC LES CHENES",
    "IsNew": false,
    "RecentQuanityOfStockUnits": "1,6",
    "LongName": "Ch Lalande cuvée Chênes Monbazillac 75cl",
    "AlcoholVolume": "14",
    "FicCode": "E"
  },
  {
    "productId": "312877",
    "technicalArticleNumber": "3743803",
    "commercialArticleNumber": "12168",
    "name": "Puglia Rosato Negro Amaro BIB",
    "description": "ITALIE ROSE\nKrachtige, ronde smaak, met veel rood\nfruit en kruiden. Ideaal bij barbeque,\ngegrild vlees.",
    "thumbNail": "https://static.colruytgroup.com/images/200x200/std.lang.all/58/30/asset-1535830.jpg",
    "fullImage": "https://static.colruytgroup.com/images/500x500/std.lang.all/58/30/asset-1535830.jpg",
    "squareImage": "https://static.colruytgroup.com/images/500x500sq/std.lang.all/58/30/asset-1535830.jpg",
    "content": "3L",
    "walkRouteSequenceNumber": 2,
    "price": {
      "basicPrice": 13.99,
      "recommendedQuantity": "1.0",
      "measurementUnitPrice": 4.67,
      "measurementUnit": "L",
      "isRedPrice": false,
      "pricePerUOM": 4.67,
      "activationDate": "17-11-2023",
      "isPromoActive": "N",
      "priceChangeCode": "H"
    },
    "isAvailable": true,
    "isPriceAvailable": true,
    "inPromo": false,
    "gtin": [
      "05400141101966"
    ],
    "topCategoryName": "Wijn",
    "topCategoryId": "421",
    "businessDomain": "RETAIL_BE",
    "IsPrivateLabel": false,
    "IsBiffe": false,
    "WeightconversionFactor": "0",
    "IsWeightArticle": false,
    "IsBio": false,
    "CountryOfOrigin": "ITALIË",
    "IsExclusivelySoldInLuxembourg": false,
    "OrderUnit": "P",
    "ShortName": "PUGLIA ROSATO BIB 3L",
    "IsNew": false,
    "EcoscoreLabel": "C",
    "RecentQuanityOfStockUnits": "1",
    "LongName": "Puglia Rosato Negro Amaro BIB 3L",
    "AlcoholVolume": "12",
    "FicCode": "I",
    "EcoscoreValue": "45"
  },
  {
    "productId": "159293",
    "technicalArticleNumber": "3288136",
    "commercialArticleNumber": "19656",
    "name": "Jardin Cigales Cinsault-Syrah Rosé",
    "description": "ZUID-FRANKRIJK ROSE. Rosé met bleke\nkleur. Van cinsault voor de zachtheid\nen het fruitige en syrah voor het\nkruidige. Zacht en fris tegelijk.\nAperitief, gevogelte, salades.",
    "thumbNail": "https://static.colruytgroup.com/images/200x200/std.lang.all/59/23/asset-605923.jpg",
    "fullImage": "https://static.colruytgroup.com/images/500x500/std.lang.all/59/23/asset-605923.jpg",
    "squareImage": "https://static.colruytgroup.com/images/500x500sq/std.lang.all/59/23/asset-605923.jpg",
    "content": "75cl",
    "walkRouteSequenceNumber": 491,
    "price": {
      "basicPrice": 5.95,
      "recommendedQuantity": "1.0",
      "measurementUnitPrice": 7.94,
      "measurementUnit": "L",
      "isRedPrice": false,
      "pricePerUOM": 7.94,
      "activationDate": "02-03-2024",
      "isPromoActive": "N",
      "priceChangeCode": "H"
    },
    "isAvailable": true,
    "isPriceAvailable": true,
    "inPromo": false,
    "gtin": [
      "03514123107197",
      "03514123314335"
    ],
    "topCategoryName": "Wijn",
    "topCategoryId": "421",
    "businessDomain": "RETAIL_BE",
    "IsPrivateLabel": false,
    "IsBiffe": false,
    "WeightconversionFactor": "0",
    "IsWeightArticle": false,
    "IsBio": false,
    "CountryOfOrigin": "FRANKRIJK",
    "IsExclusivelySoldInLuxembourg": false,
    "OrderUnit": "P",
    "ShortName": "JARDIN CIGALES ROSE",
    "InSeason": true,
    "IsNew": false,
    "EcoscoreLabel": "D",
    "RecentQuanityOfStockUnits": "6,1",
    "LongName": "Jardin Cigales Cinsault-Syrah Rosé 75cl",
    "AlcoholVolume": "12.5",
    "StartSeasonDate": "17/12/2020",
    "FicCode": "E",
    "EcoscoreValue": "25"
  },
  {
    "productId": "46795",
    "technicalArticleNumber": "2546837",
    "commercialArticleNumber": "24414",
    "name": "Dama de Toro barrel aged",
    "description": "SPANJE TORO ROOD. Sappige en vlezige\nwijn uit midden Spanje, gemaakt van de\ntempranillodruif. Lichte houtige aro-\nma's. Krachtig, fijn. Drinkklaar.\nKan tot 4 à 5 jaar bewaren.",
    "thumbNail": "https://static.colruytgroup.com/images/200x200/std.lang.all/46/78/asset-1954678.jpg",
    "fullImage": "https://static.colruytgroup.com/images/500x500/std.lang.all/46/78/asset-1954678.jpg",
    "squareImage": "https://static.colruytgroup.com/images/500x500sq/std.lang.all/46/78/asset-1954678.jpg",
    "content": "75cl",
    "walkRouteSequenceNumber": 396,
    "price": {
      "basicPrice": 5.69,
      "recommendedQuantity": "1.0",
      "measurementUnitPrice": 7.59,
      "measurementUnit": "L",
      "isRedPrice": true,
      "redPriceReason": "Promo",
      "referencePrice": 6.95,
      "retentionPeriod": 30,
      "pricePerUOM": 7.59,
      "activationDate": "09-03-2024",
      "isPromoActive": "Y",
      "priceChangeCode": "L"
    },
    "isAvailable": true,
    "isPriceAvailable": true,
    "inPromo": false,
    "gtin": [
      "68414318901616",
      "08414318901614",
      "08414318901263"
    ],
    "topCategoryName": "Wijn",
    "topCategoryId": "421",
    "businessDomain": "RETAIL_BE",
    "IsPrivateLabel": false,
    "IsBiffe": false,
    "WeightconversionFactor": "0",
    "IsWeightArticle": false,
    "IsBio": false,
    "CountryOfOrigin": "SPANJE",
    "IsExclusivelySoldInLuxembourg": false,
    "OrderUnit": "P",
    "ShortName": "DAMA DE TORO",
    "IsNew": false,
    "RecentQuanityOfStockUnits": "1,6",
    "LongName": "Dama de Toro barrel aged 75cl",
    "AlcoholVolume": "13.5",
    "FicCode": "E"
  },
  {
    "productId": "1250",
    "technicalArticleNumber": "17658",
    "commercialArticleNumber": "17658",
    "name": "Gewurztraminer Alsace Tradition",
    "description": "FRANKRIJK ALSACE FRUITIG WIT\nGecorseerde wijn. Prachtig en subtiel\nboeket. Schenken bij gekruide\ngerechten, Munsterkaas of als\naperitief. Fris serveren.",
    "thumbNail": "https://static.colruytgroup.com/images/200x200/std.lang.all/29/23/asset-3232923.jpg",
    "fullImage": "https://static.colruytgroup.com/images/500x500/std.lang.all/29/23/asset-3232923.jpg",
    "squareImage": "https://static.colruytgroup.com/images/500x500sq/std.lang.all/29/23/asset-3232923.jpg",
    "content": "75cl",
    "walkRouteSequenceNumber": 225,
    "price": {
      "basicPrice": 7.49,
      "recommendedQuantity": "1.0",
      "measurementUnitPrice": 9.99,
      "measurementUnit": "L",
      "isRedPrice": false,
      "pricePerUOM": 9.99,
      "activationDate": "18-03-2024",
      "recordSource": "Offline",
      "isPromoActive": "N",
      "priceChangeCode": "E"
    },
    "isAvailable": true,
    "isPriceAvailable": true,
    "inPromo": false,
    "gtin": [
      "03225828000040",
      "03225820045193",
      "03225820045209"
    ],
    "topCategoryName": "Wijn",
    "topCategoryId": "421",
    "businessDomain": "RETAIL_BE",
    "IsPrivateLabel": false,
    "IsBiffe": false,
    "WeightconversionFactor": "0",
    "IsWeightArticle": false,
    "IsBio": false,
    "CountryOfOrigin": "FRANKRIJK",
    "IsExclusivelySoldInLuxembourg": false,
    "OrderUnit": "P",
    "ShortName": "GEWURZTRAMINER TRADITIO",
    "IsNew": false,
    "EcoscoreLabel": "C",
    "RecentQuanityOfStockUnits": "1,6",
    "LongName": "Gewurztraminer Alsace Tradition 75cl",
    "AlcoholVolume": "13",
    "FicCode": "E",
    "EcoscoreValue": "50"
  },
  {
    "productId": "11780",
    "technicalArticleNumber": "1376468",
    "commercialArticleNumber": "17262",
    "name": "Le Sablou Bergerac wit droog",
    "description": "FRANKRIJK ZUIDWEST DROOG WIT\nZeer aangename, frisse en fruitige\nlandwijn, droog en karaktervol.\nJong en gekoeld serveren, bij smaak-\nvolle vis en voorgerechten.",
    "thumbNail": "https://static.colruytgroup.com/images/200x200/std.lang.all/64/13/asset-2446413.jpg",
    "fullImage": "https://static.colruytgroup.com/images/500x500/std.lang.all/64/13/asset-2446413.jpg",
    "squareImage": "https://static.colruytgroup.com/images/500x500sq/std.lang.all/64/13/asset-2446413.jpg",
    "content": "75cl",
    "walkRouteSequenceNumber": 173,
    "price": {
      "basicPrice": 3.99,
      "recommendedQuantity": "1.0",
      "measurementUnitPrice": 5.32,
      "measurementUnit": "L",
      "isRedPrice": false,
      "pricePerUOM": 5.32,
      "activationDate": "12-03-2024",
      "recordSource": "Offline",
      "isPromoActive": "N",
      "priceChangeCode": "E"
    },
    "isAvailable": true,
    "isPriceAvailable": true,
    "inPromo": false,
    "gtin": [
      "03700898220432",
      "03700898210433",
      "03579933021705"
    ],
    "topCategoryName": "Wijn",
    "topCategoryId": "421",
    "businessDomain": "RETAIL_BE",
    "IsPrivateLabel": false,
    "IsBiffe": false,
    "WeightconversionFactor": "0",
    "IsWeightArticle": false,
    "IsBio": false,
    "CountryOfOrigin": "FRANKRIJK",
    "IsExclusivelySoldInLuxembourg": false,
    "OrderUnit": "P",
    "ShortName": "LE SABLOU BERGERAC WIT",
    "IsNew": false,
    "RecentQuanityOfStockUnits": "6,1",
    "LongName": "Le Sablou Bergerac wit droog 75cl",
    "AlcoholVolume": "12.5",
    "FicCode": "E"
  },
  {
    "productId": "525489",
    "technicalArticleNumber": "4112477",
    "commercialArticleNumber": "8826",
    "name": "Prosecco DOC brut R. Dal Bo Bio",
    "description": "BIO Prosecco Brut van een van de\nBio-specialisten sinds 20 jaar:\nRaphaël Dal Bo. Ideaal als aperitief\nof bij verfijnde dessertjes",
    "thumbNail": "https://static.colruytgroup.com/images/200x200/std.lang.all/75/09/asset-3217509.jpg",
    "fullImage": "https://static.colruytgroup.com/images/500x500/std.lang.all/75/09/asset-3217509.jpg",
    "squareImage": "https://static.colruytgroup.com/images/500x500sq/std.lang.all/75/09/asset-3217509.jpg",
    "content": "75cl",
    "walkRouteSequenceNumber": 689,
    "price": {
      "basicPrice": 9.29,
      "recommendedQuantity": "1.0",
      "measurementUnitPrice": 12.39,
      "measurementUnit": "L",
      "isRedPrice": false,
      "pricePerUOM": 12.39,
      "activationDate": "12-03-2024",
      "recordSource": "Folder",
      "isPromoActive": "N",
      "priceChangeCode": "L"
    },
    "isAvailable": true,
    "isPriceAvailable": true,
    "inPromo": false,
    "gtin": [
      "07640115910141",
      "07640115910509",
      "07640115910134",
      "07640115910493"
    ],
    "topCategoryName": "Wijn",
    "topCategoryId": "421",
    "businessDomain": "RETAIL_BE",
    "IsPrivateLabel": false,
    "IsBiffe": false,
    "WeightconversionFactor": "0",
    "IsWeightArticle": false,
    "IsBio": true,
    "CountryOfOrigin": "ITALIË",
    "IsExclusivelySoldInLuxembourg": false,
    "OrderUnit": "P",
    "ShortName": "PROSECCO BIO BRUT",
    "IsNew": false,
    "EcoscoreLabel": "D",
    "RecentQuanityOfStockUnits": "6,1",
    "LongName": "Prosecco DOC brut R. Dal Bo Bio 75cl",
    "AlcoholVolume": "11",
    "FicCode": "E",
    "EcoscoreValue": "23"
  },
  {
    "productId": "639157",
    "technicalArticleNumber": "4330966",
    "commercialArticleNumber": "11005",
    "name": "brut 8,5%",
    "description": "*Schuimwijn Spanje\n*Brut\n*8,5 % vol",
    "brand": "RECODA",
    "seoBrand": "Recoda",
    "thumbNail": "https://static.colruytgroup.com/images/200x200/std.lang.all/05/58/asset-2400558.jpg",
    "fullImage": "https://static.colruytgroup.com/images/500x500/std.lang.all/05/58/asset-2400558.jpg",
    "squareImage": "https://static.colruytgroup.com/images/500x500sq/std.lang.all/05/58/asset-2400558.jpg",
    "content": "75cl",
    "walkRouteSequenceNumber": 574,
    "price": {
      "basicPrice": 5.49,
      "recommendedQuantity": "1.0",
      "measurementUnitPrice": 7.32,
      "measurementUnit": "L",
      "isRedPrice": false,
      "pricePerUOM": 7.32,
      "activationDate": "02-02-2024",
      "recordSource": "Offline",
      "isPromoActive": "N",
      "priceChangeCode": "E"
    },
    "isAvailable": true,
    "isPriceAvailable": true,
    "inPromo": false,
    "gtin": [
      "08413216102611",
      "08413216202618"
    ],
    "topCategoryName": "Wijn",
    "topCategoryId": "421",
    "businessDomain": "RETAIL_BE",
    "IsPrivateLabel": false,
    "IsBiffe": false,
    "WeightconversionFactor": "0",
    "IsWeightArticle": false,
    "IsBio": false,
    "CountryOfOrigin": "SPANJE",
    "IsExclusivelySoldInLuxembourg": false,
    "OrderUnit": "P",
    "ShortName": "RECO BRUT 8.5% 75CL",
    "IsNew": false,
    "EcoscoreLabel": "C",
    "RecentQuanityOfStockUnits": "6,1",
    "LongName": "RECODA brut 8,5% 75cl",
    "AlcoholVolume": "8.5",
    "FicCode": "E",
    "EcoscoreValue": "46"
  },
  {
    "productId": "42095",
    "technicalArticleNumber": "2496011",
    "commercialArticleNumber": "7172",
    "name": "El Coto de Rioja rosé droog",
    "description": "SPANJE RIOJA ROSE DROOG\nLekker fruitige en droge rosé, soepel\nen toch krachtig. Koel serveren bij\nzomerse slaatjes, barbecue en paella.",
    "thumbNail": "https://static.colruytgroup.com/images/200x200/std.lang.all/92/40/asset-3429240.jpg",
    "fullImage": "https://static.colruytgroup.com/images/500x500/std.lang.all/92/40/asset-3429240.jpg",
    "squareImage": "https://static.colruytgroup.com/images/500x500sq/std.lang.all/92/40/asset-3429240.jpg",
    "content": "75cl",
    "walkRouteSequenceNumber": 453,
    "price": {
      "basicPrice": 5.75,
      "recommendedQuantity": "1.0",
      "measurementUnitPrice": 7.67,
      "measurementUnit": "L",
      "isRedPrice": false,
      "pricePerUOM": 7.67,
      "activationDate": "19-03-2024",
      "recordSource": "Offline",
      "isPromoActive": "N",
      "priceChangeCode": "E"
    },
    "isAvailable": true,
    "isPriceAvailable": true,
    "inPromo": false,
    "gtin": [
      "28410537701824",
      "08410537698229",
      "08410537700724",
      "08410537708225",
      "28410537691927",
      "28410537692023",
      "28410537692221",
      "28410537692122"
    ],
    "topCategoryName": "Wijn",
    "topCategoryId": "421",
    "businessDomain": "RETAIL_BE",
    "IsPrivateLabel": false,
    "IsBiffe": false,
    "WeightconversionFactor": "0",
    "IsWeightArticle": false,
    "IsBio": false,
    "CountryOfOrigin": "SPANJE",
    "IsExclusivelySoldInLuxembourg": false,
    "OrderUnit": "P",
    "ShortName": "EL COTO ROSADO",
    "IsNew": false,
    "EcoscoreLabel": "C",
    "RecentQuanityOfStockUnits": "6,1,6",
    "LongName": "El Coto de Rioja rosé droog 75cl",
    "AlcoholVolume": "13.5",
    "FicCode": "E",
    "EcoscoreValue": "51"
  },
  {
    "productId": "83215",
    "technicalArticleNumber": "2954520",
    "commercialArticleNumber": "6864",
    "name": "Hardys Nottage Hill Chardonnay",
    "description": "AUSTRALIE WIT\nZuid-Oost-Australië. 100% chardonnay.\nLekkere witte wijn. Smaakvol, fijn en\nfris. Delicate houttoets. Ideaal\nbij vis, wit vlees, vis. QCA",
    "thumbNail": "https://static.colruytgroup.com/images/200x200/std.lang.all/58/73/asset-2665873.jpg",
    "fullImage": "https://static.colruytgroup.com/images/500x500/std.lang.all/58/73/asset-2665873.jpg",
    "squareImage": "https://static.colruytgroup.com/images/500x500sq/std.lang.all/58/73/asset-2665873.jpg",
    "content": "75cl",
    "walkRouteSequenceNumber": 358,
    "price": {
      "basicPrice": 5.95,
      "recommendedQuantity": "1.0",
      "quantityPrice": 5.47,
      "quantityPriceQuantity": "6.0",
      "measurementUnitPrice": 7.94,
      "measurementUnitQuantityPrice": 7.3,
      "measurementUnit": "L",
      "isRedPrice": false,
      "pricePerUOM": 7.94,
      "activationDate": "14-03-2024",
      "isPromoActive": "N",
      "priceChangeCode": "H",
      "quantityPricePerUOM": 7.3,
      "quantityActivationDate": "14-03-2024",
      "quantityPriceChangeCode": "H"
    },
    "isAvailable": true,
    "isPriceAvailable": true,
    "inPromo": false,
    "gtin": [
      "05010186113123",
      "09311043039317"
    ],
    "topCategoryName": "Wijn",
    "topCategoryId": "421",
    "businessDomain": "RETAIL_BE",
    "IsPrivateLabel": false,
    "IsBiffe": false,
    "WeightconversionFactor": "0",
    "IsWeightArticle": false,
    "IsBio": false,
    "CountryOfOrigin": "AUSTRALIË",
    "IsExclusivelySoldInLuxembourg": false,
    "OrderUnit": "P",
    "ShortName": "NOTTAGE HILL CHARDONNAY",
    "IsNew": false,
    "RecentQuanityOfStockUnits": "1,6",
    "LongName": "Hardys Nottage Hill Chardonnay 75cl",
    "AlcoholVolume": "14",
    "FicCode": "E"
  },
  {
    "productId": "13137",
    "technicalArticleNumber": "1240541",
    "commercialArticleNumber": "17284",
    "name": "Viré-Clessé Vieilles vignes",
    "description": "FRANKRIJK BOURGOGNE DROOG WIT\nLicht goudgele kleur. Bekorende aro-\nma's van exotisch en citrus fruit.\nMooie frisse en fruitige toetsen met\ngerookte toets. Vis,gerookte zalm.QAA",
    "thumbNail": "https://static.colruytgroup.com/images/200x200/std.lang.all/36/50/asset-1403650.jpg",
    "fullImage": "https://static.colruytgroup.com/images/500x500/std.lang.all/36/50/asset-1403650.jpg",
    "squareImage": "https://static.colruytgroup.com/images/500x500sq/std.lang.all/36/50/asset-1403650.jpg",
    "content": "75cl",
    "walkRouteSequenceNumber": 130,
    "price": {
      "basicPrice": 8.99,
      "recommendedQuantity": "1.0",
      "measurementUnitPrice": 11.99,
      "measurementUnit": "L",
      "isRedPrice": false,
      "pricePerUOM": 11.99,
      "activationDate": "05-01-2024",
      "recordSource": "Offline",
      "isPromoActive": "N",
      "priceChangeCode": "H"
    },
    "isAvailable": true,
    "isPriceAvailable": true,
    "inPromo": false,
    "gtin": [
      "03339990004932",
      "03339990004901",
      "03339990064905",
      "03339990004918"
    ],
    "topCategoryName": "Wijn",
    "topCategoryId": "421",
    "businessDomain": "RETAIL_BE",
    "IsPrivateLabel": false,
    "IsBiffe": false,
    "WeightconversionFactor": "0",
    "IsWeightArticle": false,
    "IsBio": false,
    "CountryOfOrigin": "FRANKRIJK",
    "IsExclusivelySoldInLuxembourg": false,
    "OrderUnit": "P",
    "ShortName": "VIRE-CLESSE VIEIL.VIGN",
    "IsNew": false,
    "EcoscoreLabel": "D",
    "RecentQuanityOfStockUnits": "1,6",
    "LongName": "Viré-Clessé Vieilles vignes 75cl",
    "AlcoholVolume": "13",
    "FicCode": "E",
    "EcoscoreValue": "23"
  },
  {
    "productId": "1248",
    "technicalArticleNumber": "17654",
    "commercialArticleNumber": "17654",
    "name": "Riesling Alsace Tradition",
    "description": "FRANKRIJK ALSACE DROOG WIT\nFijn boeket. Delicaat fruitige en\nlevendige raswijn. Heerlijk bij voor-\ngerechten, visschotels en zeevruchten\nFris, niet ijsgekoeld opdienen.",
    "thumbNail": "https://static.colruytgroup.com/images/200x200/std.lang.all/67/43/asset-1806743.jpg",
    "fullImage": "https://static.colruytgroup.com/images/500x500/std.lang.all/67/43/asset-1806743.jpg",
    "squareImage": "https://static.colruytgroup.com/images/500x500sq/std.lang.all/67/43/asset-1806743.jpg",
    "content": "75cl",
    "walkRouteSequenceNumber": 293,
    "price": {
      "basicPrice": 6.79,
      "recommendedQuantity": "1.0",
      "quantityPrice": 6.52,
      "quantityPriceQuantity": "6.0",
      "measurementUnitPrice": 9.06,
      "measurementUnitQuantityPrice": 8.7,
      "measurementUnit": "L",
      "isRedPrice": false,
      "pricePerUOM": 9.06,
      "activationDate": "07-03-2024",
      "recordSource": "Folder",
      "isPromoActive": "N",
      "priceChangeCode": "H",
      "quantityPricePerUOM": 8.7,
      "quantityActivationDate": "07-03-2024",
      "quantityPriceChangeCode": "L"
    },
    "isAvailable": true,
    "isPriceAvailable": true,
    "inPromo": false,
    "gtin": [
      "03225820045179",
      "03225820045186",
      "03225827000645"
    ],
    "topCategoryName": "Wijn",
    "topCategoryId": "421",
    "businessDomain": "RETAIL_BE",
    "IsPrivateLabel": false,
    "IsBiffe": false,
    "WeightconversionFactor": "0",
    "IsWeightArticle": false,
    "IsBio": false,
    "CountryOfOrigin": "FRANKRIJK",
    "IsExclusivelySoldInLuxembourg": false,
    "OrderUnit": "P",
    "ShortName": "RIESLING ALSACE TRADIT",
    "IsNew": false,
    "EcoscoreLabel": "C",
    "RecentQuanityOfStockUnits": "6,1",
    "LongName": "Riesling Alsace Tradition 75cl",
    "AlcoholVolume": "12",
    "FicCode": "E",
    "EcoscoreValue": "55"
  },
  {
    "productId": "68483",
    "technicalArticleNumber": "2827916",
    "commercialArticleNumber": "32161",
    "name": "witte wijn Chardonnay 0%",
    "description": "Deze Vintense is gemaakt van\nchardonnaywijn waar de alcohol\nvolledig uitgehaald is (= geen gewoon\ndruivensap). Een frisse alcoholvrije\nwijn voor bij vis en wit vlees.",
    "brand": "VINTENSE",
    "seoBrand": "Vintense",
    "thumbNail": "https://static.colruytgroup.com/images/200x200/std.lang.all/75/02/asset-1997502.jpg",
    "fullImage": "https://static.colruytgroup.com/images/500x500/std.lang.all/75/02/asset-1997502.jpg",
    "squareImage": "https://static.colruytgroup.com/images/500x500sq/std.lang.all/75/02/asset-1997502.jpg",
    "walkRouteSequenceNumber": 535,
    "price": {
      "basicPrice": 5.99,
      "recommendedQuantity": "1.0",
      "quantityPrice": 5.75,
      "quantityPriceQuantity": "6.0",
      "measurementUnitPrice": 7.99,
      "measurementUnitQuantityPrice": 7.67,
      "measurementUnit": "L",
      "isRedPrice": false,
      "pricePerUOM": 7.99,
      "activationDate": "06-03-2024",
      "recordSource": "Offline",
      "isPromoActive": "N",
      "priceChangeCode": "L",
      "quantityPricePerUOM": 7.67,
      "quantityActivationDate": "06-03-2024",
      "quantityPriceChangeCode": "L"
    },
    "isAvailable": true,
    "isPriceAvailable": true,
    "inPromo": false,
    "gtin": [
      "05415270200138",
      "05415270100285",
      "05411718907386",
      "05411718907379"
    ],
    "topCategoryName": "Wijn",
    "topCategoryId": "421",
    "businessDomain": "RETAIL_BE",
    "IsPrivateLabel": false,
    "IsBiffe": false,
    "WeightconversionFactor": "0",
    "IsWeightArticle": false,
    "nutriscoreLabel": "C",
    "IsBio": false,
    "CountryOfOrigin": "BELGIË",
    "IsExclusivelySoldInLuxembourg": false,
    "OrderUnit": "P",
    "ShortName": "VINT CHARDONNAY 0% 75CL",
    "IsNew": false,
    "EcoscoreLabel": "D",
    "RecentQuanityOfStockUnits": "1,6",
    "LongName": "VINTENSE witte wijn Chardonnay 0%",
    "AlcoholVolume": "0",
    "FicCode": "E",
    "EcoscoreValue": "23"
  },
  {
    "productId": "256446",
    "technicalArticleNumber": "3591525",
    "commercialArticleNumber": "11241",
    "name": "Gracioso Hugo on Ice",
    "description": "Gracioso Hugo On Ice\nMousserende cocktail op basis van\nwijn en vlierbes.\nTe schenken met ijs in uw glas.",
    "thumbNail": "https://static.colruytgroup.com/images/200x200/std.lang.all/14/20/asset-1521420.jpg",
    "fullImage": "https://static.colruytgroup.com/images/500x500/std.lang.all/14/20/asset-1521420.jpg",
    "squareImage": "https://static.colruytgroup.com/images/500x500sq/std.lang.all/14/20/asset-1521420.jpg",
    "content": "75cl",
    "walkRouteSequenceNumber": 675,
    "price": {
      "basicPrice": 4.49,
      "recommendedQuantity": "1.0",
      "quantityPrice": 4.13,
      "quantityPriceQuantity": "6.0",
      "measurementUnitPrice": 5.99,
      "measurementUnitQuantityPrice": 5.51,
      "measurementUnit": "L",
      "isRedPrice": false,
      "pricePerUOM": 5.99,
      "activationDate": "17-11-2023",
      "isPromoActive": "N",
      "priceChangeCode": "E",
      "quantityPricePerUOM": 5.51,
      "quantityActivationDate": "17-11-2023",
      "quantityPriceChangeCode": "E"
    },
    "isAvailable": true,
    "isPriceAvailable": true,
    "inPromo": false,
    "gtin": [
      "04002391308105",
      "04002391308112"
    ],
    "topCategoryName": "Wijn",
    "topCategoryId": "421",
    "businessDomain": "RETAIL_BE",
    "IsPrivateLabel": false,
    "IsBiffe": false,
    "WeightconversionFactor": "0",
    "IsWeightArticle": false,
    "IsBio": false,
    "CountryOfOrigin": "DUITSLAND",
    "IsExclusivelySoldInLuxembourg": false,
    "OrderUnit": "P",
    "ShortName": "RE GRACIOSO HUGO ON ICE",
    "IsNew": false,
    "RecentQuanityOfStockUnits": "6,1",
    "LongName": "Gracioso Hugo on Ice 75cl",
    "AlcoholVolume": "6.9",
    "FicCode": "E"
  },
  {
    "productId": "279629",
    "technicalArticleNumber": "3672852",
    "commercialArticleNumber": "41731",
    "name": "Sicilië rood Bio BIB",
    "description": "ITALIE ROOD\nRode Siciliaanse wijn. Biologisch.\nIntens fruitig en fijn gekruid.\nIdeaal bij BBQ en mediterrane keuken.",
    "thumbNail": "https://static.colruytgroup.com/images/200x200/std.lang.all/09/65/asset-3360965.jpg",
    "fullImage": "https://static.colruytgroup.com/images/500x500/std.lang.all/09/65/asset-3360965.jpg",
    "squareImage": "https://static.colruytgroup.com/images/500x500sq/std.lang.all/09/65/asset-3360965.jpg",
    "content": "3L",
    "walkRouteSequenceNumber": 66,
    "price": {
      "basicPrice": 13.65,
      "recommendedQuantity": "1.0",
      "quantityPrice": 13.1,
      "quantityPriceQuantity": "3.0",
      "measurementUnitPrice": 4.55,
      "measurementUnitQuantityPrice": 4.37,
      "measurementUnit": "L",
      "isRedPrice": false,
      "pricePerUOM": 4.55,
      "activationDate": "31-01-2024",
      "isPromoActive": "N",
      "priceChangeCode": "H",
      "quantityPricePerUOM": 4.37,
      "quantityActivationDate": "31-01-2024",
      "quantityPriceChangeCode": "H"
    },
    "isAvailable": true,
    "isPriceAvailable": true,
    "inPromo": false,
    "gtin": [
      "05400141030716"
    ],
    "topCategoryName": "Wijn",
    "topCategoryId": "421",
    "businessDomain": "RETAIL_BE",
    "IsPrivateLabel": false,
    "IsBiffe": false,
    "WeightconversionFactor": "0",
    "IsWeightArticle": false,
    "IsBio": true,
    "CountryOfOrigin": "BELGIË",
    "IsExclusivelySoldInLuxembourg": false,
    "OrderUnit": "P",
    "ShortName": "SICILIE ROOD BIO BIB 3L",
    "InSeason": true,
    "IsNew": false,
    "EcoscoreLabel": "B",
    "RecentQuanityOfStockUnits": "1",
    "LongName": "Sicilië rood Bio BIB 3L",
    "AlcoholVolume": "13.5",
    "StartSeasonDate": "26/05/2020",
    "FicCode": "I",
    "EcoscoreValue": "61"
  },
  {
    "productId": "292868",
    "technicalArticleNumber": "3694233",
    "commercialArticleNumber": "16262",
    "name": "Pinot blanc Alsace",
    "description": "Doorzichtig en helder\nWit fruit en licht floraal\nmooi volume bij aanzet, fruitig (wit\nfruit), zacht en fris\nbewaring: jong drinken",
    "thumbNail": "https://static.colruytgroup.com/images/200x200/std.lang.all/11/52/asset-1311152.jpg",
    "fullImage": "https://static.colruytgroup.com/images/500x500/std.lang.all/11/52/asset-1311152.jpg",
    "squareImage": "https://static.colruytgroup.com/images/500x500sq/std.lang.all/11/52/asset-1311152.jpg",
    "content": "75cl",
    "walkRouteSequenceNumber": 239,
    "price": {
      "basicPrice": 3.99,
      "recommendedQuantity": "1.0",
      "measurementUnitPrice": 5.32,
      "measurementUnit": "L",
      "isRedPrice": false,
      "pricePerUOM": 5.32,
      "activationDate": "17-02-2024",
      "recordSource": "Offline",
      "isPromoActive": "N",
      "priceChangeCode": "E"
    },
    "isAvailable": true,
    "isPriceAvailable": true,
    "inPromo": false,
    "gtin": [
      "03183520705130",
      "03183521227396"
    ],
    "topCategoryName": "Wijn",
    "topCategoryId": "421",
    "businessDomain": "RETAIL_BE",
    "IsPrivateLabel": false,
    "IsBiffe": false,
    "WeightconversionFactor": "0",
    "IsWeightArticle": false,
    "IsBio": false,
    "CountryOfOrigin": "BELGIË",
    "IsExclusivelySoldInLuxembourg": false,
    "OrderUnit": "P",
    "ShortName": "PINOT BLANC ALSACE 75CL",
    "IsNew": false,
    "EcoscoreLabel": "D",
    "RecentQuanityOfStockUnits": "1,6",
    "LongName": "Pinot blanc Alsace 75cl",
    "AlcoholVolume": "12",
    "FicCode": "E",
    "EcoscoreValue": "23"
  },
  {
    "productId": "13834",
    "technicalArticleNumber": "1318778",
    "commercialArticleNumber": "17906",
    "name": "Clairette de Die tradition prestige",
    "description": "FRANKRIJK SCHUIMWIJN HALFZOET\nUit de streek rond Die. Zeer aroma-\ntisch dank zij de Muscat druif.\nZoete en fijne schuimwijn. Prachtig\naperitief of bij het dessert.",
    "thumbNail": "https://static.colruytgroup.com/images/200x200/std.lang.all/00/68/asset-350068.jpg",
    "fullImage": "https://static.colruytgroup.com/images/500x500/std.lang.all/00/68/asset-350068.jpg",
    "squareImage": "https://static.colruytgroup.com/images/500x500sq/std.lang.all/00/68/asset-350068.jpg",
    "content": "75cl",
    "walkRouteSequenceNumber": 474,
    "price": {
      "basicPrice": 4.99,
      "recommendedQuantity": "1.0",
      "measurementUnitPrice": 6.66,
      "measurementUnit": "L",
      "isRedPrice": false,
      "pricePerUOM": 6.66,
      "activationDate": "12-03-2024",
      "recordSource": "Folder",
      "isPromoActive": "N",
      "priceChangeCode": "L"
    },
    "isAvailable": true,
    "isPriceAvailable": true,
    "inPromo": false,
    "gtin": [
      "03413331000019",
      "03413331000095"
    ],
    "topCategoryName": "Wijn",
    "topCategoryId": "421",
    "businessDomain": "RETAIL_BE",
    "IsPrivateLabel": false,
    "IsBiffe": false,
    "WeightconversionFactor": "0",
    "IsWeightArticle": false,
    "IsBio": false,
    "CountryOfOrigin": "FRANKRIJK",
    "IsExclusivelySoldInLuxembourg": false,
    "OrderUnit": "P",
    "ShortName": "CLAIRETTE DIE",
    "IsNew": false,
    "RecentQuanityOfStockUnits": "6,1",
    "LongName": "Clairette de Die tradition prestige 75cl",
    "AlcoholVolume": "7.5",
    "FicCode": "E"
  },
  {
    "productId": "102677",
    "technicalArticleNumber": "3092865",
    "commercialArticleNumber": "42290",
    "name": "GARGANEGA I.G.T. VENETO LE CENGE",
    "description": "ITALIE DROOG WIT\nStreek: Venetië. 100% Garganega-druif\nFrisse, eenvoudige en aangename witte\nwijn. Bij aperitief of dagelijkse keu-\nken (sla, pasta enz.)",
    "thumbNail": "https://static.colruytgroup.com/images/200x200/std.lang.all/48/60/asset-374860.jpg",
    "fullImage": "https://static.colruytgroup.com/images/500x500/std.lang.all/48/60/asset-374860.jpg",
    "squareImage": "https://static.colruytgroup.com/images/500x500sq/std.lang.all/48/60/asset-374860.jpg",
    "content": "75cl",
    "walkRouteSequenceNumber": 286,
    "price": {
      "basicPrice": 3.89,
      "recommendedQuantity": "1.0",
      "quantityPrice": 3.73,
      "quantityPriceQuantity": "6.0",
      "measurementUnitPrice": 5.19,
      "measurementUnitQuantityPrice": 4.98,
      "measurementUnit": "L",
      "isRedPrice": false,
      "pricePerUOM": 5.19,
      "activationDate": "29-11-2023",
      "isPromoActive": "N",
      "priceChangeCode": "H",
      "quantityPricePerUOM": 4.98,
      "quantityActivationDate": "29-11-2023",
      "quantityPriceChangeCode": "E"
    },
    "isAvailable": true,
    "isPriceAvailable": true,
    "inPromo": false,
    "gtin": [
      "08006393055490",
      "08006393308848"
    ],
    "topCategoryName": "Wijn",
    "topCategoryId": "421",
    "businessDomain": "RETAIL_BE",
    "IsPrivateLabel": false,
    "IsBiffe": false,
    "WeightconversionFactor": "0",
    "IsWeightArticle": false,
    "IsBio": false,
    "CountryOfOrigin": "BELGIË",
    "IsExclusivelySoldInLuxembourg": false,
    "OrderUnit": "P",
    "ShortName": "GARGANEGA IGT VENETO",
    "IsNew": false,
    "EcoscoreLabel": "D",
    "RecentQuanityOfStockUnits": "6,1",
    "LongName": "GARGANEGA I.G.T. VENETO LE CENGE 75cl",
    "AlcoholVolume": "13",
    "FicCode": "E",
    "EcoscoreValue": "23"
  },
  {
    "productId": "1254",
    "technicalArticleNumber": "17096",
    "commercialArticleNumber": "17096",
    "name": "Verdicchio dei Castelli di Jesi",
    "description": "ITALIE DROOG WIT\nStreek van Marche. Voor 100 % uit de\nVerdicchio-druif. Frisse, levendige\nwijn met bloemige aroma's. Aanbevolen\nbij vis, schaaldieren en wit vlees.",
    "thumbNail": "https://static.colruytgroup.com/images/200x200/std.lang.all/68/78/asset-2956878.jpg",
    "fullImage": "https://static.colruytgroup.com/images/500x500/std.lang.all/68/78/asset-2956878.jpg",
    "squareImage": "https://static.colruytgroup.com/images/500x500sq/std.lang.all/68/78/asset-2956878.jpg",
    "content": "75cl",
    "walkRouteSequenceNumber": 292,
    "price": {
      "basicPrice": 5.2,
      "recommendedQuantity": "1.0",
      "measurementUnitPrice": 6.94,
      "measurementUnit": "L",
      "isRedPrice": false,
      "pricePerUOM": 6.94,
      "activationDate": "02-01-2024",
      "recordSource": "Offline",
      "isPromoActive": "N",
      "priceChangeCode": "H"
    },
    "isAvailable": true,
    "isPriceAvailable": true,
    "inPromo": false,
    "gtin": [
      "08020605171396",
      "08020605181241"
    ],
    "topCategoryName": "Wijn",
    "topCategoryId": "421",
    "businessDomain": "RETAIL_BE",
    "IsPrivateLabel": false,
    "IsBiffe": false,
    "WeightconversionFactor": "0",
    "IsWeightArticle": false,
    "IsBio": false,
    "CountryOfOrigin": "ITALIË",
    "IsExclusivelySoldInLuxembourg": false,
    "OrderUnit": "P",
    "ShortName": "VERDICCHIO DEI CASTELLI",
    "IsNew": false,
    "RecentQuanityOfStockUnits": "1,6",
    "LongName": "Verdicchio dei Castelli di Jesi 75cl",
    "AlcoholVolume": "12",
    "FicCode": "E"
  },
  {
    "productId": "495526",
    "technicalArticleNumber": "4093791",
    "commercialArticleNumber": "8197",
    "name": "Mme Dubard Tendresse Côtes de Berg.",
    "description": "FRANKRIJK ZUID-WEST ZOET WIT\nLichtgele kleur, ruikend naar wit\nfruit, rabarber, honing, zachte smaak\nmet frisse zuren en lichtzoete afdronk\nBij desserten of als aperitief.",
    "thumbNail": "https://static.colruytgroup.com/images/200x200/std.lang.all/61/70/asset-1776170.jpg",
    "fullImage": "https://static.colruytgroup.com/images/500x500/std.lang.all/61/70/asset-1776170.jpg",
    "squareImage": "https://static.colruytgroup.com/images/500x500sq/std.lang.all/61/70/asset-1776170.jpg",
    "content": "75cl",
    "walkRouteSequenceNumber": 120,
    "price": {
      "basicPrice": 6.45,
      "recommendedQuantity": "1.0",
      "quantityPrice": 6.19,
      "quantityPriceQuantity": "6.0",
      "measurementUnitPrice": 8.6,
      "measurementUnitQuantityPrice": 8.26,
      "measurementUnit": "L",
      "isRedPrice": false,
      "pricePerUOM": 8.6,
      "activationDate": "20-02-2024",
      "isPromoActive": "N",
      "priceChangeCode": "E",
      "quantityPricePerUOM": 8.26,
      "quantityActivationDate": "20-02-2024",
      "quantityPriceChangeCode": "E"
    },
    "isAvailable": true,
    "isPriceAvailable": true,
    "inPromo": false,
    "gtin": [
      "03760127951223",
      "03760127957225"
    ],
    "topCategoryName": "Wijn",
    "topCategoryId": "421",
    "businessDomain": "RETAIL_BE",
    "IsPrivateLabel": false,
    "IsBiffe": false,
    "WeightconversionFactor": "0",
    "IsWeightArticle": false,
    "IsBio": false,
    "CountryOfOrigin": "FRANKRIJK",
    "IsExclusivelySoldInLuxembourg": false,
    "OrderUnit": "P",
    "ShortName": "TENDRESSE DOUX FRUITE",
    "IsNew": false,
    "RecentQuanityOfStockUnits": "6,1",
    "LongName": "Mme Dubard Tendresse Côtes de Berg. 75cl",
    "AlcoholVolume": "11.5",
    "FicCode": "E"
  },
  {
    "productId": "237520",
    "technicalArticleNumber": "3534705",
    "commercialArticleNumber": "40440",
    "name": "Granbeau Gren. Noir IGP Pays d'Oc",
    "description": "IGP Pays d'Oc Rouge. Grenache\nPittige, kruidige wijn uit\nZuid-Frankrijk. Perfect bij uw\nstoofpotjes, rood vlees,wild en zomer\nBBQ. Kan 3 tot 4 jaar worden bewaard.",
    "thumbNail": "https://static.colruytgroup.com/images/200x200/std.lang.all/31/62/asset-3393162.jpg",
    "fullImage": "https://static.colruytgroup.com/images/500x500/std.lang.all/31/62/asset-3393162.jpg",
    "squareImage": "https://static.colruytgroup.com/images/500x500sq/std.lang.all/31/62/asset-3393162.jpg",
    "content": "75cl",
    "walkRouteSequenceNumber": 262,
    "price": {
      "basicPrice": 5.39,
      "recommendedQuantity": "1.0",
      "quantityPrice": 5.17,
      "quantityPriceQuantity": "6.0",
      "measurementUnitPrice": 7.19,
      "measurementUnitQuantityPrice": 6.9,
      "measurementUnit": "L",
      "isRedPrice": false,
      "pricePerUOM": 7.19,
      "activationDate": "14-02-2024",
      "isPromoActive": "N",
      "priceChangeCode": "E",
      "quantityPricePerUOM": 6.9,
      "quantityActivationDate": "14-02-2024",
      "quantityPriceChangeCode": "E"
    },
    "isAvailable": true,
    "isPriceAvailable": true,
    "inPromo": false,
    "gtin": [
      "03700619316796",
      "03700619316802"
    ],
    "topCategoryName": "Wijn",
    "topCategoryId": "421",
    "businessDomain": "RETAIL_BE",
    "IsPrivateLabel": false,
    "IsBiffe": false,
    "WeightconversionFactor": "0",
    "IsWeightArticle": false,
    "IsBio": false,
    "CountryOfOrigin": "FRANKRIJK",
    "IsExclusivelySoldInLuxembourg": false,
    "OrderUnit": "P",
    "ShortName": "GRANBEAU GRENACHE NOIR",
    "IsNew": false,
    "EcoscoreLabel": "D",
    "RecentQuanityOfStockUnits": "6,1",
    "LongName": "Granbeau Gren. Noir IGP Pays d'Oc 75cl",
    "AlcoholVolume": "13",
    "FicCode": "E",
    "EcoscoreValue": "22"
  },
  {
    "productId": "276679",
    "technicalArticleNumber": "3671333",
    "commercialArticleNumber": "18155",
    "name": "Macon-Chardonnay",
    "description": "FRANKRIJK BOURGOGNE DROOG WIT (Mâcon)\nAfkomstig van wijndorp Chardonnay en\ntevens van diezelfde wijndruif. Heer-\nlijk boeket met volle en ronde smaak.\nKoel schenken bij vis/wit vlees. QAA",
    "thumbNail": "https://static.colruytgroup.com/images/200x200/std.lang.all/94/20/asset-1549420.jpg",
    "fullImage": "https://static.colruytgroup.com/images/500x500/std.lang.all/94/20/asset-1549420.jpg",
    "squareImage": "https://static.colruytgroup.com/images/500x500sq/std.lang.all/94/20/asset-1549420.jpg",
    "content": "37,5cl",
    "walkRouteSequenceNumber": 117,
    "price": {
      "basicPrice": 5.35,
      "recommendedQuantity": "1.0",
      "measurementUnitPrice": 14.27,
      "measurementUnit": "L",
      "isRedPrice": false,
      "pricePerUOM": 14.27,
      "activationDate": "03-06-2023",
      "isPromoActive": "N",
      "priceChangeCode": "E"
    },
    "isAvailable": true,
    "isPriceAvailable": true,
    "inPromo": false,
    "gtin": [
      "03338590008708",
      "03338590068603"
    ],
    "topCategoryName": "Wijn",
    "topCategoryId": "421",
    "businessDomain": "RETAIL_BE",
    "IsPrivateLabel": false,
    "IsBiffe": false,
    "WeightconversionFactor": "0",
    "IsWeightArticle": false,
    "IsBio": false,
    "CountryOfOrigin": "BELGIË",
    "IsExclusivelySoldInLuxembourg": false,
    "OrderUnit": "P",
    "ShortName": "MACON-CHARDONNAY 37.5CL",
    "IsNew": false,
    "RecentQuanityOfStockUnits": "1,12",
    "LongName": "Macon-Chardonnay 37,5cl",
    "AlcoholVolume": "13",
    "FicCode": "E"
  },
  {
    "productId": "23182",
    "technicalArticleNumber": "2160669",
    "commercialArticleNumber": "17738",
    "name": "Los Condes Gran Res. Pla de Bages",
    "description": "SPANJE ROOD Catalonie Pla de Bages\nFijne Spaanse wijn die 2 jaar vatrij-\nping kreeg. Fruitig, kruidig en mooi\nhoutig. Drinkklaar. Fijn wit vlees,\ngevogelte, konijn.",
    "thumbNail": "https://static.colruytgroup.com/images/200x200/std.lang.all/15/13/asset-2701513.jpg",
    "fullImage": "https://static.colruytgroup.com/images/500x500/std.lang.all/15/13/asset-2701513.jpg",
    "squareImage": "https://static.colruytgroup.com/images/500x500sq/std.lang.all/15/13/asset-2701513.jpg",
    "content": "75cl",
    "walkRouteSequenceNumber": 349,
    "price": {
      "basicPrice": 4.6,
      "recommendedQuantity": "1.0",
      "measurementUnitPrice": 6.14,
      "measurementUnit": "L",
      "isRedPrice": false,
      "pricePerUOM": 6.14,
      "activationDate": "02-01-2024",
      "isPromoActive": "N",
      "priceChangeCode": "E"
    },
    "isAvailable": true,
    "isPriceAvailable": true,
    "inPromo": false,
    "gtin": [
      "18411106320401",
      "08411106320466",
      "08411106320404"
    ],
    "topCategoryName": "Wijn",
    "topCategoryId": "421",
    "businessDomain": "RETAIL_BE",
    "IsPrivateLabel": false,
    "IsBiffe": false,
    "WeightconversionFactor": "0",
    "IsWeightArticle": false,
    "IsBio": false,
    "CountryOfOrigin": "SPANJE",
    "IsExclusivelySoldInLuxembourg": false,
    "OrderUnit": "P",
    "ShortName": "LOS CONDES GRAN RESERVA",
    "IsNew": false,
    "EcoscoreLabel": "D",
    "RecentQuanityOfStockUnits": "6,1,6",
    "LongName": "Los Condes Gran Res. Pla de Bages 75cl",
    "AlcoholVolume": "13",
    "FicCode": "E",
    "EcoscoreValue": "22"
  },
  {
    "productId": "1166",
    "technicalArticleNumber": "17803",
    "commercialArticleNumber": "17803",
    "name": "Degré Zéro bosvruchten",
    "description": "Cider met bosvruchtensmaak waaruit\nde alcohol werd verwijderd.",
    "brand": "STASSEN",
    "seoBrand": "Stassen",
    "thumbNail": "https://static.colruytgroup.com/images/200x200/std.lang.all/94/92/asset-2999492.jpg",
    "fullImage": "https://static.colruytgroup.com/images/500x500/std.lang.all/94/92/asset-2999492.jpg",
    "squareImage": "https://static.colruytgroup.com/images/500x500sq/std.lang.all/94/92/asset-2999492.jpg",
    "content": "75cl",
    "walkRouteSequenceNumber": 544,
    "price": {
      "basicPrice": 3.99,
      "recommendedQuantity": "1.0",
      "measurementUnitPrice": 5.32,
      "measurementUnit": "L",
      "isRedPrice": false,
      "pricePerUOM": 5.32,
      "activationDate": "01-02-2024",
      "recordSource": "Offline",
      "isPromoActive": "N",
      "priceChangeCode": "H"
    },
    "isAvailable": true,
    "isPriceAvailable": true,
    "inPromo": false,
    "gtin": [
      "05411718155008",
      "05411718155060"
    ],
    "topCategoryName": "Wijn",
    "topCategoryId": "421",
    "businessDomain": "RETAIL_BE",
    "IsPrivateLabel": false,
    "IsBiffe": false,
    "WeightconversionFactor": "0",
    "IsWeightArticle": false,
    "nutriscoreLabel": "D",
    "IsBio": false,
    "CountryOfOrigin": "BELGIË",
    "IsExclusivelySoldInLuxembourg": false,
    "OrderUnit": "P",
    "ShortName": "STASSEN ZERO BOSVRU 75C",
    "IsNew": false,
    "EcoscoreLabel": "B",
    "RecentQuanityOfStockUnits": "1,6",
    "LongName": "STASSEN Degré Zéro bosvruchten 75cl",
    "AlcoholVolume": "0.5",
    "FicCode": "E",
    "EcoscoreValue": "66"
  },
  {
    "productId": "463926",
    "technicalArticleNumber": "3953388",
    "commercialArticleNumber": "1970",
    "name": "Gardian Wit Côtes de Béziers",
    "description": "Witte wijn uit Zuid-Frankrijk\nDe rijkdom van de Chardonnay\nDe frisheid van de Sauvignon\nPasta, gevogelte en vis met saus",
    "thumbNail": "https://static.colruytgroup.com/images/200x200/std.lang.all/90/70/asset-1569070.jpg",
    "fullImage": "https://static.colruytgroup.com/images/500x500/std.lang.all/90/70/asset-1569070.jpg",
    "squareImage": "https://static.colruytgroup.com/images/500x500sq/std.lang.all/90/70/asset-1569070.jpg",
    "content": "75cl",
    "walkRouteSequenceNumber": 237,
    "price": {
      "basicPrice": 5.49,
      "recommendedQuantity": "1.0",
      "quantityPrice": 5.27,
      "quantityPriceQuantity": "6.0",
      "measurementUnitPrice": 7.32,
      "measurementUnitQuantityPrice": 7.03,
      "measurementUnit": "L",
      "isRedPrice": false,
      "pricePerUOM": 7.32,
      "activationDate": "19-03-2024",
      "recordSource": "Offline",
      "isPromoActive": "N",
      "priceChangeCode": "E",
      "quantityPricePerUOM": 7.03,
      "quantityActivationDate": "19-03-2024",
      "quantityPriceChangeCode": "H"
    },
    "isAvailable": true,
    "isPriceAvailable": true,
    "inPromo": false,
    "gtin": [
      "03760143147211",
      "03760143147228"
    ],
    "topCategoryName": "Wijn",
    "topCategoryId": "421",
    "businessDomain": "RETAIL_BE",
    "IsPrivateLabel": false,
    "IsBiffe": false,
    "WeightconversionFactor": "0",
    "IsWeightArticle": false,
    "IsBio": false,
    "CountryOfOrigin": "FRANKRIJK",
    "IsExclusivelySoldInLuxembourg": false,
    "OrderUnit": "P",
    "ShortName": "GARDIAN WIT BEZIERS",
    "IsNew": false,
    "RecentQuanityOfStockUnits": "1,6",
    "LongName": "Gardian Wit Côtes de Béziers 75cl",
    "AlcoholVolume": "13",
    "FicCode": "E"
  },
  {
    "productId": "6689",
    "technicalArticleNumber": "1178513",
    "commercialArticleNumber": "17257",
    "name": "Argento Malbec",
    "description": "ARGENTINIE ROOD\nAfkomstig van de meest populaire druif\nMalbec. Krachtige, kruidige en volle\nwijn. Mooi gecontreerd fruit. Aanrader\nbij rood vlees, grillades en kaas.",
    "thumbNail": "https://static.colruytgroup.com/images/200x200/std.lang.all/82/12/asset-2278212.jpg",
    "fullImage": "https://static.colruytgroup.com/images/500x500/std.lang.all/82/12/asset-2278212.jpg",
    "squareImage": "https://static.colruytgroup.com/images/500x500sq/std.lang.all/82/12/asset-2278212.jpg",
    "content": "75cl",
    "walkRouteSequenceNumber": 390,
    "price": {
      "basicPrice": 4.49,
      "recommendedQuantity": "1.0",
      "measurementUnitPrice": 5.99,
      "measurementUnit": "L",
      "isRedPrice": false,
      "pricePerUOM": 5.99,
      "activationDate": "12-03-2024",
      "recordSource": "Offline",
      "isPromoActive": "N",
      "priceChangeCode": "E"
    },
    "isAvailable": true,
    "isPriceAvailable": true,
    "inPromo": false,
    "gtin": [
      "17798159560123",
      "07798159560126"
    ],
    "topCategoryName": "Wijn",
    "topCategoryId": "421",
    "businessDomain": "RETAIL_BE",
    "IsPrivateLabel": false,
    "IsBiffe": false,
    "WeightconversionFactor": "0",
    "IsWeightArticle": false,
    "IsBio": false,
    "CountryOfOrigin": "ARGENTINIË",
    "IsExclusivelySoldInLuxembourg": false,
    "OrderUnit": "P",
    "ShortName": "ARGENTO MALBEC",
    "IsNew": false,
    "EcoscoreLabel": "D",
    "RecentQuanityOfStockUnits": "1,6",
    "LongName": "Argento Malbec 75cl",
    "AlcoholVolume": "13.5",
    "FicCode": "E",
    "EcoscoreValue": "37"
  },
  {
    "productId": "33518",
    "technicalArticleNumber": "1807276",
    "commercialArticleNumber": "17497",
    "name": "Les Trois Colonnes rosé",
    "description": "FRANKRIJK BORDEAUX DROOG ROSE\nMooie aroma's van fruit en frisse,\nzeer aangename smaak. Jong schenken\nbij zomerse schotels.",
    "thumbNail": "https://static.colruytgroup.com/images/200x200/std.lang.all/42/41/asset-1474241.jpg",
    "fullImage": "https://static.colruytgroup.com/images/500x500/std.lang.all/42/41/asset-1474241.jpg",
    "squareImage": "https://static.colruytgroup.com/images/500x500sq/std.lang.all/42/41/asset-1474241.jpg",
    "content": "75cl",
    "walkRouteSequenceNumber": 504,
    "price": {
      "basicPrice": 4.99,
      "recommendedQuantity": "1.0",
      "quantityPrice": 3.99,
      "quantityPriceQuantity": "6.0",
      "measurementUnitPrice": 6.66,
      "measurementUnitQuantityPrice": 5.32,
      "measurementUnit": "L",
      "isRedPrice": false,
      "pricePerUOM": 6.66,
      "activationDate": "21-03-2024",
      "recordSource": "Offline",
      "isPromoActive": "N",
      "priceChangeCode": "E",
      "quantityPricePerUOM": 5.32,
      "quantityActivationDate": "21-03-2024",
      "quantityPriceChangeCode": "H"
    },
    "isAvailable": true,
    "isPriceAvailable": true,
    "inPromo": false,
    "gtin": [
      "03284394002308",
      "03284394002315"
    ],
    "topCategoryName": "Wijn",
    "topCategoryId": "421",
    "businessDomain": "RETAIL_BE",
    "IsPrivateLabel": false,
    "IsBiffe": false,
    "WeightconversionFactor": "0",
    "IsWeightArticle": false,
    "IsBio": false,
    "CountryOfOrigin": "FRANKRIJK",
    "IsExclusivelySoldInLuxembourg": false,
    "OrderUnit": "P",
    "ShortName": "TROIS COLONNES ROSE",
    "InSeason": true,
    "IsNew": false,
    "EcoscoreLabel": "D",
    "RecentQuanityOfStockUnits": "1,6",
    "LongName": "Les Trois Colonnes rosé 75cl",
    "AlcoholVolume": "13.5",
    "StartSeasonDate": "02/12/2020",
    "FicCode": "E",
    "EcoscoreValue": "25"
  },
  {
    "productId": "29835",
    "technicalArticleNumber": "1830725",
    "commercialArticleNumber": "17467",
    "name": "Vacqueyras",
    "description": "FRANKRIJK RHONE ROOD\nFruitige en zachte kruidige rode wijn\nuit het zuiden van Frankrijk.Kan al nu\ngenoten worden met rood vlees, wild\nen kaas.",
    "thumbNail": "https://static.colruytgroup.com/images/200x200/std.lang.all/46/78/asset-3434678.jpg",
    "fullImage": "https://static.colruytgroup.com/images/500x500/std.lang.all/46/78/asset-3434678.jpg",
    "squareImage": "https://static.colruytgroup.com/images/500x500sq/std.lang.all/46/78/asset-3434678.jpg",
    "content": "75cl",
    "walkRouteSequenceNumber": 202,
    "price": {
      "basicPrice": 8.99,
      "recommendedQuantity": "1.0",
      "measurementUnitPrice": 11.99,
      "measurementUnit": "L",
      "isRedPrice": false,
      "pricePerUOM": 11.99,
      "activationDate": "02-01-2024",
      "recordSource": "Offline",
      "isPromoActive": "N",
      "priceChangeCode": "E"
    },
    "isAvailable": true,
    "isPriceAvailable": true,
    "inPromo": false,
    "gtin": [
      "03338692305927",
      "03338691360415"
    ],
    "topCategoryName": "Wijn",
    "topCategoryId": "421",
    "businessDomain": "RETAIL_BE",
    "IsPrivateLabel": false,
    "IsBiffe": false,
    "WeightconversionFactor": "0",
    "IsWeightArticle": false,
    "IsBio": false,
    "CountryOfOrigin": "FRANKRIJK",
    "IsExclusivelySoldInLuxembourg": false,
    "OrderUnit": "P",
    "ShortName": "VACQUEYRAS CRU C.RHONE",
    "IsNew": false,
    "RecentQuanityOfStockUnits": "1,6",
    "LongName": "Vacqueyras 75cl",
    "AlcoholVolume": "12.5",
    "FicCode": "E"
  },
  {
    "productId": "883917",
    "technicalArticleNumber": "4742463",
    "commercialArticleNumber": "32432",
    "name": "Granbeau wit Oak Aged Gr. Réserve",
    "description": "Frankrijk, Vin de France\nEen mooie fris en volle Chardonnay\nmet houttoetsen, fruitig en modern\nmet een kruidige finale.",
    "thumbNail": "https://static.colruytgroup.com/images/200x200/std.lang.all/35/55/asset-3283555.jpg",
    "fullImage": "https://static.colruytgroup.com/images/500x500/std.lang.all/35/55/asset-3283555.jpg",
    "squareImage": "https://static.colruytgroup.com/images/500x500sq/std.lang.all/35/55/asset-3283555.jpg",
    "content": "75cl",
    "walkRouteSequenceNumber": 232,
    "price": {
      "basicPrice": 5.59,
      "recommendedQuantity": "1.0",
      "quantityPrice": 5.37,
      "quantityPriceQuantity": "6.0",
      "measurementUnitPrice": 7.46,
      "measurementUnitQuantityPrice": 7.16,
      "measurementUnit": "L",
      "isRedPrice": false,
      "pricePerUOM": 7.46,
      "activationDate": "13-03-2024",
      "isPromoActive": "N",
      "priceChangeCode": "E",
      "quantityPricePerUOM": 7.16,
      "quantityActivationDate": "13-03-2024",
      "quantityPriceChangeCode": "E"
    },
    "isAvailable": true,
    "isPriceAvailable": true,
    "inPromo": false,
    "gtin": [
      "03700619350677",
      "03700619350684"
    ],
    "topCategoryName": "Wijn",
    "topCategoryId": "421",
    "businessDomain": "RETAIL_BE",
    "IsPrivateLabel": false,
    "IsBiffe": false,
    "WeightconversionFactor": "0",
    "IsWeightArticle": false,
    "IsBio": false,
    "CountryOfOrigin": "FRANKRIJK",
    "IsExclusivelySoldInLuxembourg": false,
    "OrderUnit": "P",
    "ShortName": "GRANBEAU WIT OAKAGED75C",
    "IsNew": false,
    "RecentQuanityOfStockUnits": "1,6",
    "LongName": "Granbeau wit Oak Aged Gr. Réserve 75cl",
    "AlcoholVolume": "12.5",
    "FicCode": "E"
  },
  {
    "productId": "859624",
    "technicalArticleNumber": "4708903",
    "commercialArticleNumber": "31666",
    "name": "Aigle Noir Pinot Noir IGP Oc Bio",
    "description": "IGP PAYS D'OC BIO\nPinot noir met aroma's van zuiver\nfruit, zachtheid en lichte herfst\ntoetsen. Serveren op 16°C. Past bij\ngegrild gevogelte en vlees, pasta.",
    "thumbNail": "https://static.colruytgroup.com/images/200x200/std.lang.all/31/63/asset-3393163.jpg",
    "fullImage": "https://static.colruytgroup.com/images/500x500/std.lang.all/31/63/asset-3393163.jpg",
    "squareImage": "https://static.colruytgroup.com/images/500x500sq/std.lang.all/31/63/asset-3393163.jpg",
    "content": "75cl",
    "walkRouteSequenceNumber": 247,
    "price": {
      "basicPrice": 7.89,
      "recommendedQuantity": "1.0",
      "measurementUnitPrice": 10.52,
      "measurementUnit": "L",
      "isRedPrice": false,
      "pricePerUOM": 10.52,
      "activationDate": "14-03-2024",
      "isPromoActive": "N",
      "priceChangeCode": "H"
    },
    "isAvailable": true,
    "isPriceAvailable": true,
    "inPromo": false,
    "gtin": [
      "03514123339321",
      "03514123129052"
    ],
    "topCategoryName": "Wijn",
    "topCategoryId": "421",
    "businessDomain": "RETAIL_BE",
    "IsPrivateLabel": false,
    "IsBiffe": false,
    "WeightconversionFactor": "0",
    "IsWeightArticle": false,
    "IsBio": true,
    "CountryOfOrigin": "FRANKRIJK",
    "IsExclusivelySoldInLuxembourg": false,
    "OrderUnit": "P",
    "ShortName": "AIGLE PINOT NOIR BIO75C",
    "IsNew": false,
    "RecentQuanityOfStockUnits": "6,1",
    "LongName": "Aigle Noir Pinot Noir IGP Oc Bio 75cl",
    "AlcoholVolume": "13",
    "FicCode": "E"
  },
  {
    "productId": "857298",
    "technicalArticleNumber": "4707207",
    "commercialArticleNumber": "31483",
    "name": "Alonso Garnacha Syrah DO Calatayud",
    "description": "SPANJE ROOD\nGarnacha en syrah. Pittig, kruidig en\nelegant. Uit de droge regio Calatayud\nin Spanje. Aroma's van rijpe kersen\nvijgen, hout en kruiden. Rijpe finale.",
    "thumbNail": "https://static.colruytgroup.com/images/200x200/std.lang.all/42/63/asset-3284263.jpg",
    "fullImage": "https://static.colruytgroup.com/images/500x500/std.lang.all/42/63/asset-3284263.jpg",
    "squareImage": "https://static.colruytgroup.com/images/500x500sq/std.lang.all/42/63/asset-3284263.jpg",
    "content": "75cl",
    "walkRouteSequenceNumber": 328,
    "price": {
      "basicPrice": 6.9,
      "recommendedQuantity": "1.0",
      "measurementUnitPrice": 9.2,
      "measurementUnit": "L",
      "isRedPrice": false,
      "pricePerUOM": 9.2,
      "activationDate": "14-03-2024",
      "isPromoActive": "N",
      "priceChangeCode": "H"
    },
    "isAvailable": true,
    "isPriceAvailable": true,
    "inPromo": false,
    "gtin": [
      "08425020093108",
      "08425021100089"
    ],
    "topCategoryName": "Wijn",
    "topCategoryId": "421",
    "businessDomain": "RETAIL_BE",
    "IsPrivateLabel": false,
    "IsBiffe": false,
    "WeightconversionFactor": "0",
    "IsWeightArticle": false,
    "IsBio": false,
    "CountryOfOrigin": "SPANJE",
    "IsExclusivelySoldInLuxembourg": false,
    "OrderUnit": "P",
    "ShortName": "ALONSO GARNACH.SYRAH75C",
    "IsNew": false,
    "RecentQuanityOfStockUnits": "1,6",
    "LongName": "Alonso Garnacha Syrah DO Calatayud 75cl",
    "AlcoholVolume": "14.5",
    "FicCode": "E"
  },
  {
    "productId": "126",
    "technicalArticleNumber": "17038",
    "commercialArticleNumber": "17038",
    "name": "Côtes du Rhône Louis Bernard rood",
    "description": "Mooie C.Rhone.\nDiepe rode kleur met kruidige en\nflorale aroma's. Ronde wijn met\naangename zachte afdronk. Te schenken\nbij kruidige gerechten en kaas.",
    "thumbNail": "https://static.colruytgroup.com/images/200x200/std.lang.all/67/13/asset-2976713.jpg",
    "fullImage": "https://static.colruytgroup.com/images/500x500/std.lang.all/67/13/asset-2976713.jpg",
    "squareImage": "https://static.colruytgroup.com/images/500x500sq/std.lang.all/67/13/asset-2976713.jpg",
    "content": "75cl",
    "walkRouteSequenceNumber": 264,
    "price": {
      "basicPrice": 5.15,
      "recommendedQuantity": "1.0",
      "quantityPrice": 4.94,
      "quantityPriceQuantity": "6.0",
      "measurementUnitPrice": 6.87,
      "measurementUnitQuantityPrice": 6.59,
      "measurementUnit": "L",
      "isRedPrice": true,
      "redPriceReason": "Promo",
      "referencePrice": 5.85,
      "retentionPeriod": 30,
      "pricePerUOM": 6.87,
      "activationDate": "13-03-2024",
      "isPromoActive": "Y",
      "priceChangeCode": "L",
      "quantityPricePerUOM": 6.59,
      "quantityActivationDate": "13-03-2024",
      "quantityPriceChangeCode": "L"
    },
    "isAvailable": true,
    "isPriceAvailable": true,
    "inPromo": false,
    "gtin": [
      "03174360073510",
      "03174360673512"
    ],
    "topCategoryName": "Wijn",
    "topCategoryId": "421",
    "businessDomain": "RETAIL_BE",
    "IsPrivateLabel": false,
    "IsBiffe": false,
    "WeightconversionFactor": "0",
    "IsWeightArticle": false,
    "IsBio": false,
    "CountryOfOrigin": "FRANKRIJK",
    "IsExclusivelySoldInLuxembourg": false,
    "OrderUnit": "P",
    "ShortName": "COTES RHONE BERNARD RD",
    "IsNew": false,
    "EcoscoreLabel": "D",
    "RecentQuanityOfStockUnits": "1,6",
    "LongName": "Côtes du Rhône Louis Bernard rood 75cl",
    "AlcoholVolume": "13.5",
    "FicCode": "E",
    "EcoscoreValue": "22"
  },
  {
    "productId": "126",
    "technicalArticleNumber": "17038",
    "commercialArticleNumber": "17038",
    "name": "Côtes du Rhône Louis Bernard rood",
    "description": "Mooie C.Rhone.\nDiepe rode kleur met kruidige en\nflorale aroma's. Ronde wijn met\naangename zachte afdronk. Te schenken\nbij kruidige gerechten en kaas.",
    "thumbNail": "https://static.colruytgroup.com/images/200x200/std.lang.all/67/13/asset-2976713.jpg",
    "fullImage": "https://static.colruytgroup.com/images/500x500/std.lang.all/67/13/asset-2976713.jpg",
    "squareImage": "https://static.colruytgroup.com/images/500x500sq/std.lang.all/67/13/asset-2976713.jpg",
    "content": "75cl",
    "walkRouteSequenceNumber": 264,
    "price": {
      "basicPrice": 5.15,
      "recommendedQuantity": "1.0",
      "quantityPrice": 4.94,
      "quantityPriceQuantity": "6.0",
      "measurementUnitPrice": 6.87,
      "measurementUnitQuantityPrice": 6.59,
      "measurementUnit": "L",
      "isRedPrice": true,
      "redPriceReason": "Promo",
      "referencePrice": 5.85,
      "retentionPeriod": 30,
      "pricePerUOM": 6.87,
      "activationDate": "13-03-2024",
      "isPromoActive": "Y",
      "priceChangeCode": "L",
      "quantityPricePerUOM": 6.59,
      "quantityActivationDate": "13-03-2024",
      "quantityPriceChangeCode": "L"
    },
    "isAvailable": true,
    "isPriceAvailable": true,
    "inPromo": false,
    "gtin": [
      "03174360073510",
      "03174360673512"
    ],
    "topCategoryName": "Wijn",
    "topCategoryId": "421",
    "businessDomain": "RETAIL_BE",
    "IsPrivateLabel": false,
    "IsBiffe": false,
    "WeightconversionFactor": "0",
    "IsWeightArticle": false,
    "IsBio": false,
    "CountryOfOrigin": "FRANKRIJK",
    "IsExclusivelySoldInLuxembourg": false,
    "OrderUnit": "P",
    "ShortName": "COTES RHONE BERNARD RD",
    "IsNew": false,
    "EcoscoreLabel": "D",
    "RecentQuanityOfStockUnits": "1,6",
    "LongName": "Côtes du Rhône Louis Bernard rood 75cl",
    "AlcoholVolume": "13.5",
    "FicCode": "E",
    "EcoscoreValue": "22"
  },
  {
    "productId": "193206",
    "technicalArticleNumber": "3468438",
    "commercialArticleNumber": "11066",
    "name": "Cava brut Selection",
    "description": "SPANJE SCHUIMWIJN DROOG.\nFijne pareling, fris, aroma's van wit\nfruit en brioche. Rijping van minstens\n15 maanden. Ideaal als aperitief, maar\nkan ook bij schaal en schelpdieren.",
    "brand": "MAS PERE",
    "seoBrand": "Mas Pere",
    "thumbNail": "https://static.colruytgroup.com/images/200x200/std.lang.all/19/77/asset-871977.jpg",
    "fullImage": "https://static.colruytgroup.com/images/500x500/std.lang.all/19/77/asset-871977.jpg",
    "squareImage": "https://static.colruytgroup.com/images/500x500sq/std.lang.all/19/77/asset-871977.jpg",
    "content": "37,5cl",
    "walkRouteSequenceNumber": 530,
    "price": {
      "basicPrice": 5.79,
      "recommendedQuantity": "1.0",
      "measurementUnitPrice": 15.44,
      "measurementUnit": "L",
      "isRedPrice": false,
      "pricePerUOM": 15.44,
      "activationDate": "14-02-2024",
      "isPromoActive": "N",
      "priceChangeCode": "H"
    },
    "isAvailable": true,
    "isPriceAvailable": true,
    "inPromo": false,
    "gtin": [
      "08426998259374",
      "08426998259329"
    ],
    "topCategoryName": "Wijn",
    "topCategoryId": "421",
    "businessDomain": "RETAIL_BE",
    "IsPrivateLabel": false,
    "IsBiffe": false,
    "WeightconversionFactor": "0",
    "IsWeightArticle": false,
    "IsBio": false,
    "CountryOfOrigin": "BELGIË",
    "IsExclusivelySoldInLuxembourg": false,
    "OrderUnit": "P",
    "ShortName": "MAS PERE CAVA BR.37.5CL",
    "IsNew": false,
    "RecentQuanityOfStockUnits": "1,12",
    "LongName": "MAS PERE Cava brut Selection 37,5cl",
    "AlcoholVolume": "11.5",
    "FicCode": "E"
  },
  {
    "productId": "90146",
    "technicalArticleNumber": "2977398",
    "commercialArticleNumber": "7870",
    "name": "Puglia Rosso IGT BIB",
    "description": "ITALIE ROOD PUGLIA\nIntense kleur, aroma's van rijp rood\nen zwart fruit. Lekker zuiderse smaak\nBij Italiaanse schotels, rood vlees,\nbarbecue, en kaasschotel.",
    "thumbNail": "https://static.colruytgroup.com/images/200x200/std.lang.all/80/44/asset-1408044.jpg",
    "fullImage": "https://static.colruytgroup.com/images/500x500/std.lang.all/80/44/asset-1408044.jpg",
    "squareImage": "https://static.colruytgroup.com/images/500x500sq/std.lang.all/80/44/asset-1408044.jpg",
    "content": "3L",
    "walkRouteSequenceNumber": 67,
    "price": {
      "basicPrice": 13.49,
      "recommendedQuantity": "1.0",
      "measurementUnitPrice": 4.5,
      "measurementUnit": "L",
      "isRedPrice": false,
      "pricePerUOM": 4.5,
      "activationDate": "26-09-2023",
      "recordSource": "Offline",
      "isPromoActive": "N",
      "priceChangeCode": "H"
    },
    "isAvailable": true,
    "isPriceAvailable": true,
    "inPromo": false,
    "gtin": [
      "05400141029642"
    ],
    "topCategoryName": "Wijn",
    "topCategoryId": "421",
    "businessDomain": "RETAIL_BE",
    "IsPrivateLabel": false,
    "IsBiffe": false,
    "WeightconversionFactor": "0",
    "IsWeightArticle": false,
    "IsBio": false,
    "CountryOfOrigin": "BELGIË",
    "IsExclusivelySoldInLuxembourg": false,
    "OrderUnit": "P",
    "ShortName": "PUGLIA ROSSO BIB 3L",
    "InSeason": true,
    "IsNew": false,
    "EcoscoreLabel": "C",
    "RecentQuanityOfStockUnits": "1",
    "LongName": "Puglia Rosso IGT BIB 3L",
    "AlcoholVolume": "13",
    "StartSeasonDate": "08/05/2020",
    "FicCode": "I",
    "EcoscoreValue": "42"
  },
  {
    "productId": "1256",
    "technicalArticleNumber": "17100",
    "commercialArticleNumber": "17100",
    "name": "Coteaux V. Provence",
    "description": "FRANKRIJK PROVENCE DROOG ROSE\nAppellation Coteaux d'Aix. Fruitige\nmaar droge rosé. Geschikt bij voor-\ngerechten, Provençaalse gerechten,\nschaaldieren. Fris schenken.",
    "thumbNail": "https://static.colruytgroup.com/images/200x200/std.lang.all/56/64/asset-1205664.jpg",
    "fullImage": "https://static.colruytgroup.com/images/500x500/std.lang.all/56/64/asset-1205664.jpg",
    "squareImage": "https://static.colruytgroup.com/images/500x500sq/std.lang.all/56/64/asset-1205664.jpg",
    "content": "75cl",
    "walkRouteSequenceNumber": 478,
    "price": {
      "basicPrice": 5.91,
      "recommendedQuantity": "1.0",
      "measurementUnitPrice": 7.88,
      "measurementUnit": "L",
      "isRedPrice": false,
      "pricePerUOM": 7.88,
      "activationDate": "22-03-2024",
      "recordSource": "Offline",
      "isPromoActive": "N",
      "priceChangeCode": "E"
    },
    "isAvailable": true,
    "isPriceAvailable": true,
    "inPromo": false,
    "gtin": [
      "03269210015601",
      "03269210015618"
    ],
    "topCategoryName": "Wijn",
    "topCategoryId": "421",
    "businessDomain": "RETAIL_BE",
    "IsPrivateLabel": false,
    "IsBiffe": false,
    "WeightconversionFactor": "0",
    "IsWeightArticle": false,
    "IsBio": false,
    "CountryOfOrigin": "FRANKRIJK",
    "IsExclusivelySoldInLuxembourg": false,
    "OrderUnit": "P",
    "ShortName": "COTEAUX V. PROVENCE",
    "InSeason": true,
    "IsNew": false,
    "RecentQuanityOfStockUnits": "6,1",
    "LongName": "Coteaux V. Provence 75cl",
    "AlcoholVolume": "12.5",
    "StartSeasonDate": "28/12/2018",
    "FicCode": "E"
  },
  {
    "productId": "669290",
    "technicalArticleNumber": "4380761",
    "commercialArticleNumber": "24340",
    "name": "Château Haut Gay Bordeaux Supérieur",
    "description": "Fijne wijn met fruitig en houtig\nkarakter. Soepele, moderne Bordeaux.",
    "thumbNail": "https://static.colruytgroup.com/images/200x200/std.lang.all/04/15/asset-2700415.jpg",
    "fullImage": "https://static.colruytgroup.com/images/500x500/std.lang.all/04/15/asset-2700415.jpg",
    "squareImage": "https://static.colruytgroup.com/images/500x500sq/std.lang.all/04/15/asset-2700415.jpg",
    "content": "75cl",
    "walkRouteSequenceNumber": 146,
    "price": {
      "basicPrice": 5.4,
      "recommendedQuantity": "1.0",
      "quantityPrice": 5.18,
      "quantityPriceQuantity": "6.0",
      "measurementUnitPrice": 7.2,
      "measurementUnitQuantityPrice": 6.91,
      "measurementUnit": "L",
      "isRedPrice": false,
      "pricePerUOM": 7.2,
      "activationDate": "19-03-2024",
      "recordSource": "Offline",
      "isPromoActive": "N",
      "priceChangeCode": "H",
      "quantityPricePerUOM": 6.91,
      "quantityActivationDate": "19-03-2024",
      "quantityPriceChangeCode": "H"
    },
    "isAvailable": true,
    "isPriceAvailable": true,
    "inPromo": false,
    "gtin": [
      "03760032770575",
      "03760032770582",
      "03760032770520",
      "03760032770452",
      "03760032770469",
      "03760032770513"
    ],
    "topCategoryName": "Wijn",
    "topCategoryId": "421",
    "businessDomain": "RETAIL_BE",
    "IsPrivateLabel": false,
    "IsBiffe": false,
    "WeightconversionFactor": "0",
    "IsWeightArticle": false,
    "IsBio": false,
    "CountryOfOrigin": "FRANKRIJK",
    "IsExclusivelySoldInLuxembourg": false,
    "OrderUnit": "P",
    "ShortName": "CHATEAU HAUT GAY",
    "IsNew": false,
    "RecentQuanityOfStockUnits": "1,6,1",
    "LongName": "Château Haut Gay Bordeaux Supérieur 75cl",
    "AlcoholVolume": "14",
    "FicCode": "E"
  },
  {
    "productId": "350135",
    "technicalArticleNumber": "3855648",
    "commercialArticleNumber": "40583",
    "name": "Chardonay-Viognier BIB",
    "brand": "DUC DE LERME",
    "seoBrand": "Duc de Lerme",
    "thumbNail": "https://static.colruytgroup.com/images/200x200/std.lang.all/93/69/asset-1539369.jpg",
    "fullImage": "https://static.colruytgroup.com/images/500x500/std.lang.all/93/69/asset-1539369.jpg",
    "squareImage": "https://static.colruytgroup.com/images/500x500sq/std.lang.all/93/69/asset-1539369.jpg",
    "content": "3L",
    "walkRouteSequenceNumber": 9,
    "price": {
      "basicPrice": 13.99,
      "recommendedQuantity": "1.0",
      "quantityPrice": 13.43,
      "quantityPriceQuantity": "3.0",
      "measurementUnitPrice": 4.67,
      "measurementUnitQuantityPrice": 4.48,
      "measurementUnit": "L",
      "isRedPrice": false,
      "pricePerUOM": 4.67,
      "activationDate": "17-01-2024",
      "isPromoActive": "N",
      "priceChangeCode": "H",
      "quantityPricePerUOM": 4.48,
      "quantityActivationDate": "17-01-2024",
      "quantityPriceChangeCode": "E"
    },
    "isAvailable": true,
    "isPriceAvailable": true,
    "inPromo": false,
    "gtin": [
      "05400141206418"
    ],
    "topCategoryName": "Wijn",
    "topCategoryId": "421",
    "businessDomain": "RETAIL_BE",
    "IsPrivateLabel": true,
    "IsBiffe": false,
    "WeightconversionFactor": "0",
    "IsWeightArticle": false,
    "IsBio": false,
    "CountryOfOrigin": "FRANKRIJK",
    "IsExclusivelySoldInLuxembourg": false,
    "OrderUnit": "P",
    "ShortName": "LERM CHARD VIOG BIB 3L",
    "InSeason": true,
    "IsNew": false,
    "EcoscoreLabel": "C",
    "RecentQuanityOfStockUnits": "1",
    "LongName": "DUC DE LERME Chardonay-Viognier BIB 3L",
    "AlcoholVolume": "13",
    "StartSeasonDate": "21/12/2022",
    "FicCode": "I",
    "EcoscoreValue": "54"
  },
  {
    "productId": "116457",
    "technicalArticleNumber": "3007783",
    "commercialArticleNumber": "15389",
    "name": "cava brut rosé",
    "description": "Kersachtige kleur, fijne bubbels en\nwit schuim. Een elegant aroma van\nbloemen en fruit met noten. Aanbevolen\nte drinken op zichzelf, als aperitief,\nen met lichte maaltijden. schenk op 7°",
    "brand": "GRAN BARON",
    "seoBrand": "Gran Baron",
    "thumbNail": "https://static.colruytgroup.com/images/200x200/std.lang.all/50/93/asset-1155093.jpg",
    "fullImage": "https://static.colruytgroup.com/images/500x500/std.lang.all/50/93/asset-1155093.jpg",
    "squareImage": "https://static.colruytgroup.com/images/500x500sq/std.lang.all/50/93/asset-1155093.jpg",
    "content": "75cl",
    "walkRouteSequenceNumber": 523,
    "price": {
      "basicPrice": 6.99,
      "recommendedQuantity": "1.0",
      "measurementUnitPrice": 9.32,
      "measurementUnit": "L",
      "isRedPrice": false,
      "pricePerUOM": 9.32,
      "activationDate": "12-03-2024",
      "recordSource": "Folder",
      "isPromoActive": "N",
      "priceChangeCode": "L"
    },
    "isAvailable": true,
    "isPriceAvailable": true,
    "inPromo": false,
    "gtin": [
      "08413216221114",
      "08413216121117"
    ],
    "topCategoryName": "Wijn",
    "topCategoryId": "421",
    "businessDomain": "RETAIL_BE",
    "IsPrivateLabel": false,
    "IsBiffe": false,
    "WeightconversionFactor": "0",
    "IsWeightArticle": false,
    "IsBio": false,
    "CountryOfOrigin": "SPANJE",
    "IsExclusivelySoldInLuxembourg": false,
    "OrderUnit": "P",
    "ShortName": "GRAN BARON ROSE 75CL",
    "IsNew": false,
    "EcoscoreLabel": "C",
    "RecentQuanityOfStockUnits": "6,1",
    "LongName": "GRAN BARON cava brut rosé 75cl",
    "AlcoholVolume": "12",
    "FicCode": "E",
    "EcoscoreValue": "46"
  },
  {
    "productId": "537745",
    "technicalArticleNumber": "4134346",
    "commercialArticleNumber": "9501",
    "name": "Côtes du Jura Chardonnay St-Vernier",
    "description": "FRANKRIJK JURA DROOG WIT\nDroge witte wijn gemaakt van vnl.\nChardonnay. Fris, fruitig en krachtig.\nHeerlijk bij vis, sint-jacobsschelp,\nwit vlees en verse kazen.",
    "thumbNail": "https://static.colruytgroup.com/images/200x200/std.lang.all/98/43/asset-1919843.jpg",
    "fullImage": "https://static.colruytgroup.com/images/500x500/std.lang.all/98/43/asset-1919843.jpg",
    "squareImage": "https://static.colruytgroup.com/images/500x500sq/std.lang.all/98/43/asset-1919843.jpg",
    "content": "75cl",
    "walkRouteSequenceNumber": 222,
    "price": {
      "basicPrice": 8.89,
      "recommendedQuantity": "1.0",
      "quantityPrice": 8.53,
      "quantityPriceQuantity": "6.0",
      "measurementUnitPrice": 11.86,
      "measurementUnitQuantityPrice": 11.38,
      "measurementUnit": "L",
      "isRedPrice": false,
      "pricePerUOM": 11.86,
      "activationDate": "13-03-2024",
      "isPromoActive": "N",
      "priceChangeCode": "E",
      "quantityPricePerUOM": 11.38,
      "quantityActivationDate": "13-03-2024",
      "quantityPriceChangeCode": "E"
    },
    "isAvailable": true,
    "isPriceAvailable": true,
    "inPromo": false,
    "gtin": [
      "03250250160949",
      "03250256160943"
    ],
    "topCategoryName": "Wijn",
    "topCategoryId": "421",
    "businessDomain": "RETAIL_BE",
    "IsPrivateLabel": false,
    "IsBiffe": false,
    "WeightconversionFactor": "0",
    "IsWeightArticle": false,
    "IsBio": false,
    "CountryOfOrigin": "FRANKRIJK",
    "IsExclusivelySoldInLuxembourg": false,
    "OrderUnit": "P",
    "ShortName": "COTES JURA CHARDONNAY",
    "IsNew": false,
    "RecentQuanityOfStockUnits": "1,6",
    "LongName": "Côtes du Jura Chardonnay St-Vernier 75cl",
    "AlcoholVolume": "13.5",
    "FicCode": "E"
  },
  {
    "productId": "504481",
    "technicalArticleNumber": "4047112",
    "commercialArticleNumber": "6493",
    "name": "Rosé d'Anjou schrf",
    "description": "FRANKRIJK HALFZOET ROSE\nFijn, fris en fruitig.\nIdeaal bij voorgerechten en wit vlees\nHerbruikbare fles.",
    "brand": "COMTESSES DU VAL",
    "seoBrand": "Comtesses du Val",
    "thumbNail": "https://static.colruytgroup.com/images/200x200/std.lang.all/77/58/asset-1847758.jpg",
    "fullImage": "https://static.colruytgroup.com/images/500x500/std.lang.all/77/58/asset-1847758.jpg",
    "squareImage": "https://static.colruytgroup.com/images/500x500sq/std.lang.all/77/58/asset-1847758.jpg",
    "content": "75cl",
    "walkRouteSequenceNumber": 507,
    "price": {
      "basicPrice": 4.69,
      "recommendedQuantity": "1.0",
      "measurementUnitPrice": 6.26,
      "measurementUnit": "L",
      "isRedPrice": false,
      "pricePerUOM": 6.26,
      "activationDate": "26-12-2023",
      "recordSource": "Offline",
      "isPromoActive": "N",
      "priceChangeCode": "E"
    },
    "isAvailable": true,
    "isPriceAvailable": true,
    "inPromo": false,
    "gtin": [
      "05400141256901",
      "15400141256908"
    ],
    "topCategoryName": "Wijn",
    "topCategoryId": "421",
    "businessDomain": "RETAIL_BE",
    "IsPrivateLabel": true,
    "IsBiffe": false,
    "WeightconversionFactor": "0",
    "IsWeightArticle": false,
    "IsBio": false,
    "CountryOfOrigin": "BELGIË",
    "IsExclusivelySoldInLuxembourg": false,
    "OrderUnit": "P",
    "ShortName": "ROSE ANJOU COMT.V.SCHRF",
    "IsNew": false,
    "EcoscoreLabel": "C",
    "RecentQuanityOfStockUnits": "1,3",
    "LongName": "COMTESSES DU VAL Rosé d'Anjou schrf 75cl",
    "AlcoholVolume": "11.5",
    "FicCode": "I",
    "EcoscoreValue": "59"
  },
  {
    "productId": "1157",
    "technicalArticleNumber": "17701",
    "commercialArticleNumber": "17701",
    "name": "Alsace Pinot Noir réserve",
    "description": "FRANKRIJK ALSACE ROOD\nLichte kleur, typisch voor de Pinot\nNoir-druif. Koel serveren bij lichte\nvleesschotels en gevogelte, of als\naperitief.",
    "thumbNail": "https://static.colruytgroup.com/images/200x200/std.lang.all/29/24/asset-3232924.jpg",
    "fullImage": "https://static.colruytgroup.com/images/500x500/std.lang.all/29/24/asset-3232924.jpg",
    "squareImage": "https://static.colruytgroup.com/images/500x500sq/std.lang.all/29/24/asset-3232924.jpg",
    "content": "75cl",
    "walkRouteSequenceNumber": 215,
    "price": {
      "basicPrice": 6.4,
      "recommendedQuantity": "1.0",
      "measurementUnitPrice": 8.54,
      "measurementUnit": "L",
      "isRedPrice": false,
      "pricePerUOM": 8.54,
      "activationDate": "20-03-2024",
      "recordSource": "Offline",
      "isPromoActive": "N",
      "priceChangeCode": "L"
    },
    "isAvailable": true,
    "isPriceAvailable": true,
    "inPromo": false,
    "gtin": [
      "03225820045216",
      "03225820045223"
    ],
    "topCategoryName": "Wijn",
    "topCategoryId": "421",
    "businessDomain": "RETAIL_BE",
    "IsPrivateLabel": false,
    "IsBiffe": false,
    "WeightconversionFactor": "0",
    "IsWeightArticle": false,
    "IsBio": false,
    "CountryOfOrigin": "FRANKRIJK",
    "IsExclusivelySoldInLuxembourg": false,
    "OrderUnit": "P",
    "ShortName": "PINOT NOIR ALS RES/TRAD",
    "IsNew": false,
    "EcoscoreLabel": "C",
    "RecentQuanityOfStockUnits": "1,6",
    "LongName": "Alsace Pinot Noir réserve 75cl",
    "AlcoholVolume": "12",
    "FicCode": "E",
    "EcoscoreValue": "53"
  },
  {
    "productId": "648196",
    "technicalArticleNumber": "4346017",
    "commercialArticleNumber": "19818",
    "name": "Amstramgram Viognier IGP Oc",
    "description": "Licht exotisch, floraal boeket en\nrijp geel fruit.\nLekker bij salades, pasta's, vis en\nschelpdieren.",
    "thumbNail": "https://static.colruytgroup.com/images/200x200/std.lang.all/67/78/asset-2286778.jpg",
    "fullImage": "https://static.colruytgroup.com/images/500x500/std.lang.all/67/78/asset-2286778.jpg",
    "squareImage": "https://static.colruytgroup.com/images/500x500sq/std.lang.all/67/78/asset-2286778.jpg",
    "content": "75cl",
    "walkRouteSequenceNumber": 166,
    "price": {
      "basicPrice": 4.35,
      "recommendedQuantity": "1.0",
      "measurementUnitPrice": 5.8,
      "measurementUnit": "L",
      "isRedPrice": false,
      "pricePerUOM": 5.8,
      "activationDate": "14-03-2024",
      "recordSource": "Folder",
      "isPromoActive": "N",
      "priceChangeCode": "E"
    },
    "isAvailable": true,
    "isPriceAvailable": true,
    "inPromo": false,
    "gtin": [
      "13760044792234",
      "03760044792237"
    ],
    "topCategoryName": "Wijn",
    "topCategoryId": "421",
    "businessDomain": "RETAIL_BE",
    "IsPrivateLabel": false,
    "IsBiffe": false,
    "WeightconversionFactor": "0",
    "IsWeightArticle": false,
    "IsBio": false,
    "CountryOfOrigin": "FRANKRIJK",
    "IsExclusivelySoldInLuxembourg": false,
    "OrderUnit": "P",
    "ShortName": "C&J VIOGNIER IGP",
    "IsNew": false,
    "RecentQuanityOfStockUnits": "6,1",
    "LongName": "Amstramgram Viognier IGP Oc 75cl",
    "AlcoholVolume": "13",
    "FicCode": "E"
  },
  {
    "productId": "1134",
    "technicalArticleNumber": "17167",
    "commercialArticleNumber": "17167",
    "name": "Anjou rosé BIB",
    "description": "FRANKRIJK ROSE HALFZOET\nLoire-streek (Appellation Contrôlée).\nZeer koel serveren als aperitief,\nverfrissende zomerdrank, bij koude\nschotels en koud buffet.",
    "brand": "LE PRÉ CLOS",
    "seoBrand": "Le Pré Clos",
    "thumbNail": "https://static.colruytgroup.com/images/200x200/std.lang.all/56/40/asset-375640.jpg",
    "fullImage": "https://static.colruytgroup.com/images/500x500/std.lang.all/56/40/asset-375640.jpg",
    "squareImage": "https://static.colruytgroup.com/images/500x500sq/std.lang.all/56/40/asset-375640.jpg",
    "content": "5L",
    "walkRouteSequenceNumber": 1,
    "price": {
      "basicPrice": 26.49,
      "recommendedQuantity": "1.0",
      "measurementUnitPrice": 5.3,
      "measurementUnit": "L",
      "isRedPrice": false,
      "pricePerUOM": 5.3,
      "activationDate": "17-02-2024",
      "recordSource": "Offline",
      "isPromoActive": "N",
      "priceChangeCode": "E"
    },
    "isAvailable": true,
    "isPriceAvailable": true,
    "inPromo": false,
    "gtin": [
      "05400141171679"
    ],
    "topCategoryName": "Wijn",
    "topCategoryId": "421",
    "businessDomain": "RETAIL_BE",
    "IsPrivateLabel": true,
    "IsBiffe": false,
    "WeightconversionFactor": "0",
    "IsWeightArticle": false,
    "IsBio": false,
    "CountryOfOrigin": "FRANKRIJK",
    "IsExclusivelySoldInLuxembourg": false,
    "OrderUnit": "P",
    "ShortName": "PRE CLOS ANJOU BIB 5L",
    "IsNew": false,
    "EcoscoreLabel": "C",
    "RecentQuanityOfStockUnits": "1",
    "LongName": "LE PRÉ CLOS Anjou rosé BIB 5L",
    "AlcoholVolume": "10.5",
    "FicCode": "I",
    "EcoscoreValue": "56"
  },
  {
    "productId": "16431",
    "technicalArticleNumber": "1468637",
    "commercialArticleNumber": "17426",
    "name": "Sauvignon Chili",
    "description": "CHILI DROOG WIT\nFris, fruitig en elegant.\nMooi als aperitief, bij visgerechten\nen koude voorgerechten.\nQAF",
    "brand": "VIÑA TARAPACÁ",
    "seoBrand": "Viña Tarapacá",
    "thumbNail": "https://static.colruytgroup.com/images/200x200/std.lang.all/76/91/asset-1847691.jpg",
    "fullImage": "https://static.colruytgroup.com/images/500x500/std.lang.all/76/91/asset-1847691.jpg",
    "squareImage": "https://static.colruytgroup.com/images/500x500sq/std.lang.all/76/91/asset-1847691.jpg",
    "content": "37,5cl",
    "walkRouteSequenceNumber": 372,
    "price": {
      "basicPrice": 3.69,
      "recommendedQuantity": "1.0",
      "quantityPrice": 3.67,
      "quantityPriceQuantity": "12.0",
      "measurementUnitPrice": 9.84,
      "measurementUnitQuantityPrice": 9.79,
      "measurementUnit": "L",
      "isRedPrice": false,
      "pricePerUOM": 9.84,
      "activationDate": "13-03-2024",
      "recordSource": "Online",
      "isPromoActive": "N",
      "priceChangeCode": "E",
      "quantityPricePerUOM": 9.79,
      "quantityActivationDate": "13-03-2024",
      "quantityPriceChangeCode": "H"
    },
    "isAvailable": true,
    "isPriceAvailable": true,
    "inPromo": false,
    "gtin": [
      "27804340902423",
      "07804340902429"
    ],
    "topCategoryName": "Wijn",
    "topCategoryId": "421",
    "businessDomain": "RETAIL_BE",
    "IsPrivateLabel": false,
    "IsBiffe": false,
    "WeightconversionFactor": "0",
    "IsWeightArticle": false,
    "IsBio": false,
    "CountryOfOrigin": "CHILI",
    "IsExclusivelySoldInLuxembourg": false,
    "OrderUnit": "P",
    "ShortName": "SAUVIGN TARAPACA 37.5CL",
    "IsNew": false,
    "RecentQuanityOfStockUnits": "1,12",
    "LongName": "VIÑA TARAPACÁ Sauvignon Chili 37,5cl",
    "AlcoholVolume": "12.5",
    "FicCode": "E"
  },
  {
    "productId": "88121",
    "technicalArticleNumber": "2975246",
    "commercialArticleNumber": "6658",
    "name": "Pinot Gris Sél. Sommelier Alsace",
    "description": "FRANKRIJK ALSACE DROOG\nLichtgele kleur,intense aroma's van\nappel, bloemen en abrikoos. Krokante\nsmaak zonder mollig over te komen. Bij\nvis, wit vlees, slaatjes, patés.",
    "thumbNail": "https://static.colruytgroup.com/images/200x200/std.lang.all/36/88/asset-973688.jpg",
    "fullImage": "https://static.colruytgroup.com/images/500x500/std.lang.all/36/88/asset-973688.jpg",
    "squareImage": "https://static.colruytgroup.com/images/500x500sq/std.lang.all/36/88/asset-973688.jpg",
    "content": "75cl",
    "walkRouteSequenceNumber": 231,
    "price": {
      "basicPrice": 8.39,
      "recommendedQuantity": "1.0",
      "quantityPrice": 8.05,
      "quantityPriceQuantity": "6.0",
      "measurementUnitPrice": 11.19,
      "measurementUnitQuantityPrice": 10.74,
      "measurementUnit": "L",
      "isRedPrice": false,
      "pricePerUOM": 11.19,
      "activationDate": "17-02-2024",
      "isPromoActive": "N",
      "priceChangeCode": "E",
      "quantityPricePerUOM": 10.74,
      "quantityActivationDate": "17-02-2024",
      "quantityPriceChangeCode": "E"
    },
    "isAvailable": true,
    "isPriceAvailable": true,
    "inPromo": false,
    "gtin": [
      "03221240400345",
      "03221240450340"
    ],
    "topCategoryName": "Wijn",
    "topCategoryId": "421",
    "businessDomain": "RETAIL_BE",
    "IsPrivateLabel": false,
    "IsBiffe": false,
    "WeightconversionFactor": "0",
    "IsWeightArticle": false,
    "IsBio": false,
    "CountryOfOrigin": "BELGIË",
    "IsExclusivelySoldInLuxembourg": false,
    "OrderUnit": "P",
    "ShortName": "PINOT GRIS SOMMELIER",
    "IsNew": false,
    "RecentQuanityOfStockUnits": "1,6",
    "LongName": "Pinot Gris Sél. Sommelier Alsace 75cl",
    "AlcoholVolume": "13",
    "FicCode": "E"
  },
  {
    "productId": "9798",
    "technicalArticleNumber": "1382568",
    "commercialArticleNumber": "17276",
    "name": "Primitivo Puglia IGT",
    "description": "ITALIE ROOD\nHerkomst Puglia. Primitivo druif.\nZwart fruit met geconfijte en minerale\ntoetsen.Krachtige en intense smaak.Bij\nrood vlees, gekruide Ital.schotels",
    "thumbNail": "https://static.colruytgroup.com/images/200x200/std.lang.all/37/04/asset-3243704.jpg",
    "fullImage": "https://static.colruytgroup.com/images/500x500/std.lang.all/37/04/asset-3243704.jpg",
    "squareImage": "https://static.colruytgroup.com/images/500x500sq/std.lang.all/37/04/asset-3243704.jpg",
    "content": "75cl",
    "walkRouteSequenceNumber": 332,
    "price": {
      "basicPrice": 5.69,
      "recommendedQuantity": "1.0",
      "quantityPrice": 5.46,
      "quantityPriceQuantity": "6.0",
      "measurementUnitPrice": 7.59,
      "measurementUnitQuantityPrice": 7.28,
      "measurementUnit": "L",
      "isRedPrice": false,
      "pricePerUOM": 7.59,
      "activationDate": "05-03-2024",
      "recordSource": "Offline",
      "isPromoActive": "N",
      "priceChangeCode": "H",
      "quantityPricePerUOM": 7.28,
      "quantityActivationDate": "05-03-2024",
      "quantityPriceChangeCode": "H"
    },
    "isAvailable": true,
    "isPriceAvailable": true,
    "inPromo": false,
    "gtin": [
      "08032430000697",
      "08032430001656",
      "08032430001717",
      "08032430002509",
      "08032430002493"
    ],
    "topCategoryName": "Wijn",
    "topCategoryId": "421",
    "businessDomain": "RETAIL_BE",
    "IsPrivateLabel": false,
    "IsBiffe": false,
    "WeightconversionFactor": "0",
    "IsWeightArticle": false,
    "IsBio": false,
    "CountryOfOrigin": "ITALIË",
    "IsExclusivelySoldInLuxembourg": false,
    "OrderUnit": "P",
    "ShortName": "PRIMITIVO PUGLIA 75CL",
    "IsNew": false,
    "RecentQuanityOfStockUnits": "6,1,1",
    "LongName": "Primitivo Puglia IGT 75cl",
    "AlcoholVolume": "13.5",
    "FicCode": "E"
  },
  {
    "productId": "150842",
    "technicalArticleNumber": "3329966",
    "commercialArticleNumber": "20697",
    "name": "Sélection brut",
    "description": "Méthode traditionnelle composée de\nChardonnay, Pinot blanc & Chenin\nConditionnement en bouteille\n\"champagne\" Robe Jaune clair avec\nreflets brillants , Bulles fines , nez",
    "brand": "BERNARD MASSARD",
    "seoBrand": "Bernard Massard",
    "thumbNail": "https://static.colruytgroup.com/images/200x200/std.lang.all/07/93/asset-630793.jpg",
    "fullImage": "https://static.colruytgroup.com/images/500x500/std.lang.all/07/93/asset-630793.jpg",
    "squareImage": "https://static.colruytgroup.com/images/500x500sq/std.lang.all/07/93/asset-630793.jpg",
    "content": "75cl",
    "walkRouteSequenceNumber": 516,
    "price": {
      "basicPrice": 10.99,
      "recommendedQuantity": "1.0",
      "measurementUnitPrice": 14.66,
      "measurementUnit": "L",
      "isRedPrice": false,
      "pricePerUOM": 14.66,
      "activationDate": "13-03-2024",
      "isPromoActive": "Y",
      "priceChangeCode": "E"
    },
    "isAvailable": true,
    "isPriceAvailable": true,
    "inPromo": false,
    "gtin": [
      "25450013130109",
      "05450013130815",
      "05450013130105"
    ],
    "topCategoryName": "Wijn",
    "topCategoryId": "421",
    "businessDomain": "RETAIL_BE",
    "IsPrivateLabel": false,
    "IsBiffe": false,
    "WeightconversionFactor": "0",
    "IsWeightArticle": false,
    "IsBio": false,
    "CountryOfOrigin": "LUXEMBURG",
    "IsExclusivelySoldInLuxembourg": false,
    "OrderUnit": "P",
    "ShortName": "BERNARD MAS BRUT 75CL",
    "IsNew": false,
    "EcoscoreLabel": "D",
    "RecentQuanityOfStockUnits": "6,1",
    "LongName": "BERNARD MASSARD Sélection brut 75cl",
    "AlcoholVolume": "11",
    "FicCode": "E",
    "EcoscoreValue": "23"
  },
  {
    "productId": "641920",
    "technicalArticleNumber": "4335824",
    "commercialArticleNumber": "18779",
    "name": "Robb's chardonnay W.O Robertson",
    "description": "*13.5% vol",
    "thumbNail": "https://static.colruytgroup.com/images/200x200/std.lang.all/73/24/asset-3277324.jpg",
    "fullImage": "https://static.colruytgroup.com/images/500x500/std.lang.all/73/24/asset-3277324.jpg",
    "squareImage": "https://static.colruytgroup.com/images/500x500sq/std.lang.all/73/24/asset-3277324.jpg",
    "walkRouteSequenceNumber": 370,
    "price": {
      "basicPrice": 3.99,
      "recommendedQuantity": "1.0",
      "measurementUnitPrice": 5.32,
      "measurementUnit": "L",
      "isRedPrice": false,
      "pricePerUOM": 5.32,
      "activationDate": "14-03-2024",
      "recordSource": "Offline",
      "isPromoActive": "N",
      "priceChangeCode": "E"
    },
    "isAvailable": true,
    "isPriceAvailable": true,
    "inPromo": false,
    "gtin": [
      "05430000560504",
      "05430000560511",
      "04003301074615",
      "04003301074608"
    ],
    "topCategoryName": "Wijn",
    "topCategoryId": "421",
    "businessDomain": "RETAIL_BE",
    "IsPrivateLabel": false,
    "IsBiffe": false,
    "WeightconversionFactor": "0",
    "IsWeightArticle": false,
    "IsBio": false,
    "CountryOfOrigin": "ZUID-AFRIKA",
    "IsExclusivelySoldInLuxembourg": false,
    "OrderUnit": "P",
    "ShortName": "ROBB S CHARDONNAY Z-A",
    "IsNew": false,
    "RecentQuanityOfStockUnits": "1,6",
    "LongName": "Robb's chardonnay W.O Robertson",
    "AlcoholVolume": "13.5",
    "FicCode": "E"
  },
  {
    "productId": "15862",
    "technicalArticleNumber": "1420026",
    "commercialArticleNumber": "17998",
    "name": "Cordillera Sauv Chili wit BIB",
    "description": "Chili wit droog\nKrokante, nerveuze witte wijn.\nHeel aangenaam bij aperitiefhapjes en\ngerookte vis, bij koude schotels.",
    "thumbNail": "https://static.colruytgroup.com/images/200x200/std.lang.all/78/52/asset-2077852.jpg",
    "fullImage": "https://static.colruytgroup.com/images/500x500/std.lang.all/78/52/asset-2077852.jpg",
    "squareImage": "https://static.colruytgroup.com/images/500x500sq/std.lang.all/78/52/asset-2077852.jpg",
    "content": "3L",
    "walkRouteSequenceNumber": 10,
    "price": {
      "basicPrice": 14.99,
      "recommendedQuantity": "1.0",
      "quantityPrice": 13.79,
      "quantityPriceQuantity": "3.0",
      "measurementUnitPrice": 5,
      "measurementUnitQuantityPrice": 4.6,
      "measurementUnit": "L",
      "isRedPrice": false,
      "pricePerUOM": 5,
      "activationDate": "13-03-2024",
      "isPromoActive": "Y",
      "priceChangeCode": "E",
      "quantityPricePerUOM": 4.6,
      "quantityActivationDate": "13-03-2024",
      "quantityPriceChangeCode": "L"
    },
    "isAvailable": true,
    "isPriceAvailable": true,
    "inPromo": false,
    "gtin": [
      "05400141032895"
    ],
    "topCategoryName": "Wijn",
    "topCategoryId": "421",
    "businessDomain": "RETAIL_BE",
    "IsPrivateLabel": false,
    "IsBiffe": false,
    "WeightconversionFactor": "0",
    "IsWeightArticle": false,
    "IsBio": false,
    "CountryOfOrigin": "CHILI",
    "IsExclusivelySoldInLuxembourg": false,
    "OrderUnit": "P",
    "ShortName": "CORDILLERA CHIL BIB 3L",
    "IsNew": false,
    "EcoscoreLabel": "D",
    "RecentQuanityOfStockUnits": "1",
    "LongName": "Cordillera Sauv Chili wit BIB 3L",
    "AlcoholVolume": "12.5",
    "FicCode": "I",
    "EcoscoreValue": "34"
  },
  {
    "productId": "359324",
    "technicalArticleNumber": "3788492",
    "commercialArticleNumber": "40471",
    "name": "Languedoc Réserve Gérard Bertrand",
    "thumbNail": "https://static.colruytgroup.com/images/200x200/std.lang.all/66/74/asset-2286674.jpg",
    "fullImage": "https://static.colruytgroup.com/images/500x500/std.lang.all/66/74/asset-2286674.jpg",
    "squareImage": "https://static.colruytgroup.com/images/500x500sq/std.lang.all/66/74/asset-2286674.jpg",
    "content": "75cl",
    "walkRouteSequenceNumber": 245,
    "price": {
      "basicPrice": 5.89,
      "recommendedQuantity": "1.0",
      "measurementUnitPrice": 7.86,
      "measurementUnit": "L",
      "isRedPrice": true,
      "redPriceReason": "Promo",
      "referencePrice": 6.69,
      "retentionPeriod": 30,
      "pricePerUOM": 7.86,
      "activationDate": "13-03-2024",
      "isPromoActive": "Y",
      "priceChangeCode": "L"
    },
    "isAvailable": true,
    "isPriceAvailable": true,
    "inPromo": false,
    "gtin": [
      "03514123320947",
      "03514123111156"
    ],
    "topCategoryName": "Wijn",
    "topCategoryId": "421",
    "businessDomain": "RETAIL_BE",
    "IsPrivateLabel": false,
    "IsBiffe": false,
    "WeightconversionFactor": "0",
    "IsWeightArticle": false,
    "IsBio": false,
    "CountryOfOrigin": "FRANKRIJK",
    "IsExclusivelySoldInLuxembourg": false,
    "OrderUnit": "P",
    "ShortName": "LANGUEDOC RESERVE 75CL",
    "IsNew": false,
    "RecentQuanityOfStockUnits": "6,1",
    "LongName": "Languedoc Réserve Gérard Bertrand 75cl",
    "AlcoholVolume": "13.5",
    "FicCode": "E"
  },
  {
    "productId": "1309",
    "technicalArticleNumber": "17903",
    "commercialArticleNumber": "17903",
    "name": "Baron Tuffier brut Vouvray",
    "description": "FRANKRIJK SCHUIMWIJN LOIRE DROOG\nMéthode traditionnelle. Afkomstig\nvan de eerste cuvée. Fijne schuimwijn\nmet karakter. Koel opdienen.\nAanbevolen voor elke gelegenheid.",
    "thumbNail": "https://static.colruytgroup.com/images/200x200/std.lang.all/80/88/asset-1238088.jpg",
    "fullImage": "https://static.colruytgroup.com/images/500x500/std.lang.all/80/88/asset-1238088.jpg",
    "squareImage": "https://static.colruytgroup.com/images/500x500sq/std.lang.all/80/88/asset-1238088.jpg",
    "content": "75cl",
    "walkRouteSequenceNumber": 460,
    "price": {
      "basicPrice": 9.89,
      "recommendedQuantity": "1.0",
      "measurementUnitPrice": 13.19,
      "measurementUnit": "L",
      "isRedPrice": true,
      "redPriceReason": "Promo",
      "referencePrice": 9.99,
      "retentionPeriod": 30,
      "pricePerUOM": 13.19,
      "activationDate": "13-03-2024",
      "isPromoActive": "Y",
      "priceChangeCode": "L"
    },
    "isAvailable": true,
    "isPriceAvailable": true,
    "inPromo": false,
    "gtin": [
      "03306830000829",
      "03306830001239"
    ],
    "topCategoryName": "Wijn",
    "topCategoryId": "421",
    "businessDomain": "RETAIL_BE",
    "IsPrivateLabel": false,
    "IsBiffe": false,
    "WeightconversionFactor": "0",
    "IsWeightArticle": false,
    "IsBio": false,
    "CountryOfOrigin": "FRANKRIJK",
    "IsExclusivelySoldInLuxembourg": false,
    "OrderUnit": "P",
    "ShortName": "VOUVRAY BARON TUFFIER",
    "IsNew": false,
    "RecentQuanityOfStockUnits": "6,1",
    "LongName": "Baron Tuffier brut Vouvray 75cl",
    "AlcoholVolume": "12.5",
    "FicCode": "E"
  },
  {
    "productId": "135924",
    "technicalArticleNumber": "3168186",
    "commercialArticleNumber": "23718",
    "name": "La Petite Muraille Corbières rood",
    "description": "FRANCE ROUGE CORBIERES Intense kleur.\nKruidige, pittige wijn vol fruit.\nLichte houttoets die de wijn\neen mooie structuur geeft vol\nkarakter. Een waar plezier.",
    "thumbNail": "https://static.colruytgroup.com/images/200x200/std.lang.all/34/89/asset-2903489.jpg",
    "fullImage": "https://static.colruytgroup.com/images/500x500/std.lang.all/34/89/asset-2903489.jpg",
    "squareImage": "https://static.colruytgroup.com/images/500x500sq/std.lang.all/34/89/asset-2903489.jpg",
    "content": "75cl",
    "walkRouteSequenceNumber": 267,
    "price": {
      "basicPrice": 6.89,
      "recommendedQuantity": "1.0",
      "measurementUnitPrice": 9.19,
      "measurementUnit": "L",
      "isRedPrice": false,
      "pricePerUOM": 9.19,
      "activationDate": "13-03-2024",
      "isPromoActive": "N",
      "priceChangeCode": "E"
    },
    "isAvailable": true,
    "isPriceAvailable": true,
    "inPromo": false,
    "gtin": [
      "03418230006322",
      "03418230001211",
      "03418230001204"
    ],
    "topCategoryName": "Wijn",
    "topCategoryId": "421",
    "businessDomain": "RETAIL_BE",
    "IsPrivateLabel": false,
    "IsBiffe": false,
    "WeightconversionFactor": "0",
    "IsWeightArticle": false,
    "IsBio": false,
    "CountryOfOrigin": "BELGIË",
    "IsExclusivelySoldInLuxembourg": false,
    "OrderUnit": "P",
    "ShortName": "LA PTE MURAILLE CORBIER",
    "IsNew": false,
    "RecentQuanityOfStockUnits": "1,6",
    "LongName": "La Petite Muraille Corbières rood 75cl",
    "AlcoholVolume": "14",
    "FicCode": "E"
  },
  {
    "productId": "17466",
    "technicalArticleNumber": "1715173",
    "commercialArticleNumber": "18249",
    "name": "Adobe Carmenere Chili Bio",
    "description": "CHILI ROOD KWALITEITSWIJN\nBiologisch geteelde, krachtige wijn\nuit Colchagua Valley. Intense rode\nkleur, fruit en paprika aroma's, rijp\nmondvullend, lang en vlezig.",
    "thumbNail": "https://static.colruytgroup.com/images/200x200/std.lang.all/51/44/asset-2855144.jpg",
    "fullImage": "https://static.colruytgroup.com/images/500x500/std.lang.all/51/44/asset-2855144.jpg",
    "squareImage": "https://static.colruytgroup.com/images/500x500sq/std.lang.all/51/44/asset-2855144.jpg",
    "content": "75cl",
    "walkRouteSequenceNumber": 383,
    "price": {
      "basicPrice": 6.99,
      "recommendedQuantity": "1.0",
      "measurementUnitPrice": 9.32,
      "measurementUnit": "L",
      "isRedPrice": false,
      "pricePerUOM": 9.32,
      "activationDate": "13-03-2024",
      "recordSource": "Offline",
      "isPromoActive": "N",
      "priceChangeCode": "E"
    },
    "isAvailable": true,
    "isPriceAvailable": true,
    "inPromo": false,
    "gtin": [
      "37804320150605",
      "07804320150604"
    ],
    "topCategoryName": "Wijn",
    "topCategoryId": "421",
    "businessDomain": "RETAIL_BE",
    "IsPrivateLabel": false,
    "IsBiffe": false,
    "WeightconversionFactor": "0",
    "IsWeightArticle": false,
    "IsBio": true,
    "CountryOfOrigin": "CHILI",
    "IsExclusivelySoldInLuxembourg": false,
    "OrderUnit": "P",
    "ShortName": "ADOBE CARMENERE CHI.BIO",
    "IsNew": false,
    "RecentQuanityOfStockUnits": "6,1",
    "LongName": "Adobe Carmenere Chili Bio 75cl",
    "AlcoholVolume": "13",
    "FicCode": "E"
  },
  {
    "productId": "135924",
    "technicalArticleNumber": "3168186",
    "commercialArticleNumber": "23718",
    "name": "La Petite Muraille Corbières rood",
    "description": "FRANCE ROUGE CORBIERES Intense kleur.\nKruidige, pittige wijn vol fruit.\nLichte houttoets die de wijn\neen mooie structuur geeft vol\nkarakter. Een waar plezier.",
    "thumbNail": "https://static.colruytgroup.com/images/200x200/std.lang.all/34/89/asset-2903489.jpg",
    "fullImage": "https://static.colruytgroup.com/images/500x500/std.lang.all/34/89/asset-2903489.jpg",
    "squareImage": "https://static.colruytgroup.com/images/500x500sq/std.lang.all/34/89/asset-2903489.jpg",
    "content": "75cl",
    "walkRouteSequenceNumber": 267,
    "price": {
      "basicPrice": 6.89,
      "recommendedQuantity": "1.0",
      "measurementUnitPrice": 9.19,
      "measurementUnit": "L",
      "isRedPrice": false,
      "pricePerUOM": 9.19,
      "activationDate": "13-03-2024",
      "isPromoActive": "N",
      "priceChangeCode": "E"
    },
    "isAvailable": true,
    "isPriceAvailable": true,
    "inPromo": false,
    "gtin": [
      "03418230006322",
      "03418230001211",
      "03418230001204"
    ],
    "topCategoryName": "Wijn",
    "topCategoryId": "421",
    "businessDomain": "RETAIL_BE",
    "IsPrivateLabel": false,
    "IsBiffe": false,
    "WeightconversionFactor": "0",
    "IsWeightArticle": false,
    "IsBio": false,
    "CountryOfOrigin": "BELGIË",
    "IsExclusivelySoldInLuxembourg": false,
    "OrderUnit": "P",
    "ShortName": "LA PTE MURAILLE CORBIER",
    "IsNew": false,
    "RecentQuanityOfStockUnits": "1,6",
    "LongName": "La Petite Muraille Corbières rood 75cl",
    "AlcoholVolume": "14",
    "FicCode": "E"
  },
  {
    "productId": "68480",
    "technicalArticleNumber": "2827907",
    "commercialArticleNumber": "32189",
    "name": "wijn Merlot 0%",
    "description": "Deze Vintense is gemaakt van\nmerlotwijn waar de alcohol volledig\nuitgehaald is (= geen gewoon\ndruivensap). Aroma's van cassis en\nbraambes. Bij rood vlees en kaas.",
    "brand": "VINTENSE",
    "seoBrand": "Vintense",
    "thumbNail": "https://static.colruytgroup.com/images/200x200/std.lang.all/54/73/asset-2325473.jpg",
    "fullImage": "https://static.colruytgroup.com/images/500x500/std.lang.all/54/73/asset-2325473.jpg",
    "squareImage": "https://static.colruytgroup.com/images/500x500sq/std.lang.all/54/73/asset-2325473.jpg",
    "content": "75cl",
    "walkRouteSequenceNumber": 538,
    "price": {
      "basicPrice": 5.99,
      "recommendedQuantity": "1.0",
      "quantityPrice": 5.75,
      "quantityPriceQuantity": "6.0",
      "measurementUnitPrice": 7.99,
      "measurementUnitQuantityPrice": 7.67,
      "measurementUnit": "L",
      "isRedPrice": false,
      "pricePerUOM": 7.99,
      "activationDate": "14-02-2024",
      "recordSource": "Offline",
      "isPromoActive": "N",
      "priceChangeCode": "E",
      "quantityPricePerUOM": 7.67,
      "quantityActivationDate": "14-02-2024",
      "quantityPriceChangeCode": "E"
    },
    "isAvailable": true,
    "isPriceAvailable": true,
    "inPromo": false,
    "gtin": [
      "05415270100278",
      "05415270200121"
    ],
    "topCategoryName": "Wijn",
    "topCategoryId": "421",
    "businessDomain": "RETAIL_BE",
    "IsPrivateLabel": false,
    "IsBiffe": false,
    "WeightconversionFactor": "0",
    "IsWeightArticle": false,
    "nutriscoreLabel": "C",
    "IsBio": false,
    "CountryOfOrigin": "BELGIË",
    "IsExclusivelySoldInLuxembourg": false,
    "OrderUnit": "P",
    "ShortName": "VINT MERLOT 0% 75CL",
    "IsNew": false,
    "EcoscoreLabel": "D",
    "RecentQuanityOfStockUnits": "6,1",
    "LongName": "VINTENSE wijn Merlot 0% 75cl",
    "AlcoholVolume": "0",
    "FicCode": "E",
    "EcoscoreValue": "22"
  },
  {
    "productId": "93962",
    "technicalArticleNumber": "2809345",
    "commercialArticleNumber": "32717",
    "name": "Cava Reserva brut",
    "description": "CAVA BRUT RESERVA",
    "brand": "MAS PERE",
    "seoBrand": "Mas Pere",
    "thumbNail": "https://static.colruytgroup.com/images/200x200/std.lang.all/75/47/asset-2717547.jpg",
    "fullImage": "https://static.colruytgroup.com/images/500x500/std.lang.all/75/47/asset-2717547.jpg",
    "squareImage": "https://static.colruytgroup.com/images/500x500sq/std.lang.all/75/47/asset-2717547.jpg",
    "content": "3x20cl",
    "walkRouteSequenceNumber": 531,
    "price": {
      "basicPrice": 11.99,
      "recommendedQuantity": "1.0",
      "quantityPrice": 11.51,
      "quantityPriceQuantity": "3.0",
      "measurementUnitPrice": 19.99,
      "measurementUnitQuantityPrice": 19.19,
      "measurementUnit": "L",
      "isRedPrice": false,
      "pricePerUOM": 19.99,
      "activationDate": "03-01-2024",
      "isPromoActive": "N",
      "priceChangeCode": "H",
      "quantityPricePerUOM": 19.19,
      "quantityActivationDate": "03-01-2024",
      "quantityPriceChangeCode": "H"
    },
    "isAvailable": true,
    "isPriceAvailable": true,
    "inPromo": false,
    "gtin": [
      "08426998258032",
      "08426998258346",
      "08426998258209"
    ],
    "topCategoryName": "Wijn",
    "topCategoryId": "421",
    "businessDomain": "RETAIL_BE",
    "IsPrivateLabel": false,
    "IsBiffe": false,
    "WeightconversionFactor": "0",
    "IsWeightArticle": false,
    "IsBio": false,
    "CountryOfOrigin": "SPANJE",
    "IsExclusivelySoldInLuxembourg": false,
    "OrderUnit": "P",
    "ShortName": "/RE MAS PERE CAVA 3X20C",
    "IsNew": false,
    "RecentQuanityOfStockUnits": "8,1",
    "LongName": "MAS PERE Cava Reserva brut 3x20cl",
    "AlcoholVolume": "11.5",
    "FicCode": "E"
  },
  {
    "productId": "1180",
    "technicalArticleNumber": "17225",
    "commercialArticleNumber": "17225",
    "name": "St Nicolas Bourgueil Domaine",
    "description": "FRANKRIJK LOIRE ROOD\nZeer frisse rode wijn uit de Loire-\nstreek. Fruitig, met een fijn en\ndelicaat boeket van rode vruchten.\nJong drinken op keldertemperatuur.",
    "thumbNail": "https://static.colruytgroup.com/images/200x200/std.lang.all/75/97/asset-357597.jpg",
    "fullImage": "https://static.colruytgroup.com/images/500x500/std.lang.all/75/97/asset-357597.jpg",
    "squareImage": "https://static.colruytgroup.com/images/500x500sq/std.lang.all/75/97/asset-357597.jpg",
    "content": "75cl",
    "walkRouteSequenceNumber": 209,
    "price": {
      "basicPrice": 7.95,
      "recommendedQuantity": "1.0",
      "measurementUnitPrice": 10.6,
      "measurementUnit": "L",
      "isRedPrice": false,
      "pricePerUOM": 10.6,
      "activationDate": "18-03-2024",
      "recordSource": "Folder",
      "isPromoActive": "N",
      "priceChangeCode": "E"
    },
    "isAvailable": true,
    "isPriceAvailable": true,
    "inPromo": false,
    "gtin": [
      "03172250001148",
      "13172250001145"
    ],
    "topCategoryName": "Wijn",
    "topCategoryId": "421",
    "businessDomain": "RETAIL_BE",
    "IsPrivateLabel": false,
    "IsBiffe": false,
    "WeightconversionFactor": "0",
    "IsWeightArticle": false,
    "IsBio": false,
    "CountryOfOrigin": "FRANKRIJK",
    "IsExclusivelySoldInLuxembourg": false,
    "OrderUnit": "P",
    "ShortName": "ST NICOLAS DE BOURGUEIL",
    "InSeason": true,
    "IsNew": false,
    "EcoscoreLabel": "D",
    "RecentQuanityOfStockUnits": "1,6",
    "LongName": "St Nicolas Bourgueil Domaine 75cl",
    "AlcoholVolume": "12.5",
    "StartSeasonDate": "21/12/2017",
    "FicCode": "E",
    "EcoscoreValue": "22"
  },
  {
    "productId": "276867",
    "technicalArticleNumber": "3643307",
    "commercialArticleNumber": "14281",
    "name": "Diable rose AOC Saint-Mont",
    "description": "ZUID-WEST-FRANKRIJK\nProvencaalse kleur en geur met een\nfijne en toch stevige smaak. Ideaal\nbij slaatjes, BBQ. Leuke moderne rosé",
    "thumbNail": "https://static.colruytgroup.com/images/200x200/std.lang.all/42/48/asset-1474248.jpg",
    "fullImage": "https://static.colruytgroup.com/images/500x500/std.lang.all/42/48/asset-1474248.jpg",
    "squareImage": "https://static.colruytgroup.com/images/500x500sq/std.lang.all/42/48/asset-1474248.jpg",
    "content": "75cl",
    "walkRouteSequenceNumber": 492,
    "price": {
      "basicPrice": 5.25,
      "recommendedQuantity": "1.0",
      "quantityPrice": 5.04,
      "quantityPriceQuantity": "6.0",
      "measurementUnitPrice": 7,
      "measurementUnitQuantityPrice": 6.72,
      "measurementUnit": "L",
      "isRedPrice": false,
      "pricePerUOM": 7,
      "activationDate": "28-06-2023",
      "isPromoActive": "N",
      "priceChangeCode": "E",
      "quantityPricePerUOM": 6.72,
      "quantityActivationDate": "28-06-2023",
      "quantityPriceChangeCode": "E"
    },
    "isAvailable": true,
    "isPriceAvailable": true,
    "inPromo": false,
    "gtin": [
      "03270040504784",
      "03270040504777"
    ],
    "topCategoryName": "Wijn",
    "topCategoryId": "421",
    "businessDomain": "RETAIL_BE",
    "IsPrivateLabel": false,
    "IsBiffe": false,
    "WeightconversionFactor": "0",
    "IsWeightArticle": false,
    "IsBio": false,
    "CountryOfOrigin": "FRANKRIJK",
    "IsExclusivelySoldInLuxembourg": false,
    "OrderUnit": "P",
    "ShortName": "DIABLE ROSE ST-MONT 75C",
    "IsNew": false,
    "RecentQuanityOfStockUnits": "1,6",
    "LongName": "Diable rose AOC Saint-Mont 75cl",
    "AlcoholVolume": "12",
    "FicCode": "E"
  },
  {
    "productId": "7781",
    "technicalArticleNumber": "1162100",
    "commercialArticleNumber": "17155",
    "name": "Fantini Trebbiano d'Abruzzo",
    "description": "ITALIE WIT DROOG\nMooie gele kleur met romige, bloemige\naroma's en fijne limoentoets. Ronde,\nvrij krachtige wijn met stevige af-\ndronk. Bij vis en koude schotels.",
    "thumbNail": "https://static.colruytgroup.com/images/200x200/std.lang.all/23/76/asset-1372376.jpg",
    "fullImage": "https://static.colruytgroup.com/images/500x500/std.lang.all/23/76/asset-1372376.jpg",
    "squareImage": "https://static.colruytgroup.com/images/500x500sq/std.lang.all/23/76/asset-1372376.jpg",
    "content": "75cl",
    "walkRouteSequenceNumber": 287,
    "price": {
      "basicPrice": 5.85,
      "recommendedQuantity": "1.0",
      "quantityPrice": 5.62,
      "quantityPriceQuantity": "6.0",
      "measurementUnitPrice": 7.8,
      "measurementUnitQuantityPrice": 7.5,
      "measurementUnit": "L",
      "isRedPrice": false,
      "pricePerUOM": 7.8,
      "activationDate": "20-03-2024",
      "isPromoActive": "N",
      "priceChangeCode": "H",
      "quantityPricePerUOM": 7.5,
      "quantityActivationDate": "20-03-2024",
      "quantityPriceChangeCode": "H"
    },
    "isAvailable": true,
    "isPriceAvailable": true,
    "inPromo": false,
    "gtin": [
      "08019873000330",
      "08019873000026"
    ],
    "topCategoryName": "Wijn",
    "topCategoryId": "421",
    "businessDomain": "RETAIL_BE",
    "IsPrivateLabel": false,
    "IsBiffe": false,
    "WeightconversionFactor": "0",
    "IsWeightArticle": false,
    "IsBio": false,
    "CountryOfOrigin": "ITALIË",
    "IsExclusivelySoldInLuxembourg": false,
    "OrderUnit": "P",
    "ShortName": "FANTINI TREBBIANO ABRUZ",
    "IsNew": false,
    "RecentQuanityOfStockUnits": "1,6",
    "LongName": "Fantini Trebbiano d'Abruzzo 75cl",
    "AlcoholVolume": "12",
    "FicCode": "E"
  },
  {
    "productId": "14206",
    "technicalArticleNumber": "1605689",
    "commercialArticleNumber": "17325",
    "name": "Riesling Pfalz",
    "description": "DUITSLAND DROOG WIT\nWijn 'nieuwe stijl' uit Duitsland:\ndroog, nerveus en krachtig. Citrus en\nandere exotische aroma's. Lekker met\nlichte vis en vleesschotels, salades.",
    "brand": "RUDOLF MULLER",
    "seoBrand": "Rudolf Müller",
    "thumbNail": "https://static.colruytgroup.com/images/200x200/std.lang.all/90/84/asset-1549084.jpg",
    "fullImage": "https://static.colruytgroup.com/images/500x500/std.lang.all/90/84/asset-1549084.jpg",
    "squareImage": "https://static.colruytgroup.com/images/500x500sq/std.lang.all/90/84/asset-1549084.jpg",
    "content": "75cl",
    "walkRouteSequenceNumber": 282,
    "price": {
      "basicPrice": 5.29,
      "recommendedQuantity": "1.0",
      "quantityPrice": 4,
      "quantityPriceQuantity": "2.0",
      "measurementUnitPrice": 7.06,
      "measurementUnitQuantityPrice": 5.34,
      "measurementUnit": "L",
      "isRedPrice": false,
      "pricePerUOM": 7.06,
      "activationDate": "13-03-2024",
      "isPromoActive": "Y",
      "priceChangeCode": "E",
      "quantityPricePerUOM": 5.34,
      "quantityActivationDate": "13-03-2024",
      "quantityPriceChangeCode": "L"
    },
    "isAvailable": true,
    "isPriceAvailable": true,
    "inPromo": false,
    "gtin": [
      "04006542617443",
      "04006542017441"
    ],
    "topCategoryName": "Wijn",
    "topCategoryId": "421",
    "businessDomain": "RETAIL_BE",
    "IsPrivateLabel": false,
    "IsBiffe": false,
    "WeightconversionFactor": "0",
    "IsWeightArticle": false,
    "IsBio": false,
    "CountryOfOrigin": "DUITSLAND",
    "IsExclusivelySoldInLuxembourg": false,
    "OrderUnit": "P",
    "ShortName": "RIESLING PFALZ",
    "IsNew": false,
    "RecentQuanityOfStockUnits": "6,1",
    "LongName": "RUDOLF MULLER Riesling Pfalz 75cl",
    "AlcoholVolume": "12.5",
    "FicCode": "E"
  },
  {
    "productId": "249610",
    "technicalArticleNumber": "3666707",
    "commercialArticleNumber": "41148",
    "name": "Corbieres AOP BIB",
    "brand": "LES BÉCASSES",
    "seoBrand": "Les Bécasses",
    "thumbNail": "https://static.colruytgroup.com/images/200x200/std.lang.all/67/20/asset-1306720.jpg",
    "fullImage": "https://static.colruytgroup.com/images/500x500/std.lang.all/67/20/asset-1306720.jpg",
    "squareImage": "https://static.colruytgroup.com/images/500x500sq/std.lang.all/67/20/asset-1306720.jpg",
    "content": "3L",
    "walkRouteSequenceNumber": 72,
    "price": {
      "basicPrice": 12.29,
      "recommendedQuantity": "1.0",
      "measurementUnitPrice": 4.1,
      "measurementUnit": "L",
      "isRedPrice": true,
      "redPriceReason": "Promo",
      "referencePrice": 13.99,
      "retentionPeriod": 30,
      "pricePerUOM": 4.1,
      "activationDate": "13-03-2024",
      "isPromoActive": "Y",
      "priceChangeCode": "L"
    },
    "isAvailable": true,
    "isPriceAvailable": true,
    "inPromo": false,
    "gtin": [
      "05400141029666"
    ],
    "topCategoryName": "Wijn",
    "topCategoryId": "421",
    "businessDomain": "RETAIL_BE",
    "IsPrivateLabel": true,
    "IsBiffe": false,
    "WeightconversionFactor": "0",
    "IsWeightArticle": false,
    "IsBio": false,
    "CountryOfOrigin": "FRANKRIJK",
    "IsExclusivelySoldInLuxembourg": false,
    "OrderUnit": "P",
    "ShortName": "BECASSES CORB BIB 3L",
    "IsNew": false,
    "EcoscoreLabel": "C",
    "RecentQuanityOfStockUnits": "1",
    "LongName": "LES BÉCASSES Corbieres AOP BIB 3L",
    "AlcoholVolume": "14",
    "FicCode": "I",
    "EcoscoreValue": "53"
  },
  {
    "productId": "859203",
    "technicalArticleNumber": "4709600",
    "commercialArticleNumber": "31805",
    "name": "appel aardbei blik",
    "description": "*Sprankelend\nappelsap\n*op basis van\nconcentraat",
    "brand": "KIDIBUL",
    "seoBrand": "Kidibul",
    "thumbNail": "https://static.colruytgroup.com/images/200x200/std.lang.all/20/20/asset-3162020.jpg",
    "fullImage": "https://static.colruytgroup.com/images/500x500/std.lang.all/20/20/asset-3162020.jpg",
    "squareImage": "https://static.colruytgroup.com/images/500x500sq/std.lang.all/20/20/asset-3162020.jpg",
    "content": "25cl",
    "walkRouteSequenceNumber": 561,
    "price": {
      "basicPrice": 1.14,
      "recommendedQuantity": "4.0",
      "measurementUnitPrice": 4.56,
      "measurementUnit": "L",
      "isRedPrice": false,
      "pricePerUOM": 4.56,
      "activationDate": "19-03-2024",
      "recordSource": "Offline",
      "isPromoActive": "N",
      "priceChangeCode": "L"
    },
    "isAvailable": true,
    "isPriceAvailable": true,
    "inPromo": false,
    "gtin": [
      "00000054096158",
      "05415270201616",
      "05415270300630",
      "05410293029315"
    ],
    "topCategoryName": "Wijn",
    "topCategoryId": "421",
    "businessDomain": "RETAIL_BE",
    "IsPrivateLabel": false,
    "IsBiffe": false,
    "WeightconversionFactor": "0",
    "IsWeightArticle": false,
    "nutriscoreLabel": "E",
    "IsBio": false,
    "CountryOfOrigin": "BELGIË",
    "IsExclusivelySoldInLuxembourg": false,
    "OrderUnit": "P",
    "ShortName": "KIDI APPEL-AARD.BLIK25C",
    "IsNew": false,
    "RecentQuanityOfStockUnits": "1,4",
    "LongName": "KIDIBUL appel aardbei blik 25cl",
    "AlcoholVolume": "0",
    "FicCode": "E"
  },
  {
    "productId": "6073",
    "technicalArticleNumber": "1157652",
    "commercialArticleNumber": "17245",
    "name": "Bio Ch Vieux Gabiran Bordeaux",
    "description": "FRANKRIJK BORDEAUX ROOD\nBiologisch geteeld. Aangename, soepele\nstijlvolle wijn, aanbevolen bij\ngevogelte, gebraad, zachte kazen.\nMILIEUBIJDRAGE: biologische teelt.",
    "thumbNail": "https://static.colruytgroup.com/images/200x200/std.lang.all/18/24/asset-871824.jpg",
    "fullImage": "https://static.colruytgroup.com/images/500x500/std.lang.all/18/24/asset-871824.jpg",
    "squareImage": "https://static.colruytgroup.com/images/500x500sq/std.lang.all/18/24/asset-871824.jpg",
    "content": "75cl",
    "walkRouteSequenceNumber": 147,
    "price": {
      "basicPrice": 6.49,
      "recommendedQuantity": "1.0",
      "quantityPrice": 6.23,
      "quantityPriceQuantity": "6.0",
      "measurementUnitPrice": 8.66,
      "measurementUnitQuantityPrice": 8.31,
      "measurementUnit": "L",
      "isRedPrice": false,
      "pricePerUOM": 8.66,
      "activationDate": "07-02-2024",
      "recordSource": "Online",
      "isPromoActive": "N",
      "priceChangeCode": "L",
      "quantityPricePerUOM": 8.31,
      "quantityActivationDate": "07-02-2024",
      "quantityPriceChangeCode": "L"
    },
    "isAvailable": true,
    "isPriceAvailable": true,
    "inPromo": false,
    "gtin": [
      "03251093607615",
      "03251093607622"
    ],
    "topCategoryName": "Wijn",
    "topCategoryId": "421",
    "businessDomain": "RETAIL_BE",
    "IsPrivateLabel": false,
    "IsBiffe": false,
    "WeightconversionFactor": "0",
    "IsWeightArticle": false,
    "IsBio": true,
    "CountryOfOrigin": "FRANKRIJK",
    "IsExclusivelySoldInLuxembourg": false,
    "OrderUnit": "P",
    "ShortName": "BIO CH VIEUX GABIRAN",
    "IsNew": false,
    "RecentQuanityOfStockUnits": "6,1",
    "LongName": "Bio Ch Vieux Gabiran Bordeaux 75cl",
    "AlcoholVolume": "12.5",
    "FicCode": "E"
  },
  {
    "productId": "88433",
    "technicalArticleNumber": "2938067",
    "commercialArticleNumber": "7446",
    "name": "Sentada Argentinië rood BIB",
    "thumbNail": "https://static.colruytgroup.com/images/200x200/std.lang.all/93/01/asset-1549301.jpg",
    "fullImage": "https://static.colruytgroup.com/images/500x500/std.lang.all/93/01/asset-1549301.jpg",
    "squareImage": "https://static.colruytgroup.com/images/500x500sq/std.lang.all/93/01/asset-1549301.jpg",
    "content": "3L",
    "walkRouteSequenceNumber": 65,
    "price": {
      "basicPrice": 12.99,
      "recommendedQuantity": "1.0",
      "measurementUnitPrice": 4.33,
      "measurementUnit": "L",
      "isRedPrice": false,
      "pricePerUOM": 4.33,
      "activationDate": "05-04-2023",
      "isPromoActive": "N",
      "priceChangeCode": "H"
    },
    "isAvailable": true,
    "isPriceAvailable": true,
    "inPromo": false,
    "gtin": [
      "05400141032093"
    ],
    "topCategoryName": "Wijn",
    "topCategoryId": "421",
    "businessDomain": "RETAIL_BE",
    "IsPrivateLabel": false,
    "IsBiffe": false,
    "WeightconversionFactor": "0",
    "IsWeightArticle": false,
    "IsBio": false,
    "CountryOfOrigin": "BELGIË",
    "IsExclusivelySoldInLuxembourg": false,
    "OrderUnit": "P",
    "ShortName": "SENTADA ARG RD BIB 3L",
    "InSeason": true,
    "IsNew": false,
    "EcoscoreLabel": "D",
    "RecentQuanityOfStockUnits": "1",
    "LongName": "Sentada Argentinië rood BIB 3L",
    "AlcoholVolume": "14",
    "StartSeasonDate": "22/09/2014",
    "FicCode": "I",
    "EcoscoreValue": "33"
  },
  {
    "productId": "627084",
    "technicalArticleNumber": "4310647",
    "commercialArticleNumber": "23715",
    "name": "Reserve rosé Bio",
    "description": "CHILI ROSE KWALITEITSWIJN\nElegante en moderne rosé uit Chili.\nOriginele blend van Pinot Noir en\nMonastrell. Heerlijk als aperitief,\ncharcuterie, slaatjes, wit vlees.",
    "brand": "LAS MULAS",
    "seoBrand": "Las Mulas",
    "thumbNail": "https://static.colruytgroup.com/images/200x200/std.lang.all/55/96/asset-2165596.jpg",
    "fullImage": "https://static.colruytgroup.com/images/500x500/std.lang.all/55/96/asset-2165596.jpg",
    "squareImage": "https://static.colruytgroup.com/images/500x500sq/std.lang.all/55/96/asset-2165596.jpg",
    "content": "75cl",
    "walkRouteSequenceNumber": 448,
    "price": {
      "basicPrice": 5.95,
      "recommendedQuantity": "1.0",
      "measurementUnitPrice": 7.94,
      "measurementUnit": "L",
      "isRedPrice": false,
      "pricePerUOM": 7.94,
      "activationDate": "13-03-2024",
      "isPromoActive": "N",
      "priceChangeCode": "E"
    },
    "isAvailable": true,
    "isPriceAvailable": true,
    "inPromo": false,
    "gtin": [
      "08410113002068",
      "28410113002062"
    ],
    "topCategoryName": "Wijn",
    "topCategoryId": "421",
    "businessDomain": "RETAIL_BE",
    "IsPrivateLabel": false,
    "IsBiffe": false,
    "WeightconversionFactor": "0",
    "IsWeightArticle": false,
    "IsBio": true,
    "CountryOfOrigin": "CHILI",
    "IsExclusivelySoldInLuxembourg": false,
    "OrderUnit": "P",
    "ShortName": "BIO MULAS RESERVA ROSE",
    "IsNew": false,
    "RecentQuanityOfStockUnits": "1,6",
    "LongName": "LAS MULAS Reserve rosé Bio 75cl",
    "AlcoholVolume": "13.5",
    "FicCode": "E"
  },
  {
    "productId": "366535",
    "technicalArticleNumber": "3875393",
    "commercialArticleNumber": "42437",
    "name": "Sauvignon",
    "description": "FRANKRIJK WIT LANGUEDOC ROUSSILLON\nFrisse en beendroge, nerveuze wijn.\nJong en gekoeld serveren als aperitief\nbij gerookte en gebakken vis.",
    "brand": "DUC DE LERME",
    "seoBrand": "Duc de Lerme",
    "thumbNail": "https://static.colruytgroup.com/images/200x200/std.lang.all/67/45/asset-1706745.jpg",
    "fullImage": "https://static.colruytgroup.com/images/500x500/std.lang.all/67/45/asset-1706745.jpg",
    "squareImage": "https://static.colruytgroup.com/images/500x500sq/std.lang.all/67/45/asset-1706745.jpg",
    "content": "75cl",
    "walkRouteSequenceNumber": 241,
    "price": {
      "basicPrice": 3.99,
      "recommendedQuantity": "1.0",
      "measurementUnitPrice": 5.32,
      "measurementUnit": "L",
      "isRedPrice": false,
      "pricePerUOM": 5.32,
      "activationDate": "14-03-2024",
      "recordSource": "Online",
      "isPromoActive": "N",
      "priceChangeCode": "E"
    },
    "isAvailable": true,
    "isPriceAvailable": true,
    "inPromo": false,
    "gtin": [
      "15400141207115",
      "05400141207118",
      "05400141380071"
    ],
    "topCategoryName": "Wijn",
    "topCategoryId": "421",
    "businessDomain": "RETAIL_BE",
    "IsPrivateLabel": true,
    "IsBiffe": false,
    "WeightconversionFactor": "0",
    "IsWeightArticle": false,
    "IsBio": false,
    "CountryOfOrigin": "FRANKRIJK",
    "IsExclusivelySoldInLuxembourg": false,
    "OrderUnit": "P",
    "ShortName": "DUC DE LERME SAUV.SCHRD",
    "IsNew": false,
    "EcoscoreLabel": "C",
    "RecentQuanityOfStockUnits": "6,1",
    "LongName": "DUC DE LERME Sauvignon 75cl",
    "AlcoholVolume": "12.5",
    "FicCode": "I",
    "EcoscoreValue": "58"
  },
  {
    "productId": "183857",
    "technicalArticleNumber": "3438158",
    "commercialArticleNumber": "20990",
    "name": "La petite muraille rosé",
    "description": "Corbières Rosé Droog.\nMooi friss rosé uit de Corbières.\nWit fruit en bessen in de neus. Pittig\nen karaktervol voor de zomer.\nBij salades, BBQ, witvlees en vis.",
    "thumbNail": "https://static.colruytgroup.com/images/200x200/std.lang.all/93/20/asset-2809320.jpg",
    "fullImage": "https://static.colruytgroup.com/images/500x500/std.lang.all/93/20/asset-2809320.jpg",
    "squareImage": "https://static.colruytgroup.com/images/500x500sq/std.lang.all/93/20/asset-2809320.jpg",
    "content": "75cl",
    "walkRouteSequenceNumber": 498,
    "price": {
      "basicPrice": 6.19,
      "recommendedQuantity": "1.0",
      "measurementUnitPrice": 8.26,
      "measurementUnit": "L",
      "isRedPrice": false,
      "pricePerUOM": 8.26,
      "activationDate": "30-01-2024",
      "isPromoActive": "N",
      "priceChangeCode": "E"
    },
    "isAvailable": true,
    "isPriceAvailable": true,
    "inPromo": false,
    "gtin": [
      "03418230003970",
      "03418230003987"
    ],
    "topCategoryName": "Wijn",
    "topCategoryId": "421",
    "businessDomain": "RETAIL_BE",
    "IsPrivateLabel": false,
    "IsBiffe": false,
    "WeightconversionFactor": "0",
    "IsWeightArticle": false,
    "IsBio": false,
    "CountryOfOrigin": "BELGIË",
    "IsExclusivelySoldInLuxembourg": false,
    "OrderUnit": "P",
    "ShortName": "LA PETITE MURAI.ROSE",
    "InSeason": true,
    "IsNew": false,
    "EcoscoreLabel": "D",
    "RecentQuanityOfStockUnits": "1,6",
    "LongName": "La petite muraille rosé 75cl",
    "AlcoholVolume": "12.5",
    "StartSeasonDate": "20/11/2018",
    "FicCode": "E",
    "EcoscoreValue": "25"
  },
  {
    "productId": "330351",
    "technicalArticleNumber": "3815752",
    "commercialArticleNumber": "10112",
    "name": "Ma Belle Pomelle Ventoux rosé",
    "description": "FRANKRIJK RHONE VENTOUX DROOG ROSE\nAroma's van citrus,rood fruit,bloemen\nen kruiden.Elegante en toch smaakvolle\nwijn.Koel serveren bij alle koude\nschotels en kruidige gerechten.",
    "thumbNail": "https://static.colruytgroup.com/images/200x200/std.lang.all/11/94/asset-2391194.jpg",
    "fullImage": "https://static.colruytgroup.com/images/500x500/std.lang.all/11/94/asset-2391194.jpg",
    "squareImage": "https://static.colruytgroup.com/images/500x500sq/std.lang.all/11/94/asset-2391194.jpg",
    "content": "75cl",
    "walkRouteSequenceNumber": 500,
    "price": {
      "basicPrice": 6.86,
      "recommendedQuantity": "1.0",
      "quantityPrice": 6.59,
      "quantityPriceQuantity": "6.0",
      "measurementUnitPrice": 9.15,
      "measurementUnitQuantityPrice": 8.79,
      "measurementUnit": "L",
      "isRedPrice": false,
      "pricePerUOM": 9.15,
      "activationDate": "14-03-2024",
      "isPromoActive": "N",
      "priceChangeCode": "H",
      "quantityPricePerUOM": 8.79,
      "quantityActivationDate": "14-03-2024",
      "quantityPriceChangeCode": "H"
    },
    "isAvailable": true,
    "isPriceAvailable": true,
    "inPromo": false,
    "gtin": [
      "03506707006019",
      "03506707006026"
    ],
    "topCategoryName": "Wijn",
    "topCategoryId": "421",
    "businessDomain": "RETAIL_BE",
    "IsPrivateLabel": false,
    "IsBiffe": false,
    "WeightconversionFactor": "0",
    "IsWeightArticle": false,
    "IsBio": false,
    "CountryOfOrigin": "BELGIË",
    "IsExclusivelySoldInLuxembourg": false,
    "OrderUnit": "P",
    "ShortName": "MA BEL. POM.VENTOUX ROS",
    "InSeason": true,
    "IsNew": false,
    "RecentQuanityOfStockUnits": "6,1",
    "LongName": "Ma Belle Pomelle Ventoux rosé 75cl",
    "AlcoholVolume": "13",
    "StartSeasonDate": "19/01/2019",
    "FicCode": "E"
  },
  {
    "productId": "38601",
    "technicalArticleNumber": "1826850",
    "commercialArticleNumber": "17192",
    "name": "Chablis UVC",
    "description": "FRANKRIJK BOURGOGNE DROOG WIT\nIntense aromas. Een frisse volle wijn\nmet uitgesproken karakter. Ideaal bij\nvis, schaal- en schelpdieren.\nQAA",
    "thumbNail": "https://static.colruytgroup.com/images/200x200/std.lang.all/96/36/asset-1379636.jpg",
    "fullImage": "https://static.colruytgroup.com/images/500x500/std.lang.all/96/36/asset-1379636.jpg",
    "squareImage": "https://static.colruytgroup.com/images/500x500sq/std.lang.all/96/36/asset-1379636.jpg",
    "content": "75cl",
    "walkRouteSequenceNumber": 124,
    "price": {
      "basicPrice": 9.79,
      "recommendedQuantity": "1.0",
      "measurementUnitPrice": 13.06,
      "measurementUnit": "L",
      "isRedPrice": false,
      "pricePerUOM": 13.06,
      "activationDate": "21-03-2024",
      "recordSource": "Folder",
      "isPromoActive": "N",
      "priceChangeCode": "L"
    },
    "isAvailable": true,
    "isPriceAvailable": true,
    "inPromo": false,
    "gtin": [
      "03332412100229",
      "03332412000161",
      "03332412200424",
      "03436804150417",
      "03332411800250",
      "03332418001308",
      "03332418006242",
      "03332411900165"
    ],
    "topCategoryName": "Wijn",
    "topCategoryId": "421",
    "businessDomain": "RETAIL_BE",
    "IsPrivateLabel": false,
    "IsBiffe": false,
    "WeightconversionFactor": "0",
    "IsWeightArticle": false,
    "IsBio": false,
    "CountryOfOrigin": "FRANKRIJK",
    "IsExclusivelySoldInLuxembourg": false,
    "OrderUnit": "P",
    "ShortName": "CHABLIS UVC",
    "InSeason": true,
    "IsNew": false,
    "EcoscoreLabel": "D",
    "RecentQuanityOfStockUnits": "6,1",
    "LongName": "Chablis UVC 75cl",
    "AlcoholVolume": "12.5",
    "StartSeasonDate": "24/12/2015",
    "FicCode": "I",
    "EcoscoreValue": "23"
  },
  {
    "productId": "513876",
    "technicalArticleNumber": "4076625",
    "commercialArticleNumber": "7382",
    "name": "Cabernet-Syrah IGP Oc",
    "description": "FRANKRIJK VIN DE PAYS ROOD\nAfkomstig van Cabernet en syrah druif\nVrij intense kleur met fruitig aroma.\nMooie ronde, vrij krachtige wijn met\nzachte afdronk. Jong drinken.",
    "brand": "JP. CHENET",
    "seoBrand": "JP. Chenet",
    "thumbNail": "https://static.colruytgroup.com/images/200x200/std.lang.all/20/52/asset-3222052.jpg",
    "fullImage": "https://static.colruytgroup.com/images/500x500/std.lang.all/20/52/asset-3222052.jpg",
    "squareImage": "https://static.colruytgroup.com/images/500x500sq/std.lang.all/20/52/asset-3222052.jpg",
    "content": "75cl",
    "walkRouteSequenceNumber": 268,
    "price": {
      "basicPrice": 5.49,
      "recommendedQuantity": "1.0",
      "quantityPrice": 5.27,
      "quantityPriceQuantity": "6.0",
      "measurementUnitPrice": 7.32,
      "measurementUnitQuantityPrice": 7.03,
      "measurementUnit": "L",
      "isRedPrice": false,
      "pricePerUOM": 7.32,
      "activationDate": "08-03-2024",
      "recordSource": "Offline",
      "isPromoActive": "N",
      "priceChangeCode": "L",
      "quantityPricePerUOM": 7.03,
      "quantityActivationDate": "08-03-2024",
      "quantityPriceChangeCode": "L"
    },
    "isAvailable": true,
    "isPriceAvailable": true,
    "inPromo": false,
    "gtin": [
      "03263286301323",
      "03263288301901"
    ],
    "topCategoryName": "Wijn",
    "topCategoryId": "421",
    "businessDomain": "RETAIL_BE",
    "IsPrivateLabel": false,
    "IsBiffe": false,
    "WeightconversionFactor": "0",
    "IsWeightArticle": false,
    "IsBio": false,
    "CountryOfOrigin": "FRANKRIJK",
    "IsExclusivelySoldInLuxembourg": false,
    "OrderUnit": "P",
    "ShortName": "JP CHENET CAB-SYRAH75CL",
    "IsNew": false,
    "EcoscoreLabel": "D",
    "RecentQuanityOfStockUnits": "1,6",
    "LongName": "JP. CHENET Cabernet-Syrah IGP Oc 75cl",
    "AlcoholVolume": "13",
    "FicCode": "E",
    "EcoscoreValue": "22"
  },
  {
    "productId": "104182",
    "technicalArticleNumber": "3119871",
    "commercialArticleNumber": "44165",
    "name": "Terras. de Tamary C.Provence rosé",
    "description": "FRANKRIJK PROVENCE LALONDE SEC ROSE\nMooie bloemaroma's vol finesse.\nSoepele en fruitige afdronk.\nAan te raden bij grillades, vis en\ntapas",
    "thumbNail": "https://static.colruytgroup.com/images/200x200/std.lang.all/23/94/asset-2852394.jpg",
    "fullImage": "https://static.colruytgroup.com/images/500x500/std.lang.all/23/94/asset-2852394.jpg",
    "squareImage": "https://static.colruytgroup.com/images/500x500sq/std.lang.all/23/94/asset-2852394.jpg",
    "content": "75cl",
    "walkRouteSequenceNumber": 477,
    "price": {
      "basicPrice": 8.95,
      "recommendedQuantity": "1.0",
      "measurementUnitPrice": 11.94,
      "measurementUnit": "L",
      "isRedPrice": false,
      "pricePerUOM": 11.94,
      "activationDate": "15-11-2023",
      "isPromoActive": "N",
      "priceChangeCode": "E"
    },
    "isAvailable": true,
    "isPriceAvailable": true,
    "inPromo": true,
    "promotion": [
      {
        "techPromoId": "001120COLR",
        "promotionId": "001120",
        "promotionType": "3",
        "isPersonalized": "N",
        "publicationStartDate": "11-01-2024",
        "publicationEndDate": "10-05-2024"
      }
    ],
    "gtin": [
      "03284399048226",
      "03284399048233",
      "03284399044822",
      "03284399044815",
      "03284399038319",
      "03284399038302",
      "03284399033611",
      "03284399033567",
      "03284399017048",
      "03284399252043",
      "03284399052643",
      "03284399052650",
      "03284399252050"
    ],
    "topCategoryName": "Wijn",
    "topCategoryId": "421",
    "businessDomain": "RETAIL_BE",
    "IsPrivateLabel": false,
    "IsBiffe": false,
    "WeightconversionFactor": "0",
    "IsWeightArticle": false,
    "IsBio": false,
    "CountryOfOrigin": "FRANKRIJK",
    "IsExclusivelySoldInLuxembourg": false,
    "OrderUnit": "P",
    "ShortName": "TAMARY LES TERRASSES",
    "InSeason": true,
    "IsNew": false,
    "RecentQuanityOfStockUnits": "1,1,6",
    "LongName": "Terras. de Tamary C.Provence rosé 75cl",
    "AlcoholVolume": "13",
    "StartSeasonDate": "09/02/2018",
    "FicCode": "E"
  },
  {
    "productId": "583076",
    "technicalArticleNumber": "4236605",
    "commercialArticleNumber": "18658",
    "name": "Adobe Chardonnay wit Bio",
    "description": "CHILI WIT KWALITEITSWIJN\nBiologisch geteelde Chardonnay uit\nChili. Intense geur van exotisch fruit\nen bloemen. Volle en frisse smaak.\nIdeaal bij slaatjes en wit vlees.",
    "thumbNail": "https://static.colruytgroup.com/images/200x200/std.lang.all/36/77/asset-2083677.jpg",
    "fullImage": "https://static.colruytgroup.com/images/500x500/std.lang.all/36/77/asset-2083677.jpg",
    "squareImage": "https://static.colruytgroup.com/images/500x500sq/std.lang.all/36/77/asset-2083677.jpg",
    "content": "75cl",
    "walkRouteSequenceNumber": 354,
    "price": {
      "basicPrice": 5.99,
      "recommendedQuantity": "1.0",
      "quantityPrice": 5.75,
      "quantityPriceQuantity": "6.0",
      "measurementUnitPrice": 7.99,
      "measurementUnitQuantityPrice": 7.67,
      "measurementUnit": "L",
      "isRedPrice": false,
      "pricePerUOM": 7.99,
      "activationDate": "13-03-2024",
      "isPromoActive": "N",
      "priceChangeCode": "E",
      "quantityPricePerUOM": 7.67,
      "quantityActivationDate": "13-03-2024",
      "quantityPriceChangeCode": "E"
    },
    "isAvailable": true,
    "isPriceAvailable": true,
    "inPromo": false,
    "gtin": [
      "37804320150629",
      "07804320150628"
    ],
    "topCategoryName": "Wijn",
    "topCategoryId": "421",
    "businessDomain": "RETAIL_BE",
    "IsPrivateLabel": false,
    "IsBiffe": false,
    "WeightconversionFactor": "0",
    "IsWeightArticle": false,
    "IsBio": true,
    "CountryOfOrigin": "CHILI",
    "IsExclusivelySoldInLuxembourg": false,
    "OrderUnit": "P",
    "ShortName": "ADOBE CHARDO CHILI BIO",
    "IsNew": false,
    "RecentQuanityOfStockUnits": "6,1",
    "LongName": "Adobe Chardonnay wit Bio 75cl",
    "AlcoholVolume": "13.5",
    "FicCode": "E"
  },
  {
    "productId": "1158",
    "technicalArticleNumber": "17710",
    "commercialArticleNumber": "17710",
    "name": "Campo Viejo Rioja tempranillo",
    "description": "SPANJE ROOD\nWijn uit de Riojastreek rond Logrono.\nVolle, soepele wijn met mooi boeket,\ndroog en fruitig. Bij vleesschotels en\nkazen. Bewaring: 5 jaar.",
    "thumbNail": "https://static.colruytgroup.com/images/200x200/std.lang.all/62/28/asset-786228.jpg",
    "fullImage": "https://static.colruytgroup.com/images/500x500/std.lang.all/62/28/asset-786228.jpg",
    "squareImage": "https://static.colruytgroup.com/images/500x500sq/std.lang.all/62/28/asset-786228.jpg",
    "content": "75cl",
    "walkRouteSequenceNumber": 335,
    "price": {
      "basicPrice": 6.99,
      "recommendedQuantity": "1.0",
      "quantityPrice": 6.43,
      "quantityPriceQuantity": "6.0",
      "measurementUnitPrice": 9.32,
      "measurementUnitQuantityPrice": 8.58,
      "measurementUnit": "L",
      "isRedPrice": false,
      "pricePerUOM": 9.32,
      "activationDate": "16-12-2023",
      "recordSource": "Offline",
      "isPromoActive": "N",
      "priceChangeCode": "H",
      "quantityPricePerUOM": 8.58,
      "quantityActivationDate": "16-12-2023",
      "quantityPriceChangeCode": "E"
    },
    "isAvailable": true,
    "isPriceAvailable": true,
    "inPromo": false,
    "gtin": [
      "08410302106300",
      "08410302606305",
      "08410302977054"
    ],
    "topCategoryName": "Wijn",
    "topCategoryId": "421",
    "businessDomain": "RETAIL_BE",
    "IsPrivateLabel": false,
    "IsBiffe": false,
    "WeightconversionFactor": "0",
    "IsWeightArticle": false,
    "IsBio": false,
    "CountryOfOrigin": "SPANJE",
    "IsExclusivelySoldInLuxembourg": false,
    "OrderUnit": "P",
    "ShortName": "CAMPO VIEJO TEMPRANILLO",
    "IsNew": false,
    "EcoscoreLabel": "D",
    "RecentQuanityOfStockUnits": "1,6",
    "LongName": "Campo Viejo Rioja tempranillo 75cl",
    "AlcoholVolume": "13.5",
    "FicCode": "E",
    "EcoscoreValue": "36"
  },
  {
    "productId": "113785",
    "technicalArticleNumber": "3010375",
    "commercialArticleNumber": "3320",
    "name": "Lambrusco dell'Emilia rosso",
    "thumbNail": "https://static.colruytgroup.com/images/200x200/std.lang.all/75/03/asset-1997503.jpg",
    "fullImage": "https://static.colruytgroup.com/images/500x500/std.lang.all/75/03/asset-1997503.jpg",
    "squareImage": "https://static.colruytgroup.com/images/500x500sq/std.lang.all/75/03/asset-1997503.jpg",
    "content": "75cl",
    "walkRouteSequenceNumber": 343,
    "price": {
      "basicPrice": 2.99,
      "recommendedQuantity": "1.0",
      "measurementUnitPrice": 3.99,
      "measurementUnit": "L",
      "isRedPrice": false,
      "pricePerUOM": 3.99,
      "activationDate": "17-02-2024",
      "recordSource": "Offline",
      "isPromoActive": "N",
      "priceChangeCode": "E"
    },
    "isAvailable": true,
    "isPriceAvailable": true,
    "inPromo": false,
    "gtin": [
      "08001335090065",
      "08001335006097"
    ],
    "topCategoryName": "Wijn",
    "topCategoryId": "421",
    "businessDomain": "RETAIL_BE",
    "IsPrivateLabel": false,
    "IsBiffe": false,
    "WeightconversionFactor": "0",
    "IsWeightArticle": false,
    "IsBio": false,
    "CountryOfOrigin": "ITALIË",
    "IsExclusivelySoldInLuxembourg": false,
    "OrderUnit": "P",
    "ShortName": "LAMBRUSCO ROSSO 75 CL",
    "IsNew": false,
    "EcoscoreLabel": "D",
    "RecentQuanityOfStockUnits": "1,6",
    "LongName": "Lambrusco dell'Emilia rosso 75cl",
    "AlcoholVolume": "8",
    "FicCode": "E",
    "EcoscoreValue": "22"
  },
  {
    "productId": "22822",
    "technicalArticleNumber": "1985107",
    "commercialArticleNumber": "17442",
    "name": "Bio Ch Fougas Côtes de Bourg",
    "description": "Frankrijk Rood Bordeaux\nZeer mooie wijn. Merlot, Cab sauv.\nen Cab franc. Intense kleur en veel\ngeur en smaak. Kan enkele jaren bewa-\nren. Rood vlees, lam, gebraad.",
    "thumbNail": "https://static.colruytgroup.com/images/200x200/std.lang.all/53/79/asset-1615379.jpg",
    "fullImage": "https://static.colruytgroup.com/images/500x500/std.lang.all/53/79/asset-1615379.jpg",
    "squareImage": "https://static.colruytgroup.com/images/500x500sq/std.lang.all/53/79/asset-1615379.jpg",
    "content": "75cl",
    "walkRouteSequenceNumber": 100,
    "price": {
      "basicPrice": 6.59,
      "recommendedQuantity": "1.0",
      "measurementUnitPrice": 8.79,
      "measurementUnit": "L",
      "isRedPrice": false,
      "pricePerUOM": 8.79,
      "activationDate": "13-03-2024",
      "recordSource": "Offline",
      "isPromoActive": "N",
      "priceChangeCode": "E"
    },
    "isAvailable": true,
    "isPriceAvailable": true,
    "inPromo": false,
    "gtin": [
      "03191381219321",
      "03191381219314",
      "03191381212315",
      "03191381212322",
      "03191381236410",
      "03191381218324",
      "03191381218317",
      "03191381217310",
      "03191381115319",
      "03191381236427",
      "03191381210328",
      "03191381211318",
      "03191381211325",
      "03191381210311"
    ],
    "topCategoryName": "Wijn",
    "topCategoryId": "421",
    "businessDomain": "RETAIL_BE",
    "IsPrivateLabel": false,
    "IsBiffe": false,
    "WeightconversionFactor": "0",
    "IsWeightArticle": false,
    "IsBio": true,
    "CountryOfOrigin": "FRANKRIJK",
    "IsExclusivelySoldInLuxembourg": false,
    "OrderUnit": "P",
    "ShortName": "BIO CH FOUGAS COT BOURG",
    "IsNew": false,
    "EcoscoreLabel": "D",
    "RecentQuanityOfStockUnits": "1,1,6,6,1",
    "LongName": "Bio Ch Fougas Côtes de Bourg 75cl",
    "AlcoholVolume": "12",
    "FicCode": "E",
    "EcoscoreValue": "22"
  },
  {
    "productId": "154281",
    "technicalArticleNumber": "3257486",
    "commercialArticleNumber": "31619",
    "name": "Prince de Coste schuimwijn",
    "thumbNail": "https://static.colruytgroup.com/images/200x200/std.lang.all/15/46/asset-2191546.jpg",
    "fullImage": "https://static.colruytgroup.com/images/500x500/std.lang.all/15/46/asset-2191546.jpg",
    "squareImage": "https://static.colruytgroup.com/images/500x500sq/std.lang.all/15/46/asset-2191546.jpg",
    "content": "75cl",
    "walkRouteSequenceNumber": 473,
    "price": {
      "basicPrice": 3.69,
      "recommendedQuantity": "1.0",
      "measurementUnitPrice": 4.92,
      "measurementUnit": "L",
      "isRedPrice": false,
      "pricePerUOM": 4.92,
      "activationDate": "26-12-2023",
      "recordSource": "Offline",
      "isPromoActive": "N",
      "priceChangeCode": "H"
    },
    "isAvailable": true,
    "isPriceAvailable": true,
    "inPromo": false,
    "gtin": [
      "03299641118411",
      "03299641118428"
    ],
    "topCategoryName": "Wijn",
    "topCategoryId": "421",
    "businessDomain": "RETAIL_BE",
    "IsPrivateLabel": false,
    "IsBiffe": false,
    "WeightconversionFactor": "0",
    "IsWeightArticle": false,
    "IsBio": false,
    "CountryOfOrigin": "BELGIË",
    "IsExclusivelySoldInLuxembourg": false,
    "OrderUnit": "P",
    "ShortName": "PRINCE DE COSTE 75CL",
    "IsNew": false,
    "EcoscoreLabel": "D",
    "RecentQuanityOfStockUnits": "6,1",
    "LongName": "Prince de Coste schuimwijn 75cl",
    "AlcoholVolume": "8.5",
    "FicCode": "E",
    "EcoscoreValue": "23"
  },
  {
    "productId": "1310",
    "technicalArticleNumber": "17904",
    "commercialArticleNumber": "17904",
    "name": "Clairette Die Tradit.Doux",
    "description": "FRANKRIJK SCHUIMWIJN HALFZOET\nHalf zoet,fruitig.Afkomstig van wijn-\ngaarden op hellingen rond het stadje\nDie (Côtes du Rhône). Koel schenken\nals aperitief of bij het dessert.",
    "brand": "JAILLANCE",
    "seoBrand": "Jaillance",
    "thumbNail": "https://static.colruytgroup.com/images/200x200/std.lang.all/79/69/asset-3187969.jpg",
    "fullImage": "https://static.colruytgroup.com/images/500x500/std.lang.all/79/69/asset-3187969.jpg",
    "squareImage": "https://static.colruytgroup.com/images/500x500sq/std.lang.all/79/69/asset-3187969.jpg",
    "content": "75cl",
    "walkRouteSequenceNumber": 521,
    "price": {
      "basicPrice": 6.99,
      "recommendedQuantity": "1.0",
      "measurementUnitPrice": 9.32,
      "measurementUnit": "L",
      "isRedPrice": true,
      "redPriceReason": "Promo",
      "referencePrice": 7.99,
      "retentionPeriod": 30,
      "pricePerUOM": 9.32,
      "activationDate": "13-03-2024",
      "isPromoActive": "Y",
      "priceChangeCode": "L"
    },
    "isAvailable": true,
    "isPriceAvailable": true,
    "inPromo": false,
    "gtin": [
      "03416140120435",
      "03416140190438",
      "03416140120596"
    ],
    "topCategoryName": "Wijn",
    "topCategoryId": "421",
    "businessDomain": "RETAIL_BE",
    "IsPrivateLabel": false,
    "IsBiffe": false,
    "WeightconversionFactor": "0",
    "IsWeightArticle": false,
    "IsBio": false,
    "CountryOfOrigin": "FRANKRIJK",
    "IsExclusivelySoldInLuxembourg": false,
    "OrderUnit": "P",
    "ShortName": "JAIL.CLAIRETTE DIE TRAD",
    "IsNew": false,
    "EcoscoreLabel": "C",
    "RecentQuanityOfStockUnits": "1,6",
    "LongName": "JAILLANCE Clairette Die Tradit.Doux 75cl",
    "AlcoholVolume": "8",
    "FicCode": "E",
    "EcoscoreValue": "58"
  },
  {
    "productId": "696103",
    "technicalArticleNumber": "4425792",
    "commercialArticleNumber": "26008",
    "name": "Côtes du Rhône rosé",
    "description": "Frivole rosé , fruitig fris en lichte\nwitte pepertoets in de neus, krokant\nen rood fruit in de mond",
    "brand": "LA FANFINETTE",
    "seoBrand": "La Fanfinette",
    "thumbNail": "https://static.colruytgroup.com/images/200x200/std.lang.all/44/58/asset-2524458.jpg",
    "fullImage": "https://static.colruytgroup.com/images/500x500/std.lang.all/44/58/asset-2524458.jpg",
    "squareImage": "https://static.colruytgroup.com/images/500x500sq/std.lang.all/44/58/asset-2524458.jpg",
    "content": "75cl",
    "walkRouteSequenceNumber": 501,
    "price": {
      "basicPrice": 4.49,
      "recommendedQuantity": "1.0",
      "measurementUnitPrice": 5.99,
      "measurementUnit": "L",
      "isRedPrice": true,
      "redPriceReason": "Promo",
      "referencePrice": 4.99,
      "retentionPeriod": 30,
      "pricePerUOM": 5.99,
      "activationDate": "13-03-2024",
      "isPromoActive": "Y",
      "priceChangeCode": "L"
    },
    "isAvailable": true,
    "isPriceAvailable": true,
    "inPromo": false,
    "gtin": [
      "05400141440980",
      "15400141440987"
    ],
    "topCategoryName": "Wijn",
    "topCategoryId": "421",
    "businessDomain": "RETAIL_BE",
    "IsPrivateLabel": true,
    "IsBiffe": false,
    "WeightconversionFactor": "0",
    "IsWeightArticle": false,
    "IsBio": false,
    "CountryOfOrigin": "FRANKRIJK",
    "IsExclusivelySoldInLuxembourg": false,
    "OrderUnit": "P",
    "ShortName": "LA FANFINETTE ROSE SCHR",
    "IsNew": false,
    "EcoscoreLabel": "D",
    "RecentQuanityOfStockUnits": "6,1",
    "LongName": "LA FANFINETTE Côtes du Rhône rosé 75cl",
    "AlcoholVolume": "13.5",
    "FicCode": "I",
    "EcoscoreValue": "25"
  },
  {
    "productId": "544059",
    "technicalArticleNumber": "4169997",
    "commercialArticleNumber": "8080",
    "name": "Grenachache-Cinsault",
    "description": "FRANKRIJK PAYS D'OC ROSE",
    "brand": "JP. CHENET",
    "seoBrand": "JP. Chenet",
    "thumbNail": "https://static.colruytgroup.com/images/200x200/std.lang.all/55/36/asset-3205536.jpg",
    "fullImage": "https://static.colruytgroup.com/images/500x500/std.lang.all/55/36/asset-3205536.jpg",
    "squareImage": "https://static.colruytgroup.com/images/500x500sq/std.lang.all/55/36/asset-3205536.jpg",
    "content": "75cl",
    "walkRouteSequenceNumber": 486,
    "price": {
      "basicPrice": 5.49,
      "recommendedQuantity": "1.0",
      "quantityPrice": 5.27,
      "quantityPriceQuantity": "6.0",
      "measurementUnitPrice": 7.32,
      "measurementUnitQuantityPrice": 7.03,
      "measurementUnit": "L",
      "isRedPrice": false,
      "pricePerUOM": 7.32,
      "activationDate": "07-03-2024",
      "recordSource": "Offline",
      "isPromoActive": "N",
      "priceChangeCode": "L",
      "quantityPricePerUOM": 7.03,
      "quantityActivationDate": "07-03-2024",
      "quantityPriceChangeCode": "L"
    },
    "isAvailable": true,
    "isPriceAvailable": true,
    "inPromo": false,
    "gtin": [
      "03263288300393",
      "03263286301385"
    ],
    "topCategoryName": "Wijn",
    "topCategoryId": "421",
    "businessDomain": "RETAIL_BE",
    "IsPrivateLabel": false,
    "IsBiffe": false,
    "WeightconversionFactor": "0",
    "IsWeightArticle": false,
    "IsBio": false,
    "CountryOfOrigin": "FRANKRIJK",
    "IsExclusivelySoldInLuxembourg": false,
    "OrderUnit": "P",
    "ShortName": "JP CHENET ROSE",
    "IsNew": false,
    "EcoscoreLabel": "D",
    "RecentQuanityOfStockUnits": "1,6",
    "LongName": "JP. CHENET Grenachache-Cinsault 75cl",
    "AlcoholVolume": "12",
    "FicCode": "E",
    "EcoscoreValue": "25"
  },
  {
    "productId": "1196",
    "technicalArticleNumber": "17289",
    "commercialArticleNumber": "17289",
    "name": "Saint-Emilion",
    "description": "FRANKRIJK BORDEAUX ST EMILION\nKaraktervolle, soepele klassewijn.\nServeren bij kaas en rood vlees.\nMILIEUBIJDRAGE: herbruikbare fles.",
    "brand": "LA CROIX FOURGET",
    "seoBrand": "La Croix Fourget",
    "thumbNail": "https://static.colruytgroup.com/images/200x200/std.lang.all/82/60/asset-2078260.jpg",
    "fullImage": "https://static.colruytgroup.com/images/500x500/std.lang.all/82/60/asset-2078260.jpg",
    "squareImage": "https://static.colruytgroup.com/images/500x500sq/std.lang.all/82/60/asset-2078260.jpg",
    "content": "75cl",
    "walkRouteSequenceNumber": 136,
    "price": {
      "basicPrice": 7.49,
      "recommendedQuantity": "1.0",
      "measurementUnitPrice": 9.99,
      "measurementUnit": "L",
      "isRedPrice": false,
      "pricePerUOM": 9.99,
      "activationDate": "19-03-2024",
      "recordSource": "Offline",
      "isPromoActive": "N",
      "priceChangeCode": "H"
    },
    "isAvailable": true,
    "isPriceAvailable": true,
    "inPromo": true,
    "promotion": [
      {
        "techPromoId": "100939COLR",
        "promotionId": "100939",
        "promotionType": "4",
        "isPersonalized": "N",
        "publicationStartDate": "13-03-2024",
        "publicationEndDate": "26-03-2024"
      }
    ],
    "gtin": [
      "15400141820963",
      "05400141172898",
      "05400141239836",
      "05400141379440",
      "15400141239833"
    ],
    "topCategoryName": "Wijn",
    "topCategoryId": "421",
    "businessDomain": "RETAIL_BE",
    "IsPrivateLabel": true,
    "IsBiffe": false,
    "WeightconversionFactor": "0",
    "IsWeightArticle": false,
    "IsBio": false,
    "CountryOfOrigin": "FRANKRIJK",
    "IsExclusivelySoldInLuxembourg": false,
    "OrderUnit": "P",
    "ShortName": "CRFO ST EMILION 75CL",
    "IsNew": false,
    "EcoscoreLabel": "C",
    "RecentQuanityOfStockUnits": "6,1",
    "LongName": "LA CROIX FOURGET Saint-Emilion 75cl",
    "AlcoholVolume": "12",
    "FicCode": "I",
    "DepositValue": [
      0.3
    ],
    "EcoscoreValue": "56"
  },
  {
    "productId": "315241",
    "technicalArticleNumber": "3762037",
    "commercialArticleNumber": "14953",
    "name": "Valdobbiadene Pros.DOCG",
    "description": "ITALIE\nProsecco van hoge kwaliteit.Ideaal als\naperitief,maar ook bij voorgerechten\n(meloen-hesp,schaaldieren,rauwe vis)en\ngeraffineerde desserten.",
    "brand": "LA GIOIOSA",
    "seoBrand": "La Gioiosa",
    "thumbNail": "https://static.colruytgroup.com/images/200x200/std.lang.all/96/42/asset-1379642.jpg",
    "fullImage": "https://static.colruytgroup.com/images/500x500/std.lang.all/96/42/asset-1379642.jpg",
    "squareImage": "https://static.colruytgroup.com/images/500x500sq/std.lang.all/96/42/asset-1379642.jpg",
    "content": "75cl",
    "walkRouteSequenceNumber": 681,
    "price": {
      "basicPrice": 11.29,
      "recommendedQuantity": "1.0",
      "measurementUnitPrice": 15.06,
      "measurementUnit": "L",
      "isRedPrice": false,
      "pricePerUOM": 15.06,
      "activationDate": "12-03-2024",
      "recordSource": "Folder",
      "isPromoActive": "N",
      "priceChangeCode": "L"
    },
    "isAvailable": true,
    "isPriceAvailable": true,
    "inPromo": false,
    "gtin": [
      "08006805477018",
      "08006805476011"
    ],
    "topCategoryName": "Wijn",
    "topCategoryId": "421",
    "businessDomain": "RETAIL_BE",
    "IsPrivateLabel": false,
    "IsBiffe": false,
    "WeightconversionFactor": "0",
    "IsWeightArticle": false,
    "IsBio": false,
    "CountryOfOrigin": "ITALIË",
    "IsExclusivelySoldInLuxembourg": false,
    "OrderUnit": "P",
    "ShortName": "PROSECCO DOCG GIOIOSA",
    "IsNew": false,
    "RecentQuanityOfStockUnits": "6,1",
    "LongName": "LA GIOIOSA Valdobbiadene Pros.DOCG 75cl",
    "AlcoholVolume": "11",
    "FicCode": "E"
  },
  {
    "productId": "131520",
    "technicalArticleNumber": "3190091",
    "commercialArticleNumber": "12743",
    "name": "brut Reserva 11,5%",
    "brand": "GRAN BARON",
    "seoBrand": "Gran Baron",
    "thumbNail": "https://static.colruytgroup.com/images/200x200/std.lang.all/53/48/asset-1885348.jpg",
    "fullImage": "https://static.colruytgroup.com/images/500x500/std.lang.all/53/48/asset-1885348.jpg",
    "squareImage": "https://static.colruytgroup.com/images/500x500sq/std.lang.all/53/48/asset-1885348.jpg",
    "content": "75cl",
    "walkRouteSequenceNumber": 572,
    "price": {
      "basicPrice": 9.39,
      "recommendedQuantity": "1.0",
      "measurementUnitPrice": 12.52,
      "measurementUnit": "L",
      "isRedPrice": false,
      "pricePerUOM": 12.52,
      "activationDate": "02-02-2024",
      "isPromoActive": "N",
      "priceChangeCode": "E"
    },
    "isAvailable": true,
    "isPriceAvailable": true,
    "inPromo": false,
    "gtin": [
      "08413216201253",
      "08413216101256"
    ],
    "topCategoryName": "Wijn",
    "topCategoryId": "421",
    "businessDomain": "RETAIL_BE",
    "IsPrivateLabel": false,
    "IsBiffe": false,
    "WeightconversionFactor": "0",
    "IsWeightArticle": false,
    "IsBio": false,
    "CountryOfOrigin": "SPANJE",
    "IsExclusivelySoldInLuxembourg": false,
    "OrderUnit": "P",
    "ShortName": "GRAN BARON RESERVA 75",
    "IsNew": false,
    "EcoscoreLabel": "C",
    "RecentQuanityOfStockUnits": "1,6",
    "LongName": "GRAN BARON brut Reserva 11,5% 75cl",
    "AlcoholVolume": "11.5",
    "FicCode": "E",
    "EcoscoreValue": "46"
  },
  {
    "productId": "125",
    "technicalArticleNumber": "17037",
    "commercialArticleNumber": "17037",
    "name": "Chianti DOCG - Sensi",
    "description": "ITALIE ROOD\nItaliaanse wijn, rood tot bruinrood\nvan kleur. Droge wijn, licht tannine-\nhoudend. Harmonie tussen smaak en\nboeket. Lekker bij gebraad/wild.",
    "thumbNail": "https://static.colruytgroup.com/images/200x200/std.lang.all/93/25/asset-1819325.jpg",
    "fullImage": "https://static.colruytgroup.com/images/500x500/std.lang.all/93/25/asset-1819325.jpg",
    "squareImage": "https://static.colruytgroup.com/images/500x500sq/std.lang.all/93/25/asset-1819325.jpg",
    "content": "75cl",
    "walkRouteSequenceNumber": 345,
    "price": {
      "basicPrice": 4.99,
      "recommendedQuantity": "1.0",
      "measurementUnitPrice": 6.66,
      "measurementUnit": "L",
      "isRedPrice": false,
      "pricePerUOM": 6.66,
      "activationDate": "19-03-2024",
      "recordSource": "Offline",
      "isPromoActive": "N",
      "priceChangeCode": "E"
    },
    "isAvailable": true,
    "isPriceAvailable": true,
    "inPromo": false,
    "gtin": [
      "08002477075408",
      "08002477140021",
      "08002153011263"
    ],
    "topCategoryName": "Wijn",
    "topCategoryId": "421",
    "businessDomain": "RETAIL_BE",
    "IsPrivateLabel": false,
    "IsBiffe": false,
    "WeightconversionFactor": "0",
    "IsWeightArticle": false,
    "IsBio": false,
    "CountryOfOrigin": "ITALIË",
    "IsExclusivelySoldInLuxembourg": false,
    "OrderUnit": "P",
    "ShortName": "CHIANTI DOCG SENSI",
    "IsNew": false,
    "EcoscoreLabel": "D",
    "RecentQuanityOfStockUnits": "6,1",
    "LongName": "Chianti DOCG - Sensi 75cl",
    "AlcoholVolume": "12",
    "FicCode": "E",
    "EcoscoreValue": "22"
  },
  {
    "productId": "22858",
    "technicalArticleNumber": "1965171",
    "commercialArticleNumber": "17028",
    "name": "Jean Voisier Pouilly Fumé 75 cl V",
    "description": "Frisse en strakke sauvignon met wat\ncitrus en perzik in de neus. Tikje\nrond in de mond, waardoor een zachte\nfinale. Geschikt bij gebakken vistong,\nkoude gerechten, zeevruchten. QAA",
    "thumbNail": "https://static.colruytgroup.com/images/200x200/std.lang.all/85/08/asset-348508.jpg",
    "fullImage": "https://static.colruytgroup.com/images/500x500/std.lang.all/85/08/asset-348508.jpg",
    "squareImage": "https://static.colruytgroup.com/images/500x500sq/std.lang.all/85/08/asset-348508.jpg",
    "walkRouteSequenceNumber": 121,
    "price": {
      "basicPrice": 14.99,
      "recommendedQuantity": "1.0",
      "measurementUnitPrice": 19.99,
      "measurementUnit": "L",
      "isRedPrice": false,
      "pricePerUOM": 19.99,
      "activationDate": "18-03-2024",
      "recordSource": "Offline",
      "isPromoActive": "N",
      "priceChangeCode": "H"
    },
    "isAvailable": true,
    "isPriceAvailable": true,
    "inPromo": false,
    "gtin": [
      "03077051201288",
      "03077051500343",
      "03077051500350"
    ],
    "topCategoryName": "Wijn",
    "topCategoryId": "421",
    "businessDomain": "RETAIL_BE",
    "IsPrivateLabel": false,
    "IsBiffe": false,
    "WeightconversionFactor": "0",
    "IsWeightArticle": false,
    "IsBio": false,
    "CountryOfOrigin": "FRANKRIJK",
    "IsExclusivelySoldInLuxembourg": false,
    "OrderUnit": "P",
    "ShortName": "POUILLY FUME VOISIER",
    "InSeason": true,
    "IsNew": false,
    "RecentQuanityOfStockUnits": "1,6",
    "LongName": "Jean Voisier Pouilly Fumé 75 cl V",
    "AlcoholVolume": "13",
    "StartSeasonDate": "08/02/2023",
    "FicCode": "E"
  },
  {
    "productId": "89480",
    "technicalArticleNumber": "2972032",
    "commercialArticleNumber": "41768",
    "name": "Wijn rosé Syrah 0,0%",
    "description": "Deze Vintense is gemaakt van syrahwijn\nwaar de alcohol volledig uitgehaald is\n(= geen gewoon druivensap).",
    "brand": "VINTENSE",
    "seoBrand": "Vintense",
    "thumbNail": "https://static.colruytgroup.com/images/200x200/std.lang.all/47/30/asset-1204730.jpg",
    "fullImage": "https://static.colruytgroup.com/images/500x500/std.lang.all/47/30/asset-1204730.jpg",
    "squareImage": "https://static.colruytgroup.com/images/500x500sq/std.lang.all/47/30/asset-1204730.jpg",
    "content": "75cl",
    "walkRouteSequenceNumber": 541,
    "price": {
      "basicPrice": 5.99,
      "recommendedQuantity": "1.0",
      "quantityPrice": 5.75,
      "quantityPriceQuantity": "6.0",
      "measurementUnitPrice": 7.99,
      "measurementUnitQuantityPrice": 7.67,
      "measurementUnit": "L",
      "isRedPrice": false,
      "pricePerUOM": 7.99,
      "activationDate": "01-03-2024",
      "recordSource": "Offline",
      "isPromoActive": "N",
      "priceChangeCode": "E",
      "quantityPricePerUOM": 7.67,
      "quantityActivationDate": "01-03-2024",
      "quantityPriceChangeCode": "E"
    },
    "isAvailable": true,
    "isPriceAvailable": true,
    "inPromo": false,
    "gtin": [
      "05415270100292",
      "05411718907409",
      "05411718907393",
      "05415270200145"
    ],
    "topCategoryName": "Wijn",
    "topCategoryId": "421",
    "businessDomain": "RETAIL_BE",
    "IsPrivateLabel": false,
    "IsBiffe": false,
    "WeightconversionFactor": "0",
    "IsWeightArticle": false,
    "nutriscoreLabel": "C",
    "IsBio": false,
    "CountryOfOrigin": "BELGIË",
    "IsExclusivelySoldInLuxembourg": false,
    "OrderUnit": "P",
    "ShortName": "VINT ROSE SYRAH 0% 75CL",
    "IsNew": false,
    "EcoscoreLabel": "D",
    "RecentQuanityOfStockUnits": "6,1",
    "LongName": "VINTENSE Wijn rosé Syrah 0,0% 75cl",
    "AlcoholVolume": "0",
    "FicCode": "E",
    "EcoscoreValue": "25"
  },
  {
    "productId": "718755",
    "technicalArticleNumber": "4467156",
    "commercialArticleNumber": "26887",
    "name": "Crémant du Jura Chardonnay",
    "description": "Crémant du Jura op basis v Chardonnay.\nVerfijnde en tegelijk volle smaak,\nideaal als aperitief of bij\nSint-Jacobsnoten, gebakken in boter,\nof een risotto met zeevruchten.",
    "thumbNail": "https://static.colruytgroup.com/images/200x200/std.lang.all/70/77/asset-2637077.jpg",
    "fullImage": "https://static.colruytgroup.com/images/500x500/std.lang.all/70/77/asset-2637077.jpg",
    "squareImage": "https://static.colruytgroup.com/images/500x500sq/std.lang.all/70/77/asset-2637077.jpg",
    "content": "75cl",
    "walkRouteSequenceNumber": 464,
    "price": {
      "basicPrice": 9.85,
      "recommendedQuantity": "1.0",
      "measurementUnitPrice": 13.14,
      "measurementUnit": "L",
      "isRedPrice": true,
      "redPriceReason": "Promo",
      "referencePrice": 11.19,
      "retentionPeriod": 30,
      "pricePerUOM": 13.14,
      "activationDate": "13-03-2024",
      "isPromoActive": "Y",
      "priceChangeCode": "L"
    },
    "isAvailable": true,
    "isPriceAvailable": true,
    "inPromo": false,
    "gtin": [
      "03570591013217",
      "03570590107597"
    ],
    "topCategoryName": "Wijn",
    "topCategoryId": "421",
    "businessDomain": "RETAIL_BE",
    "IsPrivateLabel": false,
    "IsBiffe": false,
    "WeightconversionFactor": "0",
    "IsWeightArticle": false,
    "IsBio": false,
    "CountryOfOrigin": "FRANKRIJK",
    "IsExclusivelySoldInLuxembourg": false,
    "OrderUnit": "P",
    "ShortName": "CREMANT DU JURA",
    "IsNew": false,
    "RecentQuanityOfStockUnits": "6,1",
    "LongName": "Crémant du Jura Chardonnay 75cl",
    "AlcoholVolume": "12",
    "FicCode": "E"
  },
  {
    "productId": "771854",
    "technicalArticleNumber": "4560356",
    "commercialArticleNumber": "28409",
    "name": "Roodeberg Black Western Cape",
    "description": "Klassieke blend van Roodeberg\nmet een twist. Een premiumversie\ndie intenser is door het hout en de\nrijpe druiven die er de smaak van\nzoet vanille en gebrand hout aan geven",
    "thumbNail": "https://static.colruytgroup.com/images/200x200/std.lang.all/61/55/asset-2776155.jpg",
    "fullImage": "https://static.colruytgroup.com/images/500x500/std.lang.all/61/55/asset-2776155.jpg",
    "squareImage": "https://static.colruytgroup.com/images/500x500sq/std.lang.all/61/55/asset-2776155.jpg",
    "content": "75cl",
    "walkRouteSequenceNumber": 394,
    "price": {
      "basicPrice": 9.49,
      "recommendedQuantity": "1.0",
      "measurementUnitPrice": 12.66,
      "measurementUnit": "L",
      "isRedPrice": false,
      "pricePerUOM": 12.66,
      "activationDate": "13-03-2024",
      "isPromoActive": "N",
      "priceChangeCode": "H"
    },
    "isAvailable": true,
    "isPriceAvailable": true,
    "inPromo": false,
    "gtin": [
      "06002323024064",
      "06002323024057"
    ],
    "topCategoryName": "Wijn",
    "topCategoryId": "421",
    "businessDomain": "RETAIL_BE",
    "IsPrivateLabel": false,
    "IsBiffe": false,
    "WeightconversionFactor": "0",
    "IsWeightArticle": false,
    "IsBio": false,
    "CountryOfOrigin": "ZUID-AFRIKA",
    "IsExclusivelySoldInLuxembourg": false,
    "OrderUnit": "P",
    "ShortName": "ROODEBERG BLACK",
    "IsNew": false,
    "EcoscoreLabel": "D",
    "RecentQuanityOfStockUnits": "6,1",
    "LongName": "Roodeberg Black Western Cape 75cl",
    "AlcoholVolume": "14.3",
    "FicCode": "E",
    "EcoscoreValue": "22"
  },
  {
    "productId": "1190",
    "technicalArticleNumber": "17256",
    "commercialArticleNumber": "17256",
    "name": "rosé du Ventoux AOP",
    "description": "FRANKRIJK VENTOUX DROOG ROSE\nGeoogst op de hellingen van de Mont\nVentoux. Fruitige wijn met droge\nsmaak. Past bij alle gerechten.\nMILIEUBIJDRAGE: herbruikbare fles.",
    "brand": "LES HAUTS ROCS",
    "seoBrand": "Les Hauts Rocs",
    "thumbNail": "https://static.colruytgroup.com/images/200x200/std.lang.all/23/85/asset-2952385.jpg",
    "fullImage": "https://static.colruytgroup.com/images/500x500/std.lang.all/23/85/asset-2952385.jpg",
    "squareImage": "https://static.colruytgroup.com/images/500x500sq/std.lang.all/23/85/asset-2952385.jpg",
    "content": "75cl",
    "walkRouteSequenceNumber": 499,
    "price": {
      "basicPrice": 3.99,
      "recommendedQuantity": "1.0",
      "measurementUnitPrice": 5.32,
      "measurementUnit": "L",
      "isRedPrice": false,
      "pricePerUOM": 5.32,
      "activationDate": "09-12-2023",
      "recordSource": "Offline",
      "isPromoActive": "N",
      "priceChangeCode": "L"
    },
    "isAvailable": true,
    "isPriceAvailable": true,
    "inPromo": false,
    "gtin": [
      "05400141394504",
      "15400141805571"
    ],
    "topCategoryName": "Wijn",
    "topCategoryId": "421",
    "businessDomain": "RETAIL_BE",
    "IsPrivateLabel": true,
    "IsBiffe": false,
    "WeightconversionFactor": "0",
    "IsWeightArticle": false,
    "IsBio": false,
    "CountryOfOrigin": "FRANKRIJK",
    "IsExclusivelySoldInLuxembourg": false,
    "OrderUnit": "P",
    "ShortName": "HAUTS ROCS ROSE VENTOUX",
    "InSeason": true,
    "IsNew": false,
    "EcoscoreLabel": "B",
    "RecentQuanityOfStockUnits": "6,1",
    "LongName": "LES HAUTS ROCS rosé du Ventoux AOP 75cl",
    "AlcoholVolume": "12.5",
    "StartSeasonDate": "17/12/2018",
    "FicCode": "I",
    "DepositValue": [
      0.3
    ],
    "EcoscoreValue": "60"
  },
  {
    "productId": "62105",
    "technicalArticleNumber": "2750027",
    "commercialArticleNumber": "42454",
    "name": "Tocornal Merlot Chili rood",
    "description": "Halfintens zwartgekleurde wijn met een\ncharmante neus van kruiden, gestoofde\npaprika,zwart fruit.Vlotte smaak met\nvoldoende struct. Bij wit/rood vlees,\npasta,bbq.Op dronk.Schenktemp 14à16°C",
    "thumbNail": "https://static.colruytgroup.com/images/200x200/std.lang.all/81/15/asset-2228115.jpg",
    "fullImage": "https://static.colruytgroup.com/images/500x500/std.lang.all/81/15/asset-2228115.jpg",
    "squareImage": "https://static.colruytgroup.com/images/500x500sq/std.lang.all/81/15/asset-2228115.jpg",
    "content": "75cl",
    "walkRouteSequenceNumber": 417,
    "price": {
      "basicPrice": 3.99,
      "recommendedQuantity": "1.0",
      "measurementUnitPrice": 5.32,
      "measurementUnit": "L",
      "isRedPrice": false,
      "pricePerUOM": 5.32,
      "activationDate": "17-02-2024",
      "recordSource": "Offline",
      "isPromoActive": "N",
      "priceChangeCode": "E"
    },
    "isAvailable": true,
    "isPriceAvailable": true,
    "inPromo": false,
    "gtin": [
      "07804320381275",
      "07804320117447"
    ],
    "topCategoryName": "Wijn",
    "topCategoryId": "421",
    "businessDomain": "RETAIL_BE",
    "IsPrivateLabel": false,
    "IsBiffe": false,
    "WeightconversionFactor": "0",
    "IsWeightArticle": false,
    "IsBio": false,
    "CountryOfOrigin": "CHILI",
    "IsExclusivelySoldInLuxembourg": false,
    "OrderUnit": "P",
    "ShortName": "TOCORNAL MERLOT CHILI",
    "IsNew": false,
    "EcoscoreLabel": "D",
    "RecentQuanityOfStockUnits": "6,1",
    "LongName": "Tocornal Merlot Chili rood 75cl",
    "AlcoholVolume": "12",
    "FicCode": "E",
    "EcoscoreValue": "36"
  },
  {
    "productId": "13583",
    "technicalArticleNumber": "1618097",
    "commercialArticleNumber": "17348",
    "name": "Vino Nobile di Montepulciano DOCG",
    "description": "ITALIE ROOD - Geconcentreerde kleur\nmet warme aroma's, gekonfijte toetsen\nVolle wijn, krachtig, kruidig en\nsappig. Bij rood vlees, kaas en\nkruidige pasta's.",
    "thumbNail": "https://static.colruytgroup.com/images/200x200/std.lang.all/78/74/asset-1167874.jpg",
    "fullImage": "https://static.colruytgroup.com/images/500x500/std.lang.all/78/74/asset-1167874.jpg",
    "squareImage": "https://static.colruytgroup.com/images/500x500sq/std.lang.all/78/74/asset-1167874.jpg",
    "content": "75cl",
    "walkRouteSequenceNumber": 330,
    "price": {
      "basicPrice": 8.75,
      "recommendedQuantity": "1.0",
      "measurementUnitPrice": 11.67,
      "measurementUnit": "L",
      "isRedPrice": false,
      "pricePerUOM": 11.67,
      "activationDate": "09-01-2024",
      "isPromoActive": "N",
      "priceChangeCode": "H"
    },
    "isAvailable": true,
    "isPriceAvailable": true,
    "inPromo": false,
    "gtin": [
      "08002153997406",
      "08002153690055"
    ],
    "topCategoryName": "Wijn",
    "topCategoryId": "421",
    "businessDomain": "RETAIL_BE",
    "IsPrivateLabel": false,
    "IsBiffe": false,
    "WeightconversionFactor": "0",
    "IsWeightArticle": false,
    "IsBio": false,
    "CountryOfOrigin": "ITALIË",
    "IsExclusivelySoldInLuxembourg": false,
    "OrderUnit": "P",
    "ShortName": "VINO NOBILE MONTEP",
    "IsNew": false,
    "EcoscoreLabel": "C",
    "RecentQuanityOfStockUnits": "6,1",
    "LongName": "Vino Nobile di Montepulciano DOCG 75cl",
    "AlcoholVolume": "13",
    "FicCode": "E",
    "EcoscoreValue": "44"
  },
  {
    "productId": "143629",
    "technicalArticleNumber": "3302705",
    "commercialArticleNumber": "18613",
    "name": "Pinot Blanc Tradition Elzas",
    "description": "FRANKRIJK ALSACE DROOG WIT\nFris fruitig en aangenaam, met\ntypisch boeket van appel en wit fruit\nGekoeld serveren als aperitief, bij\nkoude schotels en visgerechten.",
    "thumbNail": "https://static.colruytgroup.com/images/200x200/std.lang.all/29/28/asset-3232928.jpg",
    "fullImage": "https://static.colruytgroup.com/images/500x500/std.lang.all/29/28/asset-3232928.jpg",
    "squareImage": "https://static.colruytgroup.com/images/500x500sq/std.lang.all/29/28/asset-3232928.jpg",
    "content": "75cl",
    "walkRouteSequenceNumber": 234,
    "price": {
      "basicPrice": 6.59,
      "recommendedQuantity": "1.0",
      "quantityPrice": 6.33,
      "quantityPriceQuantity": "6.0",
      "measurementUnitPrice": 8.79,
      "measurementUnitQuantityPrice": 8.44,
      "measurementUnit": "L",
      "isRedPrice": false,
      "pricePerUOM": 8.79,
      "activationDate": "02-01-2024",
      "isPromoActive": "N",
      "priceChangeCode": "H",
      "quantityPricePerUOM": 8.44,
      "quantityActivationDate": "02-01-2024",
      "quantityPriceChangeCode": "E"
    },
    "isAvailable": true,
    "isPriceAvailable": true,
    "inPromo": false,
    "gtin": [
      "03225820049429",
      "03225820049436"
    ],
    "topCategoryName": "Wijn",
    "topCategoryId": "421",
    "businessDomain": "RETAIL_BE",
    "IsPrivateLabel": false,
    "IsBiffe": false,
    "WeightconversionFactor": "0",
    "IsWeightArticle": false,
    "IsBio": false,
    "CountryOfOrigin": "FRANKRIJK",
    "IsExclusivelySoldInLuxembourg": false,
    "OrderUnit": "P",
    "ShortName": "PINOT BL ALSACE TRAD75C",
    "IsNew": false,
    "EcoscoreLabel": "C",
    "RecentQuanityOfStockUnits": "6,1",
    "LongName": "Pinot Blanc Tradition Elzas 75cl",
    "AlcoholVolume": "12",
    "FicCode": "E",
    "EcoscoreValue": "55"
  },
  {
    "productId": "28132",
    "technicalArticleNumber": "1961422",
    "commercialArticleNumber": "18022",
    "name": "Dom. Château d'Eau Pinot Noir Bio",
    "description": "Goed getypeerde Pinot Noir met aroma's\nvan aardbei en cassis. Mondvullend\npallet met een zijdezachte finale.\nGeschikt bij: mixed grill, coq-au-vin,\nkalfsblanket en ander wit vlees.",
    "thumbNail": "https://static.colruytgroup.com/images/200x200/std.lang.all/99/11/asset-2709911.jpg",
    "fullImage": "https://static.colruytgroup.com/images/500x500/std.lang.all/99/11/asset-2709911.jpg",
    "squareImage": "https://static.colruytgroup.com/images/500x500sq/std.lang.all/99/11/asset-2709911.jpg",
    "content": "75cl",
    "walkRouteSequenceNumber": 248,
    "price": {
      "basicPrice": 6.95,
      "recommendedQuantity": "1.0",
      "measurementUnitPrice": 9.27,
      "measurementUnit": "L",
      "isRedPrice": false,
      "pricePerUOM": 9.27,
      "activationDate": "02-01-2024",
      "isPromoActive": "N",
      "priceChangeCode": "H"
    },
    "isAvailable": true,
    "isPriceAvailable": true,
    "inPromo": false,
    "gtin": [
      "03180421114535",
      "03180421110087"
    ],
    "topCategoryName": "Wijn",
    "topCategoryId": "421",
    "businessDomain": "RETAIL_BE",
    "IsPrivateLabel": false,
    "IsBiffe": false,
    "WeightconversionFactor": "0",
    "IsWeightArticle": false,
    "IsBio": true,
    "CountryOfOrigin": "FRANKRIJK",
    "IsExclusivelySoldInLuxembourg": false,
    "OrderUnit": "P",
    "ShortName": "PINOT NOIR BIO 75CL",
    "IsNew": false,
    "RecentQuanityOfStockUnits": "6,1",
    "LongName": "Dom. Château d'Eau Pinot Noir Bio 75cl",
    "AlcoholVolume": "13.5",
    "FicCode": "E"
  },
  {
    "productId": "236300",
    "technicalArticleNumber": "3534699",
    "commercialArticleNumber": "40150",
    "name": "Chat Villelongue Limoux AOP Wit",
    "description": "FRANCE BLANC LIMOUX Intens geel.\nFrisse, fruitig, houtige wijn.\nMooi houtig, complex en\ngestructureerd.",
    "thumbNail": "https://static.colruytgroup.com/images/200x200/std.lang.all/86/94/asset-3268694.jpg",
    "fullImage": "https://static.colruytgroup.com/images/500x500/std.lang.all/86/94/asset-3268694.jpg",
    "squareImage": "https://static.colruytgroup.com/images/500x500sq/std.lang.all/86/94/asset-3268694.jpg",
    "content": "75cl",
    "walkRouteSequenceNumber": 228,
    "price": {
      "basicPrice": 8.25,
      "recommendedQuantity": "1.0",
      "measurementUnitPrice": 11,
      "measurementUnit": "L",
      "isRedPrice": false,
      "pricePerUOM": 11,
      "activationDate": "28-12-2023",
      "isPromoActive": "N",
      "priceChangeCode": "E"
    },
    "isAvailable": true,
    "isPriceAvailable": true,
    "inPromo": true,
    "promotion": [
      {
        "techPromoId": "001120COLR",
        "promotionId": "001120",
        "promotionType": "3",
        "isPersonalized": "N",
        "publicationStartDate": "11-01-2024",
        "publicationEndDate": "10-05-2024"
      }
    ],
    "gtin": [
      "03500610112157",
      "03500611132642"
    ],
    "topCategoryName": "Wijn",
    "topCategoryId": "421",
    "businessDomain": "RETAIL_BE",
    "IsPrivateLabel": false,
    "IsBiffe": false,
    "WeightconversionFactor": "0",
    "IsWeightArticle": false,
    "IsBio": false,
    "CountryOfOrigin": "FRANKRIJK",
    "IsExclusivelySoldInLuxembourg": false,
    "OrderUnit": "P",
    "ShortName": "CH VILLELONGUE LIMOUX",
    "InSeason": true,
    "IsNew": false,
    "RecentQuanityOfStockUnits": "1,6",
    "LongName": "Chat Villelongue Limoux AOP Wit 75cl",
    "AlcoholVolume": "13.5",
    "StartSeasonDate": "27/07/2022",
    "FicCode": "E"
  },
  {
    "productId": "3127",
    "technicalArticleNumber": "1044490",
    "commercialArticleNumber": "17241",
    "name": "Le Sablou Bergerac rood",
    "description": "FRANKRIJK ROOD ZUID-WEST\nIntense, donkerrode kleur, fruitige,\nkruidige neus, karaktervol en pittig\nvan smaak. Aanbevolen bij suddervlees\nschotel, kaas... Tot 5 jaar bewaren.",
    "thumbNail": "https://static.colruytgroup.com/images/200x200/std.lang.all/38/60/asset-1093860.jpg",
    "fullImage": "https://static.colruytgroup.com/images/500x500/std.lang.all/38/60/asset-1093860.jpg",
    "squareImage": "https://static.colruytgroup.com/images/500x500sq/std.lang.all/38/60/asset-1093860.jpg",
    "content": "75cl",
    "walkRouteSequenceNumber": 191,
    "price": {
      "basicPrice": 4.85,
      "recommendedQuantity": "1.0",
      "quantityPrice": 4.66,
      "quantityPriceQuantity": "6.0",
      "measurementUnitPrice": 6.47,
      "measurementUnitQuantityPrice": 6.22,
      "measurementUnit": "L",
      "isRedPrice": false,
      "pricePerUOM": 6.47,
      "activationDate": "15-12-2023",
      "isPromoActive": "N",
      "priceChangeCode": "H",
      "quantityPricePerUOM": 6.22,
      "quantityActivationDate": "15-12-2023",
      "quantityPriceChangeCode": "H"
    },
    "isAvailable": true,
    "isPriceAvailable": true,
    "inPromo": false,
    "gtin": [
      "03579939199156",
      "03700898220425",
      "03700898210426"
    ],
    "topCategoryName": "Wijn",
    "topCategoryId": "421",
    "businessDomain": "RETAIL_BE",
    "IsPrivateLabel": false,
    "IsBiffe": false,
    "WeightconversionFactor": "0",
    "IsWeightArticle": false,
    "IsBio": false,
    "CountryOfOrigin": "FRANKRIJK",
    "IsExclusivelySoldInLuxembourg": false,
    "OrderUnit": "P",
    "ShortName": "SABLOU BERGERAC ROOD",
    "IsNew": false,
    "RecentQuanityOfStockUnits": "6,1",
    "LongName": "Le Sablou Bergerac rood 75cl",
    "AlcoholVolume": "12.5",
    "FicCode": "E"
  },
  {
    "productId": "1236",
    "technicalArticleNumber": "17506",
    "commercialArticleNumber": "17506",
    "name": "Château La France",
    "description": "Uitstekende Bordeaux Supérieur in\nhalf flesje (bevat ongeveer 2,5\nglazen wijn). Aangebevolen bij rood\nvlees, gebraad en kaasschotels.\nBewaring: tot 5 jaar.",
    "thumbNail": "https://static.colruytgroup.com/images/200x200/std.lang.all/15/26/asset-371526.jpg",
    "fullImage": "https://static.colruytgroup.com/images/500x500/std.lang.all/15/26/asset-371526.jpg",
    "squareImage": "https://static.colruytgroup.com/images/500x500sq/std.lang.all/15/26/asset-371526.jpg",
    "content": "37,5cl",
    "walkRouteSequenceNumber": 150,
    "price": {
      "basicPrice": 3.85,
      "recommendedQuantity": "1.0",
      "quantityPrice": 3.7,
      "quantityPriceQuantity": "12.0",
      "measurementUnitPrice": 10.27,
      "measurementUnitQuantityPrice": 9.87,
      "measurementUnit": "L",
      "isRedPrice": false,
      "pricePerUOM": 10.27,
      "activationDate": "15-02-2024",
      "isPromoActive": "N",
      "priceChangeCode": "H",
      "quantityPricePerUOM": 9.87,
      "quantityActivationDate": "15-02-2024",
      "quantityPriceChangeCode": "H"
    },
    "isAvailable": true,
    "isPriceAvailable": true,
    "inPromo": false,
    "gtin": [
      "03303052037015",
      "03303052037121",
      "03303052037244"
    ],
    "topCategoryName": "Wijn",
    "topCategoryId": "421",
    "businessDomain": "RETAIL_BE",
    "IsPrivateLabel": false,
    "IsBiffe": false,
    "WeightconversionFactor": "0",
    "IsWeightArticle": false,
    "IsBio": false,
    "CountryOfOrigin": "FRANKRIJK",
    "IsExclusivelySoldInLuxembourg": false,
    "OrderUnit": "P",
    "ShortName": "CH LA FRANCE ROO 37.5CL",
    "IsNew": false,
    "EcoscoreLabel": "D",
    "RecentQuanityOfStockUnits": "1,12",
    "LongName": "Château La France 37,5cl",
    "AlcoholVolume": "12.5",
    "FicCode": "E",
    "EcoscoreValue": "22"
  },
  {
    "productId": "303138",
    "technicalArticleNumber": "3711747",
    "commercialArticleNumber": "19278",
    "name": "Recoda Brut Nature",
    "description": "SPANJE CATALONIE\nCava volgens de traditionele methode.\nNiet gedoseerd, dus zonder toevoeging\nvan suiker or likeur, waardoor hij\nzeer fris is.",
    "thumbNail": "https://static.colruytgroup.com/images/200x200/std.lang.all/67/33/asset-1306733.jpg",
    "fullImage": "https://static.colruytgroup.com/images/500x500/std.lang.all/67/33/asset-1306733.jpg",
    "squareImage": "https://static.colruytgroup.com/images/500x500sq/std.lang.all/67/33/asset-1306733.jpg",
    "content": "75cl",
    "walkRouteSequenceNumber": 575,
    "price": {
      "basicPrice": 5.49,
      "recommendedQuantity": "1.0",
      "measurementUnitPrice": 7.32,
      "measurementUnit": "L",
      "isRedPrice": false,
      "pricePerUOM": 7.32,
      "activationDate": "02-03-2024",
      "recordSource": "Offline",
      "isPromoActive": "N",
      "priceChangeCode": "H"
    },
    "isAvailable": true,
    "isPriceAvailable": true,
    "inPromo": false,
    "gtin": [
      "08413216101898",
      "08413216201895"
    ],
    "topCategoryName": "Wijn",
    "topCategoryId": "421",
    "businessDomain": "RETAIL_BE",
    "IsPrivateLabel": false,
    "IsBiffe": false,
    "WeightconversionFactor": "0",
    "IsWeightArticle": false,
    "IsBio": false,
    "CountryOfOrigin": "BELGIË",
    "IsExclusivelySoldInLuxembourg": false,
    "OrderUnit": "P",
    "ShortName": "RECODA BRUT NATURE",
    "IsNew": false,
    "EcoscoreLabel": "C",
    "RecentQuanityOfStockUnits": "6,1",
    "LongName": "Recoda Brut Nature 75cl",
    "AlcoholVolume": "11.5",
    "FicCode": "E",
    "EcoscoreValue": "46"
  },
  {
    "productId": "7891",
    "technicalArticleNumber": "1174182",
    "commercialArticleNumber": "17268",
    "name": "Stamps cabernet merlot",
    "description": "AUSTRALIE ROOD\nFruitige, ronde en soepele wijn.\nZuidoost Australië. Perfecte com-\nbinatie van merlot en cabernet druif.\nBij vlees en gevogelte. QNH",
    "brand": "HARDY'S",
    "seoBrand": "Hardy's",
    "thumbNail": "https://static.colruytgroup.com/images/200x200/std.lang.all/44/44/asset-1174444.jpg",
    "fullImage": "https://static.colruytgroup.com/images/500x500/std.lang.all/44/44/asset-1174444.jpg",
    "squareImage": "https://static.colruytgroup.com/images/500x500sq/std.lang.all/44/44/asset-1174444.jpg",
    "content": "75cl",
    "walkRouteSequenceNumber": 405,
    "price": {
      "basicPrice": 5.49,
      "recommendedQuantity": "1.0",
      "quantityPrice": 5.05,
      "quantityPriceQuantity": "6.0",
      "measurementUnitPrice": 7.32,
      "measurementUnitQuantityPrice": 6.74,
      "measurementUnit": "L",
      "isRedPrice": false,
      "pricePerUOM": 7.32,
      "activationDate": "14-03-2024",
      "isPromoActive": "N",
      "priceChangeCode": "H",
      "quantityPricePerUOM": 6.74,
      "quantityActivationDate": "14-03-2024",
      "quantityPriceChangeCode": "H"
    },
    "isAvailable": true,
    "isPriceAvailable": true,
    "inPromo": false,
    "gtin": [
      "09311043048715",
      "05010186111921"
    ],
    "topCategoryName": "Wijn",
    "topCategoryId": "421",
    "businessDomain": "RETAIL_BE",
    "IsPrivateLabel": false,
    "IsBiffe": false,
    "WeightconversionFactor": "0",
    "IsWeightArticle": false,
    "IsBio": false,
    "CountryOfOrigin": "AUSTRALIË",
    "IsExclusivelySoldInLuxembourg": false,
    "OrderUnit": "P",
    "ShortName": "STAMPS CABER.MERLOT RO",
    "IsNew": false,
    "EcoscoreLabel": "D",
    "RecentQuanityOfStockUnits": "6,1",
    "LongName": "HARDY'S Stamps cabernet merlot 75cl",
    "AlcoholVolume": "13.5",
    "FicCode": "E",
    "EcoscoreValue": "22"
  },
  {
    "productId": "143",
    "technicalArticleNumber": "17078",
    "commercialArticleNumber": "17078",
    "name": "Les Lauriers Muscadet",
    "description": "FRANKRIJK LOIRE DROOG WIT\nSèvre-et-Maine sur lie (gebotteld uit\nhet vat zonder bezinksel te verwijde-\nren). Droog en fijn, goede aciditeit.\nKoel schenken bij vis/schaaldieren.QAA",
    "thumbNail": "https://static.colruytgroup.com/images/200x200/std.lang.all/78/38/asset-2317838.jpg",
    "fullImage": "https://static.colruytgroup.com/images/500x500/std.lang.all/78/38/asset-2317838.jpg",
    "squareImage": "https://static.colruytgroup.com/images/500x500sq/std.lang.all/78/38/asset-2317838.jpg",
    "content": "75cl",
    "walkRouteSequenceNumber": 176,
    "price": {
      "basicPrice": 4.99,
      "recommendedQuantity": "1.0",
      "measurementUnitPrice": 6.66,
      "measurementUnit": "L",
      "isRedPrice": false,
      "pricePerUOM": 6.66,
      "activationDate": "18-03-2024",
      "recordSource": "Offline",
      "isPromoActive": "N",
      "priceChangeCode": "E"
    },
    "isAvailable": true,
    "isPriceAvailable": true,
    "inPromo": false,
    "gtin": [
      "03279870609232",
      "03279872609230"
    ],
    "topCategoryName": "Wijn",
    "topCategoryId": "421",
    "businessDomain": "RETAIL_BE",
    "IsPrivateLabel": false,
    "IsBiffe": false,
    "WeightconversionFactor": "0",
    "IsWeightArticle": false,
    "IsBio": false,
    "CountryOfOrigin": "FRANKRIJK",
    "IsExclusivelySoldInLuxembourg": false,
    "OrderUnit": "P",
    "ShortName": "MUSCADET LIE LAURIER",
    "IsNew": false,
    "EcoscoreLabel": "D",
    "RecentQuanityOfStockUnits": "1,6",
    "LongName": "Les Lauriers Muscadet 75cl",
    "AlcoholVolume": "12",
    "FicCode": "E",
    "EcoscoreValue": "23"
  },
  {
    "productId": "16433",
    "technicalArticleNumber": "1468639",
    "commercialArticleNumber": "17428",
    "name": "Merlot Chili",
    "description": "CHILI ROOD KWALITEITSWIJN\nTarapaca is één van de tophuizen in\nChili. Voortreffelijke wijn met rijpe\ngeuren en smaak, krachtig. Aanbevolen\nbij kruidige vleesschotels en kaas.QNG",
    "brand": "VIÑA TARAPACÁ",
    "seoBrand": "Viña Tarapacá",
    "thumbNail": "https://static.colruytgroup.com/images/200x200/std.lang.all/76/92/asset-1847692.jpg",
    "fullImage": "https://static.colruytgroup.com/images/500x500/std.lang.all/76/92/asset-1847692.jpg",
    "squareImage": "https://static.colruytgroup.com/images/500x500sq/std.lang.all/76/92/asset-1847692.jpg",
    "content": "37,5cl",
    "walkRouteSequenceNumber": 400,
    "price": {
      "basicPrice": 3.69,
      "recommendedQuantity": "1.0",
      "measurementUnitPrice": 9.84,
      "measurementUnit": "L",
      "isRedPrice": false,
      "pricePerUOM": 9.84,
      "activationDate": "07-02-2024",
      "recordSource": "Offline",
      "isPromoActive": "N",
      "priceChangeCode": "E"
    },
    "isAvailable": true,
    "isPriceAvailable": true,
    "inPromo": false,
    "gtin": [
      "07804340902436",
      "27804340902430"
    ],
    "topCategoryName": "Wijn",
    "topCategoryId": "421",
    "businessDomain": "RETAIL_BE",
    "IsPrivateLabel": false,
    "IsBiffe": false,
    "WeightconversionFactor": "0",
    "IsWeightArticle": false,
    "IsBio": false,
    "CountryOfOrigin": "CHILI",
    "IsExclusivelySoldInLuxembourg": false,
    "OrderUnit": "P",
    "ShortName": "MERLOT TARAPACA 37.5 CL",
    "IsNew": false,
    "RecentQuanityOfStockUnits": "1,12",
    "LongName": "VIÑA TARAPACÁ Merlot Chili 37,5cl",
    "AlcoholVolume": "13.5",
    "FicCode": "E"
  },
  {
    "productId": "63889",
    "technicalArticleNumber": "2778242",
    "commercialArticleNumber": "32702",
    "name": "Rosé Chili",
    "description": "Intens gekleurde rosé. Ruikt naar rood\nen zwart fruit. Sappige, volle en\nkrachtige smaak. Heerlijk bij wit en\nrood vlees, salades, pasta's, barbecue\nJong drinken. Koel schenken.",
    "brand": "VIÑA TARAPACÁ",
    "seoBrand": "Viña Tarapacá",
    "thumbNail": "https://static.colruytgroup.com/images/200x200/std.lang.all/76/93/asset-1847693.jpg",
    "fullImage": "https://static.colruytgroup.com/images/500x500/std.lang.all/76/93/asset-1847693.jpg",
    "squareImage": "https://static.colruytgroup.com/images/500x500sq/std.lang.all/76/93/asset-1847693.jpg",
    "content": "75cl",
    "walkRouteSequenceNumber": 452,
    "price": {
      "basicPrice": 4.99,
      "recommendedQuantity": "1.0",
      "quantityPrice": 4.79,
      "quantityPriceQuantity": "6.0",
      "measurementUnitPrice": 6.66,
      "measurementUnitQuantityPrice": 6.39,
      "measurementUnit": "L",
      "isRedPrice": false,
      "pricePerUOM": 6.66,
      "activationDate": "19-03-2024",
      "recordSource": "Offline",
      "isPromoActive": "N",
      "priceChangeCode": "E",
      "quantityPricePerUOM": 6.39,
      "quantityActivationDate": "19-03-2024",
      "quantityPriceChangeCode": "H"
    },
    "isAvailable": true,
    "isPriceAvailable": true,
    "inPromo": false,
    "gtin": [
      "27804340600404",
      "07804340600400",
      "07804340101310"
    ],
    "topCategoryName": "Wijn",
    "topCategoryId": "421",
    "businessDomain": "RETAIL_BE",
    "IsPrivateLabel": false,
    "IsBiffe": false,
    "WeightconversionFactor": "0",
    "IsWeightArticle": false,
    "IsBio": false,
    "CountryOfOrigin": "CHILI",
    "IsExclusivelySoldInLuxembourg": false,
    "OrderUnit": "P",
    "ShortName": "TARAPACA ROSE CHILI",
    "IsNew": false,
    "RecentQuanityOfStockUnits": "6,1",
    "LongName": "VIÑA TARAPACÁ Rosé Chili 75cl",
    "AlcoholVolume": "14",
    "FicCode": "E"
  },
  {
    "productId": "1242",
    "technicalArticleNumber": "17619",
    "commercialArticleNumber": "17619",
    "name": "Fitou flamboyant",
    "description": "Rode wijn uit de Fitou (streek van\nCorbières). Krachtige en volle wijn\nmet ietwat kruidige smaak. Kan lang\nbewaren. Aan te raden bij gekruide\nschotels en kazen.",
    "thumbNail": "https://static.colruytgroup.com/images/200x200/std.lang.all/92/31/asset-2809231.jpg",
    "fullImage": "https://static.colruytgroup.com/images/500x500/std.lang.all/92/31/asset-2809231.jpg",
    "squareImage": "https://static.colruytgroup.com/images/500x500sq/std.lang.all/92/31/asset-2809231.jpg",
    "content": "75cl",
    "walkRouteSequenceNumber": 260,
    "price": {
      "basicPrice": 4.79,
      "recommendedQuantity": "1.0",
      "measurementUnitPrice": 6.39,
      "measurementUnit": "L",
      "isRedPrice": false,
      "pricePerUOM": 6.39,
      "activationDate": "17-02-2024",
      "recordSource": "Offline",
      "isPromoActive": "N",
      "priceChangeCode": "E"
    },
    "isAvailable": true,
    "isPriceAvailable": true,
    "inPromo": false,
    "gtin": [
      "03288841035321",
      "03288849995320"
    ],
    "topCategoryName": "Wijn",
    "topCategoryId": "421",
    "businessDomain": "RETAIL_BE",
    "IsPrivateLabel": false,
    "IsBiffe": false,
    "WeightconversionFactor": "0",
    "IsWeightArticle": false,
    "IsBio": false,
    "CountryOfOrigin": "FRANKRIJK",
    "IsExclusivelySoldInLuxembourg": false,
    "OrderUnit": "P",
    "ShortName": "FITOU FLAMBOYANT",
    "IsNew": false,
    "RecentQuanityOfStockUnits": "6,1",
    "LongName": "Fitou flamboyant 75cl",
    "AlcoholVolume": "13",
    "FicCode": "E"
  },
  {
    "productId": "1161",
    "technicalArticleNumber": "17755",
    "commercialArticleNumber": "17755",
    "name": "Saint-Mont Réserve des Lauriers r.",
    "description": "FRANKRIJK ZUIDEN ROOD\nWijn met een intense, robijnrode kleur\nen een frisse en fruitige geur, eigen\naan jonge wijn. Zeer soepele, aroma-\ntische wijn. Lichtjes chambreren.",
    "thumbNail": "https://static.colruytgroup.com/images/200x200/std.lang.all/63/75/asset-1176375.jpg",
    "fullImage": "https://static.colruytgroup.com/images/500x500/std.lang.all/63/75/asset-1176375.jpg",
    "squareImage": "https://static.colruytgroup.com/images/500x500sq/std.lang.all/63/75/asset-1176375.jpg",
    "content": "75cl",
    "walkRouteSequenceNumber": 206,
    "price": {
      "basicPrice": 5.29,
      "recommendedQuantity": "1.0",
      "quantityPrice": 5.08,
      "quantityPriceQuantity": "6.0",
      "measurementUnitPrice": 7.06,
      "measurementUnitQuantityPrice": 6.78,
      "measurementUnit": "L",
      "isRedPrice": false,
      "pricePerUOM": 7.06,
      "activationDate": "12-12-2023",
      "isPromoActive": "N",
      "priceChangeCode": "E",
      "quantityPricePerUOM": 6.78,
      "quantityActivationDate": "12-12-2023",
      "quantityPriceChangeCode": "H"
    },
    "isAvailable": true,
    "isPriceAvailable": true,
    "inPromo": false,
    "gtin": [
      "03270040218964",
      "03270040220240"
    ],
    "topCategoryName": "Wijn",
    "topCategoryId": "421",
    "businessDomain": "RETAIL_BE",
    "IsPrivateLabel": false,
    "IsBiffe": false,
    "WeightconversionFactor": "0",
    "IsWeightArticle": false,
    "IsBio": false,
    "CountryOfOrigin": "FRANKRIJK",
    "IsExclusivelySoldInLuxembourg": false,
    "OrderUnit": "P",
    "ShortName": "ST-MONT LAURIER ROOD",
    "IsNew": false,
    "EcoscoreLabel": "D",
    "RecentQuanityOfStockUnits": "6,1",
    "LongName": "Saint-Mont Réserve des Lauriers r. 75cl",
    "AlcoholVolume": "13",
    "FicCode": "E",
    "EcoscoreValue": "22"
  },
  {
    "productId": "869235",
    "technicalArticleNumber": "4722397",
    "commercialArticleNumber": "17563",
    "name": "Chardonnay-Macabeo Bio",
    "description": "*Spanje",
    "brand": "HECHO MANO",
    "seoBrand": "Hecho Mano",
    "thumbNail": "https://static.colruytgroup.com/images/200x200/std.lang.all/18/94/asset-3261894.jpg",
    "fullImage": "https://static.colruytgroup.com/images/500x500/std.lang.all/18/94/asset-3261894.jpg",
    "squareImage": "https://static.colruytgroup.com/images/500x500sq/std.lang.all/18/94/asset-3261894.jpg",
    "content": "75cl",
    "walkRouteSequenceNumber": 290,
    "price": {
      "basicPrice": 6.49,
      "recommendedQuantity": "1.0",
      "measurementUnitPrice": 8.66,
      "measurementUnit": "L",
      "isRedPrice": false,
      "pricePerUOM": 8.66,
      "activationDate": "13-03-2024",
      "isPromoActive": "N",
      "priceChangeCode": "H"
    },
    "isAvailable": true,
    "isPriceAvailable": true,
    "inPromo": false,
    "gtin": [
      "28425021100144",
      "08425021100188"
    ],
    "topCategoryName": "Wijn",
    "topCategoryId": "421",
    "businessDomain": "RETAIL_BE",
    "IsPrivateLabel": false,
    "IsBiffe": false,
    "WeightconversionFactor": "0",
    "IsWeightArticle": false,
    "IsBio": true,
    "CountryOfOrigin": "SPANJE",
    "IsExclusivelySoldInLuxembourg": false,
    "OrderUnit": "P",
    "ShortName": "HEMMA CHAR.MACA.BIO75CL",
    "IsNew": false,
    "RecentQuanityOfStockUnits": "1,6",
    "LongName": "HECHO MANO Chardonnay-Macabeo Bio 75cl",
    "AlcoholVolume": "12",
    "FicCode": "E"
  },
  {
    "productId": "589378",
    "technicalArticleNumber": "4247096",
    "commercialArticleNumber": "20658",
    "name": "Fleurs de Prairie C.Provence rosé",
    "description": "FRANCE PROVENCE\nSmaak van zuur fruit,\nzwarte bessen en citroen\nAanbevolen bij geroosterd vlees,\nvis en tapas.",
    "thumbNail": "https://static.colruytgroup.com/images/200x200/std.lang.all/88/47/asset-2878847.jpg",
    "fullImage": "https://static.colruytgroup.com/images/500x500/std.lang.all/88/47/asset-2878847.jpg",
    "squareImage": "https://static.colruytgroup.com/images/500x500sq/std.lang.all/88/47/asset-2878847.jpg",
    "content": "75cl",
    "walkRouteSequenceNumber": 480,
    "price": {
      "basicPrice": 8.29,
      "recommendedQuantity": "1.0",
      "measurementUnitPrice": 11.06,
      "measurementUnit": "L",
      "isRedPrice": false,
      "pricePerUOM": 11.06,
      "activationDate": "02-02-2024",
      "isPromoActive": "N",
      "priceChangeCode": "E"
    },
    "isAvailable": true,
    "isPriceAvailable": true,
    "inPromo": false,
    "gtin": [
      "03500611144478",
      "03500610120114"
    ],
    "topCategoryName": "Wijn",
    "topCategoryId": "421",
    "businessDomain": "RETAIL_BE",
    "IsPrivateLabel": false,
    "IsBiffe": false,
    "WeightconversionFactor": "0",
    "IsWeightArticle": false,
    "IsBio": false,
    "CountryOfOrigin": "FRANKRIJK",
    "IsExclusivelySoldInLuxembourg": false,
    "OrderUnit": "P",
    "ShortName": "PROVENCE FLEUR ROSE",
    "InSeason": true,
    "IsNew": false,
    "EcoscoreLabel": "D",
    "RecentQuanityOfStockUnits": "6,1",
    "LongName": "Fleurs de Prairie C.Provence rosé 75cl",
    "AlcoholVolume": "13",
    "StartSeasonDate": "18/11/2022",
    "FicCode": "E",
    "EcoscoreValue": "25"
  },
  {
    "productId": "4211",
    "technicalArticleNumber": "1008439",
    "commercialArticleNumber": "17722",
    "name": "Coto de Imaz Reserva",
    "description": "SPANJA ROOD RIOJA\nGrote klassewijn, gerijpt op eiken\nvaten. Subtiel houtig boeket, met\nfruitigheid, finesse. Aanbev. bij wild\nkaas, rood vlees/schapenvlees.",
    "thumbNail": "https://static.colruytgroup.com/images/200x200/std.lang.all/48/46/asset-3264846.jpg",
    "fullImage": "https://static.colruytgroup.com/images/500x500/std.lang.all/48/46/asset-3264846.jpg",
    "squareImage": "https://static.colruytgroup.com/images/500x500sq/std.lang.all/48/46/asset-3264846.jpg",
    "content": "75cl",
    "walkRouteSequenceNumber": 387,
    "price": {
      "basicPrice": 9.65,
      "recommendedQuantity": "1.0",
      "measurementUnitPrice": 12.87,
      "measurementUnit": "L",
      "isRedPrice": false,
      "pricePerUOM": 12.87,
      "activationDate": "01-02-2024",
      "isPromoActive": "N",
      "priceChangeCode": "H"
    },
    "isAvailable": true,
    "isPriceAvailable": true,
    "inPromo": false,
    "gtin": [
      "28410537051929",
      "28410537051820",
      "08410537054223",
      "08410537050126",
      "08410537050027"
    ],
    "topCategoryName": "Wijn",
    "topCategoryId": "421",
    "businessDomain": "RETAIL_BE",
    "IsPrivateLabel": false,
    "IsBiffe": false,
    "WeightconversionFactor": "0",
    "IsWeightArticle": false,
    "IsBio": false,
    "CountryOfOrigin": "SPANJE",
    "IsExclusivelySoldInLuxembourg": false,
    "OrderUnit": "P",
    "ShortName": "COTO IMAZ RESERVA RIOJA",
    "IsNew": false,
    "EcoscoreLabel": "D",
    "RecentQuanityOfStockUnits": "1,6,6,6",
    "LongName": "Coto de Imaz Reserva 75cl",
    "AlcoholVolume": "14",
    "FicCode": "E",
    "EcoscoreValue": "38"
  },
  {
    "productId": "149",
    "technicalArticleNumber": "17092",
    "commercialArticleNumber": "17092",
    "name": "Saint-Véran",
    "description": "FRANKRIJK BOURGOGNE DROOG WIT\nGrote witte wijn, uit de Bourgogne-\nstreek. Zeer goede kwaliteit. Rijke en\nvolle mond. Koel serveren bij schaal-,\nschelpdieren en vis. QAA",
    "thumbNail": "https://static.colruytgroup.com/images/200x200/std.lang.all/79/23/asset-2287923.jpg",
    "fullImage": "https://static.colruytgroup.com/images/500x500/std.lang.all/79/23/asset-2287923.jpg",
    "squareImage": "https://static.colruytgroup.com/images/500x500sq/std.lang.all/79/23/asset-2287923.jpg",
    "content": "75cl",
    "walkRouteSequenceNumber": 122,
    "price": {
      "basicPrice": 11.89,
      "recommendedQuantity": "1.0",
      "measurementUnitPrice": 15.86,
      "measurementUnit": "L",
      "isRedPrice": false,
      "pricePerUOM": 15.86,
      "activationDate": "24-02-2024",
      "isPromoActive": "N",
      "priceChangeCode": "E"
    },
    "isAvailable": true,
    "isPriceAvailable": true,
    "inPromo": false,
    "gtin": [
      "03443201501049",
      "03443208001948"
    ],
    "topCategoryName": "Wijn",
    "topCategoryId": "421",
    "businessDomain": "RETAIL_BE",
    "IsPrivateLabel": false,
    "IsBiffe": false,
    "WeightconversionFactor": "0",
    "IsWeightArticle": false,
    "IsBio": false,
    "CountryOfOrigin": "FRANKRIJK",
    "IsExclusivelySoldInLuxembourg": false,
    "OrderUnit": "P",
    "ShortName": "SAINT VERAN",
    "IsNew": false,
    "RecentQuanityOfStockUnits": "1,6",
    "LongName": "Saint-Véran 75cl",
    "AlcoholVolume": "13",
    "FicCode": "E"
  },
  {
    "productId": "650741",
    "technicalArticleNumber": "4349025",
    "commercialArticleNumber": "22463",
    "name": "Party Bubbles Unicorn",
    "description": "*Zonder alcohol",
    "brand": "ZAGAZOE!",
    "seoBrand": "Zagazoe!",
    "thumbNail": "https://static.colruytgroup.com/images/200x200/std.lang.all/77/59/asset-2317759.jpg",
    "fullImage": "https://static.colruytgroup.com/images/500x500/std.lang.all/77/59/asset-2317759.jpg",
    "squareImage": "https://static.colruytgroup.com/images/500x500sq/std.lang.all/77/59/asset-2317759.jpg",
    "content": "75cl",
    "walkRouteSequenceNumber": 556,
    "price": {
      "basicPrice": 2.49,
      "recommendedQuantity": "1.0",
      "quantityPrice": 2.39,
      "quantityPriceQuantity": "6.0",
      "measurementUnitPrice": 3.32,
      "measurementUnitQuantityPrice": 3.19,
      "measurementUnit": "L",
      "isRedPrice": false,
      "pricePerUOM": 3.32,
      "activationDate": "14-03-2024",
      "isPromoActive": "N",
      "priceChangeCode": "H",
      "quantityPricePerUOM": 3.19,
      "quantityActivationDate": "14-03-2024",
      "quantityPriceChangeCode": "L"
    },
    "isAvailable": true,
    "isPriceAvailable": true,
    "inPromo": false,
    "gtin": [
      "05425019203009",
      "15425019203006"
    ],
    "topCategoryName": "Wijn",
    "topCategoryId": "421",
    "businessDomain": "RETAIL_BE",
    "IsPrivateLabel": false,
    "IsBiffe": false,
    "WeightconversionFactor": "0",
    "IsWeightArticle": false,
    "nutriscoreLabel": "E",
    "IsBio": false,
    "CountryOfOrigin": "BELGIË",
    "IsExclusivelySoldInLuxembourg": false,
    "OrderUnit": "P",
    "ShortName": "ZAGA PARTYB.UNICORN75CL",
    "IsNew": false,
    "RecentQuanityOfStockUnits": "1,6",
    "LongName": "ZAGAZOE! Party Bubbles Unicorn 75cl",
    "FicCode": "E"
  },
  {
    "productId": "1245",
    "technicalArticleNumber": "17646",
    "commercialArticleNumber": "17646",
    "name": "Château la Croix de Guillot",
    "description": "FRANKRIJK BORDEAUX ROOD\nPremières Côtes de Blaye. Rijping op\neikenhouten vaten geeft fijn karakter\nFruitige neus, soepele, rijpe smaak,\nlange afdronk. Bewaart tot 7 jaar.",
    "thumbNail": "https://static.colruytgroup.com/images/200x200/std.lang.all/53/78/asset-1635378.jpg",
    "fullImage": "https://static.colruytgroup.com/images/500x500/std.lang.all/53/78/asset-1635378.jpg",
    "squareImage": "https://static.colruytgroup.com/images/500x500sq/std.lang.all/53/78/asset-1635378.jpg",
    "content": "75cl",
    "walkRouteSequenceNumber": 152,
    "price": {
      "basicPrice": 6.09,
      "recommendedQuantity": "1.0",
      "quantityPrice": 5.85,
      "quantityPriceQuantity": "6.0",
      "measurementUnitPrice": 8.12,
      "measurementUnitQuantityPrice": 7.8,
      "measurementUnit": "L",
      "isRedPrice": true,
      "redPriceReason": "Promo",
      "referencePrice": 6.95,
      "retentionPeriod": 30,
      "pricePerUOM": 8.12,
      "activationDate": "13-03-2024",
      "isPromoActive": "Y",
      "priceChangeCode": "L",
      "quantityPricePerUOM": 7.8,
      "quantityActivationDate": "13-03-2024",
      "quantityPriceChangeCode": "L"
    },
    "isAvailable": true,
    "isPriceAvailable": true,
    "inPromo": false,
    "gtin": [
      "03251093206535",
      "03251093206542"
    ],
    "topCategoryName": "Wijn",
    "topCategoryId": "421",
    "businessDomain": "RETAIL_BE",
    "IsPrivateLabel": false,
    "IsBiffe": false,
    "WeightconversionFactor": "0",
    "IsWeightArticle": false,
    "IsBio": false,
    "CountryOfOrigin": "FRANKRIJK",
    "IsExclusivelySoldInLuxembourg": false,
    "OrderUnit": "P",
    "ShortName": "CH CROIX GUILLOT BLAYE",
    "IsNew": false,
    "RecentQuanityOfStockUnits": "1,6",
    "LongName": "Château la Croix de Guillot 75cl",
    "AlcoholVolume": "13",
    "FicCode": "E"
  },
  {
    "productId": "806970",
    "technicalArticleNumber": "4627751",
    "commercialArticleNumber": "7264",
    "name": "Prosecco DOC brut rosé Ricordi",
    "thumbNail": "https://static.colruytgroup.com/images/200x200/std.lang.all/67/36/asset-2956736.jpg",
    "fullImage": "https://static.colruytgroup.com/images/500x500/std.lang.all/67/36/asset-2956736.jpg",
    "squareImage": "https://static.colruytgroup.com/images/500x500sq/std.lang.all/67/36/asset-2956736.jpg",
    "content": "75cl",
    "walkRouteSequenceNumber": 696,
    "price": {
      "basicPrice": 7.99,
      "recommendedQuantity": "1.0",
      "quantityPrice": 6.66,
      "quantityPriceQuantity": "3.0",
      "measurementUnitPrice": 10.66,
      "measurementUnitQuantityPrice": 8.88,
      "measurementUnit": "L",
      "isRedPrice": false,
      "pricePerUOM": 10.66,
      "activationDate": "19-03-2024",
      "recordSource": "Offline",
      "isPromoActive": "N",
      "priceChangeCode": "E",
      "quantityPricePerUOM": 8.88,
      "quantityActivationDate": "19-03-2024",
      "quantityPriceChangeCode": "H"
    },
    "isAvailable": true,
    "isPriceAvailable": true,
    "inPromo": false,
    "gtin": [
      "08005400824319",
      "08005400318245"
    ],
    "topCategoryName": "Wijn",
    "topCategoryId": "421",
    "businessDomain": "RETAIL_BE",
    "IsPrivateLabel": false,
    "IsBiffe": false,
    "WeightconversionFactor": "0",
    "IsWeightArticle": false,
    "IsBio": false,
    "CountryOfOrigin": "ITALIË",
    "IsExclusivelySoldInLuxembourg": false,
    "OrderUnit": "P",
    "ShortName": "PROSECCO ROSE RICORDI",
    "IsNew": false,
    "RecentQuanityOfStockUnits": "1,6",
    "LongName": "Prosecco DOC brut rosé Ricordi 75cl",
    "AlcoholVolume": "11",
    "FicCode": "E"
  },
  {
    "productId": "857001",
    "technicalArticleNumber": "4706884",
    "commercialArticleNumber": "31462",
    "name": "Rueda D.O. Bucolico wit Spanje",
    "description": "SPANJE DROOG WIT\nPrachtige kwaliteitswijn uit Rueda.\nSmaakvol, fris en rond.\nBij vis, voorgerechten, schaaldieren.",
    "thumbNail": "https://static.colruytgroup.com/images/200x200/std.lang.all/30/92/asset-3153092.jpg",
    "fullImage": "https://static.colruytgroup.com/images/500x500/std.lang.all/30/92/asset-3153092.jpg",
    "squareImage": "https://static.colruytgroup.com/images/500x500sq/std.lang.all/30/92/asset-3153092.jpg",
    "walkRouteSequenceNumber": 285,
    "price": {
      "basicPrice": 4.79,
      "recommendedQuantity": "1.0",
      "quantityPrice": 4.6,
      "quantityPriceQuantity": "6.0",
      "measurementUnitPrice": 6.39,
      "measurementUnitQuantityPrice": 6.14,
      "measurementUnit": "L",
      "isRedPrice": false,
      "pricePerUOM": 6.39,
      "activationDate": "14-03-2024",
      "recordSource": "Offline",
      "isPromoActive": "N",
      "priceChangeCode": "L",
      "quantityPricePerUOM": 6.14,
      "quantityActivationDate": "14-03-2024",
      "quantityPriceChangeCode": "L"
    },
    "isAvailable": true,
    "isPriceAvailable": true,
    "inPromo": true,
    "promotion": [
      {
        "techPromoId": "001120COLR",
        "promotionId": "001120",
        "promotionType": "3",
        "isPersonalized": "N",
        "publicationStartDate": "11-01-2024",
        "publicationEndDate": "10-05-2024"
      }
    ],
    "gtin": [
      "88414219000177",
      "08414219000171"
    ],
    "topCategoryName": "Wijn",
    "topCategoryId": "421",
    "businessDomain": "RETAIL_BE",
    "IsPrivateLabel": false,
    "IsBiffe": false,
    "WeightconversionFactor": "0",
    "IsWeightArticle": false,
    "IsBio": false,
    "CountryOfOrigin": "SPANJE",
    "IsExclusivelySoldInLuxembourg": false,
    "OrderUnit": "P",
    "ShortName": "RUEDA BUCOLICO 75CL",
    "IsNew": false,
    "RecentQuanityOfStockUnits": "1,6",
    "LongName": "Rueda D.O. Bucolico wit Spanje",
    "AlcoholVolume": "13",
    "FicCode": "E"
  },
  {
    "productId": "303434",
    "technicalArticleNumber": "3718097",
    "commercialArticleNumber": "10498",
    "name": "Dark Horse Zinfandel California",
    "description": "CALIFORNIA ROOD\nLeuke neus van pruimen,drop en kruiden\nSoepele smaak van kersenlikeur.Vlotte,\nfruitige afdronk.Ideaal bij wit, rood\nvlees, oosterse keuken. 2à4 j bewaring",
    "thumbNail": "https://static.colruytgroup.com/images/200x200/std.lang.all/28/75/asset-2392875.jpg",
    "fullImage": "https://static.colruytgroup.com/images/500x500/std.lang.all/28/75/asset-2392875.jpg",
    "squareImage": "https://static.colruytgroup.com/images/500x500sq/std.lang.all/28/75/asset-2392875.jpg",
    "content": "75cl",
    "walkRouteSequenceNumber": 381,
    "price": {
      "basicPrice": 6.99,
      "recommendedQuantity": "1.0",
      "quantityPrice": 3.56,
      "quantityPriceQuantity": "2.0",
      "measurementUnitPrice": 9.32,
      "measurementUnitQuantityPrice": 4.75,
      "measurementUnit": "L",
      "isRedPrice": false,
      "pricePerUOM": 9.32,
      "activationDate": "19-03-2024",
      "recordSource": "Offline",
      "isPromoActive": "N",
      "priceChangeCode": "H",
      "quantityPricePerUOM": 4.75,
      "quantityActivationDate": "19-03-2024",
      "quantityPriceChangeCode": "E"
    },
    "isAvailable": true,
    "isPriceAvailable": true,
    "inPromo": false,
    "gtin": [
      "20085000026193",
      "00085000026199"
    ],
    "topCategoryName": "Wijn",
    "topCategoryId": "421",
    "businessDomain": "RETAIL_BE",
    "IsPrivateLabel": false,
    "IsBiffe": false,
    "WeightconversionFactor": "0",
    "IsWeightArticle": false,
    "IsBio": false,
    "CountryOfOrigin": "VERENIGDE STATEN VAN AMERIKA",
    "IsExclusivelySoldInLuxembourg": false,
    "OrderUnit": "P",
    "ShortName": "DARK HORSE ZINFANDEL",
    "IsNew": false,
    "EcoscoreLabel": "C",
    "RecentQuanityOfStockUnits": "1,6",
    "LongName": "Dark Horse Zinfandel California 75cl",
    "AlcoholVolume": "14.5",
    "FicCode": "E",
    "EcoscoreValue": "40"
  },
  {
    "productId": "12604",
    "technicalArticleNumber": "1316378",
    "commercialArticleNumber": "17740",
    "name": "Bio Laudum Nature Alicante",
    "description": "SPANJE ROOD ALICANTE\nJong en fruitig\nJong drinken bij vlees en charcuterie",
    "thumbNail": "https://static.colruytgroup.com/images/200x200/std.lang.all/38/67/asset-2223867.jpg",
    "fullImage": "https://static.colruytgroup.com/images/500x500/std.lang.all/38/67/asset-2223867.jpg",
    "squareImage": "https://static.colruytgroup.com/images/500x500sq/std.lang.all/38/67/asset-2223867.jpg",
    "content": "75cl",
    "walkRouteSequenceNumber": 342,
    "price": {
      "basicPrice": 5.49,
      "recommendedQuantity": "1.0",
      "measurementUnitPrice": 7.32,
      "measurementUnit": "L",
      "isRedPrice": false,
      "pricePerUOM": 7.32,
      "activationDate": "14-11-2023",
      "isPromoActive": "N",
      "priceChangeCode": "E"
    },
    "isAvailable": true,
    "isPriceAvailable": true,
    "inPromo": false,
    "gtin": [
      "08421216133337",
      "28421216195520",
      "08421216195526",
      "05400141667103"
    ],
    "topCategoryName": "Wijn",
    "topCategoryId": "421",
    "businessDomain": "RETAIL_BE",
    "IsPrivateLabel": false,
    "IsBiffe": false,
    "WeightconversionFactor": "0",
    "IsWeightArticle": false,
    "IsBio": true,
    "CountryOfOrigin": "SPANJE",
    "IsExclusivelySoldInLuxembourg": false,
    "OrderUnit": "P",
    "ShortName": "BIO LAUDUM ALICANTE",
    "IsNew": false,
    "RecentQuanityOfStockUnits": "1,6",
    "LongName": "Bio Laudum Nature Alicante 75cl",
    "AlcoholVolume": "13.5",
    "FicCode": "E"
  },
  {
    "productId": "548471",
    "technicalArticleNumber": "4177696",
    "commercialArticleNumber": "11829",
    "name": "Camp.al Moro IGT Toscana Sangiovese",
    "description": "Rode wijn uit Maremma, het westen van\nToscane, gemaakt met de\nSangiovese-druif. Elegant, zijdezacht,\nfris, sappig, rode bessen.\nBij wit vlees, kazen.",
    "thumbNail": "https://static.colruytgroup.com/images/200x200/std.lang.all/98/48/asset-1919848.jpg",
    "fullImage": "https://static.colruytgroup.com/images/500x500/std.lang.all/98/48/asset-1919848.jpg",
    "squareImage": "https://static.colruytgroup.com/images/500x500sq/std.lang.all/98/48/asset-1919848.jpg",
    "content": "75cl",
    "walkRouteSequenceNumber": 331,
    "price": {
      "basicPrice": 5.99,
      "recommendedQuantity": "1.0",
      "quantityPrice": 5.75,
      "quantityPriceQuantity": "6.0",
      "measurementUnitPrice": 7.99,
      "measurementUnitQuantityPrice": 7.67,
      "measurementUnit": "L",
      "isRedPrice": false,
      "pricePerUOM": 7.99,
      "activationDate": "26-07-2023",
      "isPromoActive": "N",
      "priceChangeCode": "H",
      "quantityPricePerUOM": 7.67,
      "quantityActivationDate": "26-07-2023",
      "quantityPriceChangeCode": "E"
    },
    "isAvailable": true,
    "isPriceAvailable": true,
    "inPromo": false,
    "gtin": [
      "08006030580231",
      "08006030583232",
      "08006030546046",
      "08006030540044"
    ],
    "topCategoryName": "Wijn",
    "topCategoryId": "421",
    "businessDomain": "RETAIL_BE",
    "IsPrivateLabel": false,
    "IsBiffe": false,
    "WeightconversionFactor": "0",
    "IsWeightArticle": false,
    "IsBio": false,
    "CountryOfOrigin": "ITALIË",
    "IsExclusivelySoldInLuxembourg": false,
    "OrderUnit": "P",
    "ShortName": "CAMPO MORO SANGIOVESE",
    "IsNew": false,
    "RecentQuanityOfStockUnits": "1,6",
    "LongName": "Camp.al Moro IGT Toscana Sangiovese 75cl",
    "AlcoholVolume": "12.5",
    "FicCode": "E"
  },
  {
    "productId": "1251",
    "technicalArticleNumber": "17662",
    "commercialArticleNumber": "17662",
    "name": "Rivaner Luxembourg",
    "description": "LUXEMBURG DROOG WIT\nUit de Luxemburgse Moezelstreek. Fris\nen fruitig. Aanbevolen bij voorge-\nrechten, koude schotels en vis. Fris\nopdienen. QAD",
    "thumbNail": "https://static.colruytgroup.com/images/200x200/std.lang.all/96/02/asset-3309602.jpg",
    "fullImage": "https://static.colruytgroup.com/images/500x500/std.lang.all/96/02/asset-3309602.jpg",
    "squareImage": "https://static.colruytgroup.com/images/500x500sq/std.lang.all/96/02/asset-3309602.jpg",
    "content": "75cl",
    "walkRouteSequenceNumber": 229,
    "price": {
      "basicPrice": 4.99,
      "recommendedQuantity": "1.0",
      "quantityPrice": 4.59,
      "quantityPriceQuantity": "6.0",
      "measurementUnitPrice": 6.66,
      "measurementUnitQuantityPrice": 6.12,
      "measurementUnit": "L",
      "isRedPrice": false,
      "pricePerUOM": 6.66,
      "activationDate": "19-03-2024",
      "recordSource": "Offline",
      "isPromoActive": "N",
      "priceChangeCode": "E",
      "quantityPricePerUOM": 6.12,
      "quantityActivationDate": "19-03-2024",
      "quantityPriceChangeCode": "H"
    },
    "isAvailable": true,
    "isPriceAvailable": true,
    "inPromo": false,
    "gtin": [
      "05450064001195",
      "05450064313359"
    ],
    "topCategoryName": "Wijn",
    "topCategoryId": "421",
    "businessDomain": "RETAIL_BE",
    "IsPrivateLabel": false,
    "IsBiffe": false,
    "WeightconversionFactor": "0",
    "IsWeightArticle": false,
    "IsBio": false,
    "CountryOfOrigin": "LUXEMBURG",
    "IsExclusivelySoldInLuxembourg": false,
    "OrderUnit": "P",
    "ShortName": "RIVANER LUXEMBOURG 75CL",
    "IsNew": false,
    "EcoscoreLabel": "D",
    "RecentQuanityOfStockUnits": "6,1",
    "LongName": "Rivaner Luxembourg 75cl",
    "AlcoholVolume": "11",
    "FicCode": "E",
    "EcoscoreValue": "23"
  },
  {
    "productId": "169538",
    "technicalArticleNumber": "3402932",
    "commercialArticleNumber": "40438",
    "name": "Evidanse Chardonnay IGP OC Bio",
    "description": "Boeket van ananas, meloen en wit, rijp\nfruit. Lekker bij salades, pasta's,\nvis en schelpdieren.",
    "thumbNail": "https://static.colruytgroup.com/images/200x200/std.lang.all/60/70/asset-1706070.jpg",
    "fullImage": "https://static.colruytgroup.com/images/500x500/std.lang.all/60/70/asset-1706070.jpg",
    "squareImage": "https://static.colruytgroup.com/images/500x500sq/std.lang.all/60/70/asset-1706070.jpg",
    "content": "75cl",
    "walkRouteSequenceNumber": 168,
    "price": {
      "basicPrice": 5.95,
      "recommendedQuantity": "1.0",
      "quantityPrice": 5.75,
      "quantityPriceQuantity": "6.0",
      "measurementUnitPrice": 7.94,
      "measurementUnitQuantityPrice": 7.67,
      "measurementUnit": "L",
      "isRedPrice": false,
      "pricePerUOM": 7.94,
      "activationDate": "19-03-2024",
      "isPromoActive": "N",
      "priceChangeCode": "E",
      "quantityPricePerUOM": 7.67,
      "quantityActivationDate": "19-03-2024",
      "quantityPriceChangeCode": "E"
    },
    "isAvailable": true,
    "isPriceAvailable": true,
    "inPromo": false,
    "gtin": [
      "04003301072642",
      "04003301072659",
      "05430000560429",
      "05430000560436"
    ],
    "topCategoryName": "Wijn",
    "topCategoryId": "421",
    "businessDomain": "RETAIL_BE",
    "IsPrivateLabel": false,
    "IsBiffe": false,
    "WeightconversionFactor": "0",
    "IsWeightArticle": false,
    "IsBio": true,
    "CountryOfOrigin": "FRANKRIJK",
    "IsExclusivelySoldInLuxembourg": false,
    "OrderUnit": "P",
    "ShortName": "EVIDANSE CHARDO BIO OC",
    "InSeason": true,
    "IsNew": false,
    "EcoscoreLabel": "D",
    "RecentQuanityOfStockUnits": "1,6",
    "LongName": "Evidanse Chardonnay IGP OC Bio 75cl",
    "AlcoholVolume": "13",
    "StartSeasonDate": "19/11/2018",
    "FicCode": "E",
    "EcoscoreValue": "23"
  },
  {
    "productId": "129",
    "technicalArticleNumber": "17045",
    "commercialArticleNumber": "17045",
    "name": "Savoie Abymes Vieilles Vignes",
    "description": "FRANKRIJK SAVOIE DROOG WIT\n(Cru Abymes). Charmante frisse wijn\nmet fruitige neus. Begeleider bij\nuitstek van raclette en fondue. Ook\nbij vis of als aperitief.",
    "thumbNail": "https://static.colruytgroup.com/images/200x200/std.lang.all/49/44/asset-1794944.jpg",
    "fullImage": "https://static.colruytgroup.com/images/500x500/std.lang.all/49/44/asset-1794944.jpg",
    "squareImage": "https://static.colruytgroup.com/images/500x500sq/std.lang.all/49/44/asset-1794944.jpg",
    "content": "75cl",
    "walkRouteSequenceNumber": 220,
    "price": {
      "basicPrice": 7.89,
      "recommendedQuantity": "1.0",
      "quantityPrice": 7.57,
      "quantityPriceQuantity": "6.0",
      "measurementUnitPrice": 10.52,
      "measurementUnitQuantityPrice": 10.1,
      "measurementUnit": "L",
      "isRedPrice": false,
      "pricePerUOM": 10.52,
      "activationDate": "02-02-2024",
      "isPromoActive": "N",
      "priceChangeCode": "E",
      "quantityPricePerUOM": 10.1,
      "quantityActivationDate": "02-02-2024",
      "quantityPriceChangeCode": "E"
    },
    "isAvailable": true,
    "isPriceAvailable": true,
    "inPromo": false,
    "gtin": [
      "03217694204189",
      "03561780000026",
      "03561780027344"
    ],
    "topCategoryName": "Wijn",
    "topCategoryId": "421",
    "businessDomain": "RETAIL_BE",
    "IsPrivateLabel": false,
    "IsBiffe": false,
    "WeightconversionFactor": "0",
    "IsWeightArticle": false,
    "IsBio": false,
    "CountryOfOrigin": "FRANKRIJK",
    "IsExclusivelySoldInLuxembourg": false,
    "OrderUnit": "P",
    "ShortName": "SAVOIE ABYMES VV",
    "InSeason": true,
    "IsNew": false,
    "RecentQuanityOfStockUnits": "6,1",
    "LongName": "Savoie Abymes Vieilles Vignes 75cl",
    "AlcoholVolume": "11.5",
    "StartSeasonDate": "13/11/2015",
    "FicCode": "E"
  },
  {
    "productId": "1159",
    "technicalArticleNumber": "17711",
    "commercialArticleNumber": "17711",
    "name": "Campo Viejo Reserva Rioja",
    "description": "SPANJE ROOD\nWijn uit de Riojastreek rond Logrono.\nKrachtige wijn met fijn boeket, vol en\nsoepel. Bij gekruide vleesschotels,\nkaas. Bewaring: nog een 3-tal jaar.",
    "thumbNail": "https://static.colruytgroup.com/images/200x200/std.lang.all/19/04/asset-2111904.jpg",
    "fullImage": "https://static.colruytgroup.com/images/500x500/std.lang.all/19/04/asset-2111904.jpg",
    "squareImage": "https://static.colruytgroup.com/images/500x500sq/std.lang.all/19/04/asset-2111904.jpg",
    "content": "75cl",
    "walkRouteSequenceNumber": 336,
    "price": {
      "basicPrice": 9.99,
      "recommendedQuantity": "1.0",
      "quantityPrice": 9.19,
      "quantityPriceQuantity": "6.0",
      "measurementUnitPrice": 13.32,
      "measurementUnitQuantityPrice": 12.26,
      "measurementUnit": "L",
      "isRedPrice": false,
      "pricePerUOM": 13.32,
      "activationDate": "05-01-2024",
      "recordSource": "Offline",
      "isPromoActive": "N",
      "priceChangeCode": "H",
      "quantityPricePerUOM": 12.26,
      "quantityActivationDate": "05-01-2024",
      "quantityPriceChangeCode": "H"
    },
    "isAvailable": true,
    "isPriceAvailable": true,
    "inPromo": false,
    "gtin": [
      "08410302107666",
      "08410302107697",
      "08410302977252",
      "08410302607678"
    ],
    "topCategoryName": "Wijn",
    "topCategoryId": "421",
    "businessDomain": "RETAIL_BE",
    "IsPrivateLabel": false,
    "IsBiffe": false,
    "WeightconversionFactor": "0",
    "IsWeightArticle": false,
    "IsBio": false,
    "CountryOfOrigin": "SPANJE",
    "IsExclusivelySoldInLuxembourg": false,
    "OrderUnit": "P",
    "ShortName": "CAMPO VIEJO RESERVA",
    "IsNew": false,
    "EcoscoreLabel": "D",
    "RecentQuanityOfStockUnits": "1,6",
    "LongName": "Campo Viejo Reserva Rioja 75cl",
    "AlcoholVolume": "13.5",
    "FicCode": "E",
    "EcoscoreValue": "36"
  },
  {
    "productId": "21074",
    "technicalArticleNumber": "1962710",
    "commercialArticleNumber": "18111",
    "name": "Piemonte Barbera San Silvestro",
    "description": "100% Barbera druif. Robijnrode kleur,\naroma's van intens krokant rood fruit,\nGoede accidteit met een zachte finale\nWijn met gastronimische capaciteiten:\ngegrild vlees,stoofpotjes en pasta",
    "thumbNail": "https://static.colruytgroup.com/images/200x200/std.lang.all/47/92/asset-2114792.jpg",
    "fullImage": "https://static.colruytgroup.com/images/500x500/std.lang.all/47/92/asset-2114792.jpg",
    "squareImage": "https://static.colruytgroup.com/images/500x500sq/std.lang.all/47/92/asset-2114792.jpg",
    "content": "75cl",
    "walkRouteSequenceNumber": 337,
    "price": {
      "basicPrice": 5.79,
      "recommendedQuantity": "1.0",
      "quantityPrice": 5.56,
      "quantityPriceQuantity": "6.0",
      "measurementUnitPrice": 7.72,
      "measurementUnitQuantityPrice": 7.42,
      "measurementUnit": "L",
      "isRedPrice": false,
      "pricePerUOM": 7.72,
      "activationDate": "18-03-2024",
      "isPromoActive": "N",
      "priceChangeCode": "E",
      "quantityPricePerUOM": 7.42,
      "quantityActivationDate": "18-03-2024",
      "quantityPriceChangeCode": "H"
    },
    "isAvailable": true,
    "isPriceAvailable": true,
    "inPromo": false,
    "gtin": [
      "08008156031741",
      "08008156000532"
    ],
    "topCategoryName": "Wijn",
    "topCategoryId": "421",
    "businessDomain": "RETAIL_BE",
    "IsPrivateLabel": false,
    "IsBiffe": false,
    "WeightconversionFactor": "0",
    "IsWeightArticle": false,
    "IsBio": false,
    "CountryOfOrigin": "ITALIË",
    "IsExclusivelySoldInLuxembourg": false,
    "OrderUnit": "P",
    "ShortName": "PIEMONTE BARBERA SARTI",
    "IsNew": false,
    "RecentQuanityOfStockUnits": "1,6",
    "LongName": "Piemonte Barbera San Silvestro 75cl",
    "AlcoholVolume": "13",
    "FicCode": "E"
  },
  {
    "productId": "697412",
    "technicalArticleNumber": "4427852",
    "commercialArticleNumber": "26175",
    "name": "Mademoiselle Amour VDF rosé",
    "description": "FRANKRIJK HALFZOET ROSE\nFruitige en florale wijn (perzik,\nrozen. Sappig, rond en frisse smaak.\nAls aperitief, bij exotische gerechten\nen fruitdessert.",
    "thumbNail": "https://static.colruytgroup.com/images/200x200/std.lang.all/75/10/asset-3217510.jpg",
    "fullImage": "https://static.colruytgroup.com/images/500x500/std.lang.all/75/10/asset-3217510.jpg",
    "squareImage": "https://static.colruytgroup.com/images/500x500sq/std.lang.all/75/10/asset-3217510.jpg",
    "content": "75cl",
    "walkRouteSequenceNumber": 481,
    "price": {
      "basicPrice": 5.99,
      "recommendedQuantity": "1.0",
      "quantityPrice": 5.75,
      "quantityPriceQuantity": "6.0",
      "measurementUnitPrice": 7.99,
      "measurementUnitQuantityPrice": 7.67,
      "measurementUnit": "L",
      "isRedPrice": false,
      "pricePerUOM": 7.99,
      "activationDate": "14-02-2024",
      "isPromoActive": "N",
      "priceChangeCode": "H",
      "quantityPricePerUOM": 7.67,
      "quantityActivationDate": "14-02-2024",
      "quantityPriceChangeCode": "E"
    },
    "isAvailable": true,
    "isPriceAvailable": true,
    "inPromo": false,
    "gtin": [
      "03586610003060",
      "03586610003022"
    ],
    "topCategoryName": "Wijn",
    "topCategoryId": "421",
    "businessDomain": "RETAIL_BE",
    "IsPrivateLabel": false,
    "IsBiffe": false,
    "WeightconversionFactor": "0",
    "IsWeightArticle": false,
    "IsBio": false,
    "CountryOfOrigin": "FRANKRIJK",
    "IsExclusivelySoldInLuxembourg": false,
    "OrderUnit": "P",
    "ShortName": "MADEMOIS.AMOUR VDF ROSE",
    "InSeason": true,
    "IsNew": false,
    "RecentQuanityOfStockUnits": "6,1",
    "LongName": "Mademoiselle Amour VDF rosé 75cl",
    "AlcoholVolume": "10.5",
    "StartSeasonDate": "13/01/2023",
    "FicCode": "E"
  },
  {
    "productId": "250847",
    "technicalArticleNumber": "3670647",
    "commercialArticleNumber": "16577",
    "name": "Bourgogne Gamay noir",
    "description": "BOURGOGNE ROOD\nGamay Noir.Elegant en fruitig\n(framboos, kriek) met kleine\nhouttoets. Ideaal bij wit vlees,\nvis of kaasschotel",
    "thumbNail": "https://static.colruytgroup.com/images/200x200/std.lang.all/72/23/asset-1187223.jpg",
    "fullImage": "https://static.colruytgroup.com/images/500x500/std.lang.all/72/23/asset-1187223.jpg",
    "squareImage": "https://static.colruytgroup.com/images/500x500sq/std.lang.all/72/23/asset-1187223.jpg",
    "content": "75cl",
    "walkRouteSequenceNumber": 193,
    "price": {
      "basicPrice": 8.49,
      "recommendedQuantity": "1.0",
      "quantityPrice": 8.15,
      "quantityPriceQuantity": "6.0",
      "measurementUnitPrice": 11.32,
      "measurementUnitQuantityPrice": 10.87,
      "measurementUnit": "L",
      "isRedPrice": false,
      "pricePerUOM": 11.32,
      "activationDate": "17-11-2023",
      "isPromoActive": "N",
      "priceChangeCode": "E",
      "quantityPricePerUOM": 10.87,
      "quantityActivationDate": "17-11-2023",
      "quantityPriceChangeCode": "E"
    },
    "isAvailable": true,
    "isPriceAvailable": true,
    "inPromo": false,
    "gtin": [
      "03760008000019",
      "03760005094356",
      "03760005091096"
    ],
    "topCategoryName": "Wijn",
    "topCategoryId": "421",
    "businessDomain": "RETAIL_BE",
    "IsPrivateLabel": false,
    "IsBiffe": false,
    "WeightconversionFactor": "0",
    "IsWeightArticle": false,
    "IsBio": false,
    "CountryOfOrigin": "FRANKRIJK",
    "IsExclusivelySoldInLuxembourg": false,
    "OrderUnit": "P",
    "ShortName": "BOURGOGNE GAMAY NOIR",
    "IsNew": false,
    "RecentQuanityOfStockUnits": "1,6",
    "LongName": "Bourgogne Gamay noir 75cl",
    "AlcoholVolume": "12.5",
    "FicCode": "E"
  },
  {
    "productId": "1261",
    "technicalArticleNumber": "17108",
    "commercialArticleNumber": "17108",
    "name": "Vouvray",
    "description": "FRANKRIJK LOIRE ZOET WIT\nLoire-wijn. Halfdroog, fruitig en\nrond. Kan nog 3 à 5 jaar bewaren.\nSchitterend bij koude schotels en\nvis in sausen.",
    "brand": "CHÂTEAU DE VALMER",
    "seoBrand": "Château de Valmer",
    "thumbNail": "https://static.colruytgroup.com/images/200x200/std.lang.all/46/77/asset-3434677.jpg",
    "fullImage": "https://static.colruytgroup.com/images/500x500/std.lang.all/46/77/asset-3434677.jpg",
    "squareImage": "https://static.colruytgroup.com/images/500x500sq/std.lang.all/46/77/asset-3434677.jpg",
    "content": "75cl",
    "walkRouteSequenceNumber": 116,
    "price": {
      "basicPrice": 7.95,
      "recommendedQuantity": "1.0",
      "quantityPrice": 5.3,
      "quantityPriceQuantity": "3.0",
      "measurementUnitPrice": 10.6,
      "measurementUnitQuantityPrice": 7.07,
      "measurementUnit": "L",
      "isRedPrice": false,
      "pricePerUOM": 10.6,
      "activationDate": "14-03-2024",
      "recordSource": "Offline",
      "isPromoActive": "N",
      "priceChangeCode": "E",
      "quantityPricePerUOM": 7.07,
      "quantityActivationDate": "14-03-2024",
      "quantityPriceChangeCode": "L"
    },
    "isAvailable": true,
    "isPriceAvailable": true,
    "inPromo": false,
    "gtin": [
      "03149070022707",
      "03149070023926",
      "03149070028808",
      "03149070031051"
    ],
    "topCategoryName": "Wijn",
    "topCategoryId": "421",
    "businessDomain": "RETAIL_BE",
    "IsPrivateLabel": false,
    "IsBiffe": false,
    "WeightconversionFactor": "0",
    "IsWeightArticle": false,
    "IsBio": false,
    "CountryOfOrigin": "FRANKRIJK",
    "IsExclusivelySoldInLuxembourg": false,
    "OrderUnit": "P",
    "ShortName": "VOUVRAY CHAT.VALMER",
    "IsNew": false,
    "RecentQuanityOfStockUnits": "6,1",
    "LongName": "CHÂTEAU DE VALMER Vouvray 75cl",
    "AlcoholVolume": "11.5",
    "FicCode": "E"
  },
  {
    "productId": "1259",
    "technicalArticleNumber": "17104",
    "commercialArticleNumber": "17104",
    "name": "Groot Genoegen Cinsaut-Cabernet",
    "description": "ZUID-AFRIKA ROOD\nFruitige, vlotte wijn. Cinsaut en Cab-\nernet Sauvignon druif: fruitig, karak-\ntervol, vrij lang. Kan jong gedronken\nworden bij vlees en gevogelte. QNE",
    "thumbNail": "https://static.colruytgroup.com/images/200x200/std.lang.all/62/61/asset-3456261.jpg",
    "fullImage": "https://static.colruytgroup.com/images/500x500/std.lang.all/62/61/asset-3456261.jpg",
    "squareImage": "https://static.colruytgroup.com/images/500x500sq/std.lang.all/62/61/asset-3456261.jpg",
    "content": "75cl",
    "walkRouteSequenceNumber": 410,
    "price": {
      "basicPrice": 4.99,
      "recommendedQuantity": "1.0",
      "quantityPrice": 4.79,
      "quantityPriceQuantity": "6.0",
      "measurementUnitPrice": 6.66,
      "measurementUnitQuantityPrice": 6.39,
      "measurementUnit": "L",
      "isRedPrice": false,
      "pricePerUOM": 6.66,
      "activationDate": "14-11-2023",
      "isPromoActive": "N",
      "priceChangeCode": "E",
      "quantityPricePerUOM": 6.39,
      "quantityActivationDate": "14-11-2023",
      "quantityPriceChangeCode": "E"
    },
    "isAvailable": true,
    "isPriceAvailable": true,
    "inPromo": false,
    "gtin": [
      "06007098000886",
      "16007098000883"
    ],
    "topCategoryName": "Wijn",
    "topCategoryId": "421",
    "businessDomain": "RETAIL_BE",
    "IsPrivateLabel": false,
    "IsBiffe": false,
    "WeightconversionFactor": "0",
    "IsWeightArticle": false,
    "IsBio": false,
    "CountryOfOrigin": "ZUID-AFRIKA",
    "IsExclusivelySoldInLuxembourg": false,
    "OrderUnit": "P",
    "ShortName": "GROOTGENOEG Z.A ROOD",
    "IsNew": false,
    "EcoscoreLabel": "D",
    "RecentQuanityOfStockUnits": "1,6",
    "LongName": "Groot Genoegen Cinsaut-Cabernet 75cl",
    "AlcoholVolume": "13",
    "FicCode": "E",
    "EcoscoreValue": "22"
  },
  {
    "productId": "692940",
    "technicalArticleNumber": "4420693",
    "commercialArticleNumber": "25716",
    "name": "Masso Antico rosé primitivo",
    "description": "ITALIË PUGLIA (SALENTO) ROSÉ\n100% primitivo-druif.\nSappig, fris, licht rood fruit,\ncitrus toets.",
    "thumbNail": "https://static.colruytgroup.com/images/200x200/std.lang.all/67/37/asset-2416737.jpg",
    "fullImage": "https://static.colruytgroup.com/images/500x500/std.lang.all/67/37/asset-2416737.jpg",
    "squareImage": "https://static.colruytgroup.com/images/500x500sq/std.lang.all/67/37/asset-2416737.jpg",
    "content": "75cl",
    "walkRouteSequenceNumber": 449,
    "price": {
      "basicPrice": 7.59,
      "recommendedQuantity": "1.0",
      "quantityPrice": 7.29,
      "quantityPriceQuantity": "6.0",
      "measurementUnitPrice": 10.12,
      "measurementUnitQuantityPrice": 9.72,
      "measurementUnit": "L",
      "isRedPrice": false,
      "pricePerUOM": 10.12,
      "activationDate": "22-02-2024",
      "isPromoActive": "N",
      "priceChangeCode": "H",
      "quantityPricePerUOM": 9.72,
      "quantityActivationDate": "22-02-2024",
      "quantityPriceChangeCode": "H"
    },
    "isAvailable": true,
    "isPriceAvailable": true,
    "inPromo": false,
    "gtin": [
      "08009620848438",
      "08009620648434"
    ],
    "topCategoryName": "Wijn",
    "topCategoryId": "421",
    "businessDomain": "RETAIL_BE",
    "IsPrivateLabel": false,
    "IsBiffe": false,
    "WeightconversionFactor": "0",
    "IsWeightArticle": false,
    "IsBio": false,
    "CountryOfOrigin": "ITALIË",
    "IsExclusivelySoldInLuxembourg": false,
    "OrderUnit": "P",
    "ShortName": "MASSO ANTICO ROSE",
    "IsNew": false,
    "EcoscoreLabel": "C",
    "RecentQuanityOfStockUnits": "1,6",
    "LongName": "Masso Antico rosé primitivo 75cl",
    "AlcoholVolume": "13",
    "FicCode": "E",
    "EcoscoreValue": "49"
  },
  {
    "productId": "121",
    "technicalArticleNumber": "17022",
    "commercialArticleNumber": "17022",
    "name": "Chianti Classico Nozzoleto",
    "description": "ITALIE ROOD\nWijn met bruinrode kleur. Chianti\nClassico komt uit Toscane. Ronde wijn,\nop dronk. Lekker bij gebraad, wild en\nItaliaanse gerechten.",
    "thumbNail": "https://static.colruytgroup.com/images/200x200/std.lang.all/79/22/asset-2287922.jpg",
    "fullImage": "https://static.colruytgroup.com/images/500x500/std.lang.all/79/22/asset-2287922.jpg",
    "squareImage": "https://static.colruytgroup.com/images/500x500sq/std.lang.all/79/22/asset-2287922.jpg",
    "content": "75cl",
    "walkRouteSequenceNumber": 324,
    "price": {
      "basicPrice": 8.49,
      "recommendedQuantity": "1.0",
      "measurementUnitPrice": 11.32,
      "measurementUnit": "L",
      "isRedPrice": false,
      "pricePerUOM": 11.32,
      "activationDate": "14-03-2024",
      "recordSource": "Offline",
      "isPromoActive": "N",
      "priceChangeCode": "E"
    },
    "isAvailable": true,
    "isPriceAvailable": true,
    "inPromo": false,
    "gtin": [
      "08001670154750",
      "08001670654755"
    ],
    "topCategoryName": "Wijn",
    "topCategoryId": "421",
    "businessDomain": "RETAIL_BE",
    "IsPrivateLabel": false,
    "IsBiffe": false,
    "WeightconversionFactor": "0",
    "IsWeightArticle": false,
    "IsBio": false,
    "CountryOfOrigin": "ITALIË",
    "IsExclusivelySoldInLuxembourg": false,
    "OrderUnit": "P",
    "ShortName": "CHIANTI CLAS NOZZOLETO",
    "IsNew": false,
    "RecentQuanityOfStockUnits": "1,6",
    "LongName": "Chianti Classico Nozzoleto 75cl",
    "AlcoholVolume": "13.5",
    "FicCode": "E"
  },
  {
    "productId": "66348",
    "technicalArticleNumber": "2788484",
    "commercialArticleNumber": "45899",
    "name": "Fines bulles rosé 0,0%",
    "brand": "VINTENSE",
    "seoBrand": "Vintense",
    "thumbNail": "https://static.colruytgroup.com/images/200x200/std.lang.all/74/63/asset-3197463.jpg",
    "fullImage": "https://static.colruytgroup.com/images/500x500/std.lang.all/74/63/asset-3197463.jpg",
    "squareImage": "https://static.colruytgroup.com/images/500x500sq/std.lang.all/74/63/asset-3197463.jpg",
    "content": "75cl",
    "walkRouteSequenceNumber": 551,
    "price": {
      "basicPrice": 5.99,
      "recommendedQuantity": "1.0",
      "quantityPrice": 5.51,
      "quantityPriceQuantity": "6.0",
      "measurementUnitPrice": 7.99,
      "measurementUnitQuantityPrice": 7.35,
      "measurementUnit": "L",
      "isRedPrice": false,
      "pricePerUOM": 7.99,
      "activationDate": "19-03-2024",
      "recordSource": "Offline",
      "isPromoActive": "N",
      "priceChangeCode": "H",
      "quantityPricePerUOM": 7.35,
      "quantityActivationDate": "19-03-2024",
      "quantityPriceChangeCode": "L"
    },
    "isAvailable": true,
    "isPriceAvailable": true,
    "inPromo": false,
    "gtin": [
      "05411718907324",
      "05415270200022",
      "05415270100179"
    ],
    "topCategoryName": "Wijn",
    "topCategoryId": "421",
    "businessDomain": "RETAIL_BE",
    "IsPrivateLabel": false,
    "IsBiffe": false,
    "WeightconversionFactor": "0",
    "IsWeightArticle": false,
    "nutriscoreLabel": "C",
    "IsBio": false,
    "CountryOfOrigin": "BELGIË",
    "IsExclusivelySoldInLuxembourg": false,
    "OrderUnit": "P",
    "ShortName": "VINT SCHUIMWIJ.ROS0%75C",
    "IsNew": false,
    "EcoscoreLabel": "D",
    "RecentQuanityOfStockUnits": "1,6",
    "LongName": "VINTENSE Fines bulles rosé 0,0% 75cl",
    "AlcoholVolume": "0",
    "FicCode": "E",
    "EcoscoreValue": "23"
  },
  {
    "productId": "555134",
    "technicalArticleNumber": "4188861",
    "commercialArticleNumber": "14443",
    "name": "Ice Hugo 0%",
    "description": "*0.0% vol",
    "brand": "VINTENSE",
    "seoBrand": "Vintense",
    "thumbNail": "https://static.colruytgroup.com/images/200x200/std.lang.all/21/15/asset-3362115.jpg",
    "fullImage": "https://static.colruytgroup.com/images/500x500/std.lang.all/21/15/asset-3362115.jpg",
    "squareImage": "https://static.colruytgroup.com/images/500x500sq/std.lang.all/21/15/asset-3362115.jpg",
    "content": "20cl",
    "walkRouteSequenceNumber": 610,
    "price": {
      "basicPrice": 2.59,
      "recommendedQuantity": "1.0",
      "quantityPrice": 2.38,
      "quantityPriceQuantity": "12.0",
      "measurementUnitPrice": 12.95,
      "measurementUnitQuantityPrice": 11.9,
      "measurementUnit": "L",
      "isRedPrice": false,
      "pricePerUOM": 12.95,
      "activationDate": "17-02-2024",
      "recordSource": "Offline",
      "isPromoActive": "N",
      "priceChangeCode": "H",
      "quantityPricePerUOM": 11.9,
      "quantityActivationDate": "17-02-2024",
      "quantityPriceChangeCode": "H"
    },
    "isAvailable": true,
    "isPriceAvailable": true,
    "inPromo": false,
    "gtin": [
      "05415270201692",
      "05415270100797"
    ],
    "topCategoryName": "Wijn",
    "topCategoryId": "421",
    "businessDomain": "RETAIL_BE",
    "IsPrivateLabel": false,
    "IsBiffe": false,
    "WeightconversionFactor": "0",
    "IsWeightArticle": false,
    "nutriscoreLabel": "C",
    "IsBio": false,
    "CountryOfOrigin": "FRANKRIJK",
    "IsExclusivelySoldInLuxembourg": false,
    "OrderUnit": "P",
    "ShortName": "VINT ICE HUGO 0% 20CL",
    "IsNew": false,
    "EcoscoreLabel": "D",
    "RecentQuanityOfStockUnits": "1,12",
    "LongName": "VINTENSE Ice Hugo 0% 20cl",
    "AlcoholVolume": "0",
    "FicCode": "E",
    "EcoscoreValue": "24"
  },
  {
    "productId": "227071",
    "technicalArticleNumber": "3560165",
    "commercialArticleNumber": "40082",
    "name": "Beaumes de Venise rood",
    "description": "FRANKRIJK RHONE ROOD\nGeoogst op de zuidelijke hellingen van\nde Dentelles de Montmirail.Diepe kleur\nFruitige, kruidige aroma's, krachtige\nsmaak. Ideaal bij gourmet,bbq,marinade",
    "thumbNail": "https://static.colruytgroup.com/images/200x200/std.lang.all/31/17/asset-1023117.jpg",
    "fullImage": "https://static.colruytgroup.com/images/500x500/std.lang.all/31/17/asset-1023117.jpg",
    "squareImage": "https://static.colruytgroup.com/images/500x500sq/std.lang.all/31/17/asset-1023117.jpg",
    "content": "75cl",
    "walkRouteSequenceNumber": 203,
    "price": {
      "basicPrice": 7.49,
      "recommendedQuantity": "1.0",
      "measurementUnitPrice": 9.99,
      "measurementUnit": "L",
      "isRedPrice": false,
      "pricePerUOM": 9.99,
      "activationDate": "12-03-2024",
      "recordSource": "Folder",
      "isPromoActive": "N",
      "priceChangeCode": "L"
    },
    "isAvailable": true,
    "isPriceAvailable": true,
    "inPromo": false,
    "gtin": [
      "03506707012522",
      "03506707012515"
    ],
    "topCategoryName": "Wijn",
    "topCategoryId": "421",
    "businessDomain": "RETAIL_BE",
    "IsPrivateLabel": false,
    "IsBiffe": false,
    "WeightconversionFactor": "0",
    "IsWeightArticle": false,
    "IsBio": false,
    "CountryOfOrigin": "BELGIË",
    "IsExclusivelySoldInLuxembourg": false,
    "OrderUnit": "P",
    "ShortName": "BEAUMES DE VENISE 75CL",
    "IsNew": false,
    "RecentQuanityOfStockUnits": "1,6",
    "LongName": "Beaumes de Venise rood 75cl",
    "AlcoholVolume": "14.5",
    "FicCode": "E"
  },
  {
    "productId": "1223",
    "technicalArticleNumber": "17420",
    "commercialArticleNumber": "17420",
    "name": "Stamps caber./shiraz rood",
    "description": "AUSTRALIE ROOD\nafkomstig van Cabernet- en Shiraz-\ndruiven. Mooie intens rode kleur en\nkruidige neus. Evenwichtig fruitige\nsmaak. Aanbevolen bij rood vlees. QNH",
    "thumbNail": "https://static.colruytgroup.com/images/200x200/std.lang.all/53/46/asset-1885346.jpg",
    "fullImage": "https://static.colruytgroup.com/images/500x500/std.lang.all/53/46/asset-1885346.jpg",
    "squareImage": "https://static.colruytgroup.com/images/500x500sq/std.lang.all/53/46/asset-1885346.jpg",
    "content": "75cl",
    "walkRouteSequenceNumber": 406,
    "price": {
      "basicPrice": 5.49,
      "recommendedQuantity": "1.0",
      "quantityPrice": 5.05,
      "quantityPriceQuantity": "6.0",
      "measurementUnitPrice": 7.32,
      "measurementUnitQuantityPrice": 6.74,
      "measurementUnit": "L",
      "isRedPrice": false,
      "pricePerUOM": 7.32,
      "activationDate": "14-03-2024",
      "isPromoActive": "N",
      "priceChangeCode": "H",
      "quantityPricePerUOM": 6.74,
      "quantityActivationDate": "14-03-2024",
      "quantityPriceChangeCode": "H"
    },
    "isAvailable": true,
    "isPriceAvailable": true,
    "inPromo": false,
    "gtin": [
      "05010186111945",
      "09311043007743"
    ],
    "topCategoryName": "Wijn",
    "topCategoryId": "421",
    "businessDomain": "RETAIL_BE",
    "IsPrivateLabel": false,
    "IsBiffe": false,
    "WeightconversionFactor": "0",
    "IsWeightArticle": false,
    "IsBio": false,
    "CountryOfOrigin": "AUSTRALIË",
    "IsExclusivelySoldInLuxembourg": false,
    "OrderUnit": "P",
    "ShortName": "STAMPS SHIRAZ CABERNET",
    "IsNew": false,
    "RecentQuanityOfStockUnits": "1,1,6",
    "LongName": "Stamps caber./shiraz rood 75cl",
    "AlcoholVolume": "13.5",
    "FicCode": "E"
  },
  {
    "productId": "210900",
    "technicalArticleNumber": "3507167",
    "commercialArticleNumber": "15558",
    "name": "Alpaca Carmenère Chili rood",
    "description": "CHILI ROOD KWALITEITSWIJN\nKruidige en soepele rode wijn uit de\nCentral Valley. Intense kleur,fruitige\nneus met paprika en chocolade.Heerlijk\nbij wit en rood vlees. Bewaring:2 jaar",
    "thumbNail": "https://static.colruytgroup.com/images/200x200/std.lang.all/09/97/asset-900997.jpg",
    "fullImage": "https://static.colruytgroup.com/images/500x500/std.lang.all/09/97/asset-900997.jpg",
    "squareImage": "https://static.colruytgroup.com/images/500x500sq/std.lang.all/09/97/asset-900997.jpg",
    "content": "75cl",
    "walkRouteSequenceNumber": 419,
    "price": {
      "basicPrice": 3.99,
      "recommendedQuantity": "1.0",
      "measurementUnitPrice": 5.32,
      "measurementUnit": "L",
      "isRedPrice": false,
      "pricePerUOM": 5.32,
      "activationDate": "31-01-2024",
      "recordSource": "Offline",
      "isPromoActive": "N",
      "priceChangeCode": "E"
    },
    "isAvailable": true,
    "isPriceAvailable": true,
    "inPromo": false,
    "gtin": [
      "07808704700294",
      "27808704700298"
    ],
    "topCategoryName": "Wijn",
    "topCategoryId": "421",
    "businessDomain": "RETAIL_BE",
    "IsPrivateLabel": false,
    "IsBiffe": false,
    "WeightconversionFactor": "0",
    "IsWeightArticle": false,
    "IsBio": false,
    "CountryOfOrigin": "CHILI",
    "IsExclusivelySoldInLuxembourg": false,
    "OrderUnit": "P",
    "ShortName": "ALPACA CARMENERE CHILI",
    "IsNew": false,
    "RecentQuanityOfStockUnits": "6,1,6",
    "LongName": "Alpaca Carmenère Chili rood 75cl",
    "AlcoholVolume": "13.5",
    "FicCode": "E"
  },
  {
    "productId": "872346",
    "technicalArticleNumber": "4726653",
    "commercialArticleNumber": "18867",
    "name": "Silk & Spice Red Blend Portugal",
    "description": "PORTUGAL\nIntens red blend. Aroma's van rijp\nzwart fruit, zwarte chocolade en\nkruidige tonen. Ideaal met\nrood vlees, BBQ, stoofpotjes.",
    "thumbNail": "https://static.colruytgroup.com/images/200x200/std.lang.all/37/21/asset-3243721.jpg",
    "fullImage": "https://static.colruytgroup.com/images/500x500/std.lang.all/37/21/asset-3243721.jpg",
    "squareImage": "https://static.colruytgroup.com/images/500x500sq/std.lang.all/37/21/asset-3243721.jpg",
    "content": "75cl",
    "walkRouteSequenceNumber": 388,
    "price": {
      "basicPrice": 8.99,
      "recommendedQuantity": "1.0",
      "quantityPrice": 8.27,
      "quantityPriceQuantity": "6.0",
      "measurementUnitPrice": 11.99,
      "measurementUnitQuantityPrice": 11.03,
      "measurementUnit": "L",
      "isRedPrice": false,
      "pricePerUOM": 11.99,
      "activationDate": "13-03-2024",
      "isPromoActive": "N",
      "priceChangeCode": "E",
      "quantityPricePerUOM": 11.03,
      "quantityActivationDate": "13-03-2024",
      "quantityPriceChangeCode": "E"
    },
    "isAvailable": true,
    "isPriceAvailable": true,
    "inPromo": false,
    "gtin": [
      "05601012008579",
      "55601012008574"
    ],
    "topCategoryName": "Wijn",
    "topCategoryId": "421",
    "businessDomain": "RETAIL_BE",
    "IsPrivateLabel": false,
    "IsBiffe": false,
    "WeightconversionFactor": "0",
    "IsWeightArticle": false,
    "IsBio": false,
    "CountryOfOrigin": "PORTUGAL",
    "IsExclusivelySoldInLuxembourg": false,
    "OrderUnit": "P",
    "ShortName": "SILK & SPICE PORTUG75CL",
    "IsNew": false,
    "RecentQuanityOfStockUnits": "1,6",
    "LongName": "Silk & Spice Red Blend Portugal 75cl",
    "AlcoholVolume": "13.5",
    "FicCode": "E"
  },
  {
    "productId": "1237",
    "technicalArticleNumber": "17508",
    "commercialArticleNumber": "17508",
    "name": "Ch La France rood Bordeaux sup",
    "description": "FRANKRIJK BORDEAUX ROOD\nGecorseerde en fruitige wijn met een\nrijk boeket van rood fruit. Gebotteld\nop het kasteel. Aanbevolen bij rood\nvlees en bij kaasschotels.",
    "thumbNail": "https://static.colruytgroup.com/images/200x200/std.lang.all/70/52/asset-3267052.jpg",
    "fullImage": "https://static.colruytgroup.com/images/500x500/std.lang.all/70/52/asset-3267052.jpg",
    "squareImage": "https://static.colruytgroup.com/images/500x500sq/std.lang.all/70/52/asset-3267052.jpg",
    "content": "75cl",
    "walkRouteSequenceNumber": 151,
    "price": {
      "basicPrice": 6.79,
      "recommendedQuantity": "1.0",
      "measurementUnitPrice": 9.06,
      "measurementUnit": "L",
      "isRedPrice": false,
      "pricePerUOM": 9.06,
      "activationDate": "13-12-2023",
      "isPromoActive": "N",
      "priceChangeCode": "E"
    },
    "isAvailable": true,
    "isPriceAvailable": true,
    "inPromo": false,
    "gtin": [
      "03303052075017",
      "03303052075062",
      "03303052001177"
    ],
    "topCategoryName": "Wijn",
    "topCategoryId": "421",
    "businessDomain": "RETAIL_BE",
    "IsPrivateLabel": false,
    "IsBiffe": false,
    "WeightconversionFactor": "0",
    "IsWeightArticle": false,
    "IsBio": false,
    "CountryOfOrigin": "FRANKRIJK",
    "IsExclusivelySoldInLuxembourg": false,
    "OrderUnit": "P",
    "ShortName": "CH LA FRANCE ROOD 75 CL",
    "IsNew": false,
    "EcoscoreLabel": "D",
    "RecentQuanityOfStockUnits": "1,6",
    "LongName": "Ch La France rood Bordeaux sup 75cl",
    "AlcoholVolume": "12.5",
    "FicCode": "E",
    "EcoscoreValue": "22"
  },
  {
    "productId": "1133",
    "technicalArticleNumber": "17157",
    "commercialArticleNumber": "17157",
    "name": "Château de Brossay",
    "description": "FRANKRIJK HALFZOET ROSE\nFruitig, met parfum en boeket.\nKoel opdienen als aperitief of\nbij het voorgerecht.",
    "brand": "CABERNET D'ANJOU",
    "thumbNail": "https://static.colruytgroup.com/images/200x200/std.lang.all/07/89/asset-370789.jpg",
    "fullImage": "https://static.colruytgroup.com/images/500x500/std.lang.all/07/89/asset-370789.jpg",
    "squareImage": "https://static.colruytgroup.com/images/500x500sq/std.lang.all/07/89/asset-370789.jpg",
    "content": "75cl",
    "walkRouteSequenceNumber": 496,
    "price": {
      "basicPrice": 6.85,
      "recommendedQuantity": "1.0",
      "quantityPrice": 6.58,
      "quantityPriceQuantity": "6.0",
      "measurementUnitPrice": 9.14,
      "measurementUnitQuantityPrice": 8.78,
      "measurementUnit": "L",
      "isRedPrice": false,
      "pricePerUOM": 9.14,
      "activationDate": "17-11-2023",
      "isPromoActive": "N",
      "priceChangeCode": "E",
      "quantityPricePerUOM": 8.78,
      "quantityActivationDate": "17-11-2023",
      "quantityPriceChangeCode": "E"
    },
    "isAvailable": true,
    "isPriceAvailable": true,
    "inPromo": false,
    "gtin": [
      "03149070024497",
      "03149070029003",
      "03149070030986"
    ],
    "topCategoryName": "Wijn",
    "topCategoryId": "421",
    "businessDomain": "RETAIL_BE",
    "IsPrivateLabel": false,
    "IsBiffe": false,
    "WeightconversionFactor": "0",
    "IsWeightArticle": false,
    "IsBio": false,
    "CountryOfOrigin": "FRANKRIJK",
    "IsExclusivelySoldInLuxembourg": false,
    "OrderUnit": "P",
    "ShortName": "CAB.ANJOU CH.BROSSAY",
    "IsNew": false,
    "RecentQuanityOfStockUnits": "6,1",
    "LongName": "CABERNET D'ANJOU Château de Brossay 75cl",
    "AlcoholVolume": "11",
    "FicCode": "E"
  },
  {
    "productId": "430358",
    "technicalArticleNumber": "3969946",
    "commercialArticleNumber": "3015",
    "name": "Cetus Chardonnay Zuid-Afrika",
    "description": "ZUID-AFRIKA CHARDONNAY\nKrokant, elegant\nen met een flink dosis barrique\nIdeal met vis en wit vlees.",
    "thumbNail": "https://static.colruytgroup.com/images/200x200/std.lang.all/04/12/asset-2700412.jpg",
    "fullImage": "https://static.colruytgroup.com/images/500x500/std.lang.all/04/12/asset-2700412.jpg",
    "squareImage": "https://static.colruytgroup.com/images/500x500sq/std.lang.all/04/12/asset-2700412.jpg",
    "walkRouteSequenceNumber": 359,
    "price": {
      "basicPrice": 5.99,
      "recommendedQuantity": "1.0",
      "quantityPrice": 5.75,
      "quantityPriceQuantity": "6.0",
      "measurementUnitPrice": 7.99,
      "measurementUnitQuantityPrice": 7.67,
      "measurementUnit": "L",
      "isRedPrice": false,
      "pricePerUOM": 7.99,
      "activationDate": "02-01-2024",
      "isPromoActive": "N",
      "priceChangeCode": "H",
      "quantityPricePerUOM": 7.67,
      "quantityActivationDate": "02-01-2024",
      "quantityPriceChangeCode": "E"
    },
    "isAvailable": true,
    "isPriceAvailable": true,
    "inPromo": false,
    "gtin": [
      "05430000560528",
      "05430000560535",
      "04003301083662",
      "04003301083655"
    ],
    "topCategoryName": "Wijn",
    "topCategoryId": "421",
    "businessDomain": "RETAIL_BE",
    "IsPrivateLabel": false,
    "IsBiffe": false,
    "WeightconversionFactor": "0",
    "IsWeightArticle": false,
    "IsBio": false,
    "CountryOfOrigin": "ZUID-AFRIKA",
    "IsExclusivelySoldInLuxembourg": false,
    "OrderUnit": "P",
    "ShortName": "CETUS CHARD Z.-AFRIKA",
    "IsNew": false,
    "EcoscoreLabel": "D",
    "RecentQuanityOfStockUnits": "6,1",
    "LongName": "Cetus Chardonnay Zuid-Afrika",
    "AlcoholVolume": "13.5",
    "FicCode": "E",
    "EcoscoreValue": "36"
  },
  {
    "productId": "1193",
    "technicalArticleNumber": "17275",
    "commercialArticleNumber": "17275",
    "name": "Madiran Réserve Tuguets",
    "description": "FRANKRIJK ZUID-WEST ROOD\nZeer diepe kleur, intense neus van\nrijp fruit en kruiden, krachtige,\nrobuuste smaak. Ideaal bij gestoofd\nvlees/grillades. Tot 5 jaar bew.",
    "thumbNail": "https://static.colruytgroup.com/images/200x200/std.lang.all/75/27/asset-3337527.jpg",
    "fullImage": "https://static.colruytgroup.com/images/500x500/std.lang.all/75/27/asset-3337527.jpg",
    "squareImage": "https://static.colruytgroup.com/images/500x500sq/std.lang.all/75/27/asset-3337527.jpg",
    "content": "75cl",
    "walkRouteSequenceNumber": 199,
    "price": {
      "basicPrice": 5.95,
      "recommendedQuantity": "1.0",
      "measurementUnitPrice": 7.94,
      "measurementUnit": "L",
      "isRedPrice": false,
      "pricePerUOM": 7.94,
      "activationDate": "19-03-2024",
      "recordSource": "Offline",
      "isPromoActive": "N",
      "priceChangeCode": "H"
    },
    "isAvailable": true,
    "isPriceAvailable": true,
    "inPromo": false,
    "gtin": [
      "03270040217332",
      "43270040187923"
    ],
    "topCategoryName": "Wijn",
    "topCategoryId": "421",
    "businessDomain": "RETAIL_BE",
    "IsPrivateLabel": false,
    "IsBiffe": false,
    "WeightconversionFactor": "0",
    "IsWeightArticle": false,
    "IsBio": false,
    "CountryOfOrigin": "FRANKRIJK",
    "IsExclusivelySoldInLuxembourg": false,
    "OrderUnit": "P",
    "ShortName": "MADIRAN RESERVE TUGUETS",
    "IsNew": false,
    "EcoscoreLabel": "D",
    "RecentQuanityOfStockUnits": "1,6",
    "LongName": "Madiran Réserve Tuguets 75cl",
    "AlcoholVolume": "13",
    "FicCode": "E",
    "EcoscoreValue": "22"
  },
  {
    "productId": "1184",
    "technicalArticleNumber": "17246",
    "commercialArticleNumber": "17246",
    "name": "Vacqueyras Caves St-Pierre",
    "description": "FRANKRIJK RHONE ROOD\nRode wijn uit Vacqueyras. Gecorseerde,\npittige wijn met veel karakter.\nFruitige, kruidige aroma's. Kan jong\nworden gedronken bij gebraad/kaas.",
    "thumbNail": "https://static.colruytgroup.com/images/200x200/std.lang.all/33/85/asset-1953385.jpg",
    "fullImage": "https://static.colruytgroup.com/images/500x500/std.lang.all/33/85/asset-1953385.jpg",
    "squareImage": "https://static.colruytgroup.com/images/500x500sq/std.lang.all/33/85/asset-1953385.jpg",
    "content": "75cl",
    "walkRouteSequenceNumber": 194,
    "price": {
      "basicPrice": 11.89,
      "recommendedQuantity": "1.0",
      "quantityPrice": 11.41,
      "quantityPriceQuantity": "6.0",
      "measurementUnitPrice": 15.86,
      "measurementUnitQuantityPrice": 15.22,
      "measurementUnit": "L",
      "isRedPrice": false,
      "pricePerUOM": 15.86,
      "activationDate": "14-03-2024",
      "isPromoActive": "N",
      "priceChangeCode": "H",
      "quantityPricePerUOM": 15.22,
      "quantityActivationDate": "14-03-2024",
      "quantityPriceChangeCode": "H"
    },
    "isAvailable": true,
    "isPriceAvailable": true,
    "inPromo": false,
    "gtin": [
      "03268174004560",
      "03268174004577"
    ],
    "topCategoryName": "Wijn",
    "topCategoryId": "421",
    "businessDomain": "RETAIL_BE",
    "IsPrivateLabel": false,
    "IsBiffe": false,
    "WeightconversionFactor": "0",
    "IsWeightArticle": false,
    "IsBio": false,
    "CountryOfOrigin": "FRANKRIJK",
    "IsExclusivelySoldInLuxembourg": false,
    "OrderUnit": "P",
    "ShortName": "VACQUEYRAS SAINT-PIERRE",
    "IsNew": false,
    "RecentQuanityOfStockUnits": "1,6",
    "LongName": "Vacqueyras Caves St-Pierre 75cl",
    "AlcoholVolume": "13.5",
    "FicCode": "E"
  },
  {
    "productId": "66351",
    "technicalArticleNumber": "2788510",
    "commercialArticleNumber": "45900",
    "name": "Fines bulles blanc 0,0%",
    "brand": "VINTENSE",
    "seoBrand": "Vintense",
    "thumbNail": "https://static.colruytgroup.com/images/200x200/std.lang.all/74/62/asset-3197462.jpg",
    "fullImage": "https://static.colruytgroup.com/images/500x500/std.lang.all/74/62/asset-3197462.jpg",
    "squareImage": "https://static.colruytgroup.com/images/500x500sq/std.lang.all/74/62/asset-3197462.jpg",
    "content": "75cl",
    "walkRouteSequenceNumber": 552,
    "price": {
      "basicPrice": 5.99,
      "recommendedQuantity": "1.0",
      "quantityPrice": 5.51,
      "quantityPriceQuantity": "6.0",
      "measurementUnitPrice": 7.99,
      "measurementUnitQuantityPrice": 7.35,
      "measurementUnit": "L",
      "isRedPrice": false,
      "pricePerUOM": 7.99,
      "activationDate": "17-02-2024",
      "recordSource": "Offline",
      "isPromoActive": "N",
      "priceChangeCode": "E",
      "quantityPricePerUOM": 7.35,
      "quantityActivationDate": "17-02-2024",
      "quantityPriceChangeCode": "E"
    },
    "isAvailable": true,
    "isPriceAvailable": true,
    "inPromo": false,
    "gtin": [
      "05415270100162",
      "05415270200015",
      "05411718907348"
    ],
    "topCategoryName": "Wijn",
    "topCategoryId": "421",
    "businessDomain": "RETAIL_BE",
    "IsPrivateLabel": false,
    "IsBiffe": false,
    "WeightconversionFactor": "0",
    "IsWeightArticle": false,
    "nutriscoreLabel": "C",
    "IsBio": false,
    "CountryOfOrigin": "BELGIË",
    "IsExclusivelySoldInLuxembourg": false,
    "OrderUnit": "P",
    "ShortName": "VINT SCHUIMWIJ.BLC0%75C",
    "IsNew": false,
    "EcoscoreLabel": "D",
    "RecentQuanityOfStockUnits": "1,6",
    "LongName": "VINTENSE Fines bulles blanc 0,0% 75cl",
    "AlcoholVolume": "0",
    "FicCode": "E",
    "EcoscoreValue": "23"
  },
  {
    "productId": "1249",
    "technicalArticleNumber": "17656",
    "commercialArticleNumber": "17656",
    "name": "Sylvaner Alsace Tradition",
    "description": "FRANKRIJK ALSACE DROOG WIT\nFris, fruitig, aangenaam van smaak.\nAanbevolen bij zeevruchten, vis,\nvlees en zuurkool. Fris, maar niet\nijsgekoeld opdienen.",
    "thumbNail": "https://static.colruytgroup.com/images/200x200/std.lang.all/68/47/asset-1806847.jpg",
    "fullImage": "https://static.colruytgroup.com/images/500x500/std.lang.all/68/47/asset-1806847.jpg",
    "squareImage": "https://static.colruytgroup.com/images/500x500sq/std.lang.all/68/47/asset-1806847.jpg",
    "content": "75cl",
    "walkRouteSequenceNumber": 219,
    "price": {
      "basicPrice": 4.9,
      "recommendedQuantity": "1.0",
      "measurementUnitPrice": 6.54,
      "measurementUnit": "L",
      "isRedPrice": false,
      "pricePerUOM": 6.54,
      "activationDate": "20-03-2024",
      "recordSource": "Offline",
      "isPromoActive": "Y",
      "priceChangeCode": "L"
    },
    "isAvailable": true,
    "isPriceAvailable": true,
    "inPromo": false,
    "gtin": [
      "03225820045094",
      "03225820045100",
      "03225823000045"
    ],
    "topCategoryName": "Wijn",
    "topCategoryId": "421",
    "businessDomain": "RETAIL_BE",
    "IsPrivateLabel": false,
    "IsBiffe": false,
    "WeightconversionFactor": "0",
    "IsWeightArticle": false,
    "IsBio": false,
    "CountryOfOrigin": "FRANKRIJK",
    "IsExclusivelySoldInLuxembourg": false,
    "OrderUnit": "P",
    "ShortName": "ALSACE SYLVANER TRADIT",
    "IsNew": false,
    "EcoscoreLabel": "C",
    "RecentQuanityOfStockUnits": "6,1",
    "LongName": "Sylvaner Alsace Tradition 75cl",
    "AlcoholVolume": "12",
    "FicCode": "E",
    "EcoscoreValue": "55"
  },
  {
    "productId": "327462",
    "technicalArticleNumber": "3815669",
    "commercialArticleNumber": "10097",
    "name": "Domaine Royal Jarras Bio Camargue",
    "description": "LANGUEDOC ROSE\nLichtroze kleur,geur van bessen,rood\nen wit fruit.Elegante,frisse smaak.\nLicht kruidige aanzet,fijne en fris-\nfruitige aanzet.Jong drinken",
    "thumbNail": "https://static.colruytgroup.com/images/200x200/std.lang.all/92/41/asset-3429241.jpg",
    "fullImage": "https://static.colruytgroup.com/images/500x500/std.lang.all/92/41/asset-3429241.jpg",
    "squareImage": "https://static.colruytgroup.com/images/500x500sq/std.lang.all/92/41/asset-3429241.jpg",
    "content": "75cl",
    "walkRouteSequenceNumber": 485,
    "price": {
      "basicPrice": 8.15,
      "recommendedQuantity": "1.0",
      "quantityPrice": 7.82,
      "quantityPriceQuantity": "6.0",
      "measurementUnitPrice": 10.87,
      "measurementUnitQuantityPrice": 10.43,
      "measurementUnit": "L",
      "isRedPrice": false,
      "pricePerUOM": 10.87,
      "activationDate": "07-03-2024",
      "isPromoActive": "N",
      "priceChangeCode": "H",
      "quantityPricePerUOM": 10.43,
      "quantityActivationDate": "07-03-2024",
      "quantityPriceChangeCode": "H"
    },
    "isAvailable": true,
    "isPriceAvailable": true,
    "inPromo": false,
    "gtin": [
      "03142702010004",
      "03142702010264"
    ],
    "topCategoryName": "Wijn",
    "topCategoryId": "421",
    "businessDomain": "RETAIL_BE",
    "IsPrivateLabel": false,
    "IsBiffe": false,
    "WeightconversionFactor": "0",
    "IsWeightArticle": false,
    "IsBio": true,
    "CountryOfOrigin": "BELGIË",
    "IsExclusivelySoldInLuxembourg": false,
    "OrderUnit": "P",
    "ShortName": "BIO DOM JARRAS CAMARGUE",
    "InSeason": true,
    "IsNew": false,
    "EcoscoreLabel": "B",
    "RecentQuanityOfStockUnits": "1,6",
    "LongName": "Domaine Royal Jarras Bio Camargue 75cl",
    "AlcoholVolume": "13",
    "StartSeasonDate": "11/12/2018",
    "FicCode": "E",
    "EcoscoreValue": "70"
  },
  {
    "productId": "16614",
    "technicalArticleNumber": "1451323",
    "commercialArticleNumber": "17207",
    "name": "Torino Torrontes Argentinië",
    "description": "ARGENTINIE DROOG WIT\nVan de plaatselijke torrentes druif.\nZeer aromatisch met muscat tinten.\nFijn en fris. Ideaal als aperitief,\nkoude schotels en lichte visgerechten",
    "thumbNail": "https://static.colruytgroup.com/images/200x200/std.lang.all/50/93/asset-2455093.jpg",
    "fullImage": "https://static.colruytgroup.com/images/500x500/std.lang.all/50/93/asset-2455093.jpg",
    "squareImage": "https://static.colruytgroup.com/images/500x500sq/std.lang.all/50/93/asset-2455093.jpg",
    "content": "75cl",
    "walkRouteSequenceNumber": 373,
    "price": {
      "basicPrice": 5.99,
      "recommendedQuantity": "1.0",
      "quantityPrice": 5.75,
      "quantityPriceQuantity": "6.0",
      "measurementUnitPrice": 7.99,
      "measurementUnitQuantityPrice": 7.67,
      "measurementUnit": "L",
      "isRedPrice": false,
      "pricePerUOM": 7.99,
      "activationDate": "18-03-2024",
      "recordSource": "Offline",
      "isPromoActive": "N",
      "priceChangeCode": "H",
      "quantityPricePerUOM": 7.67,
      "quantityActivationDate": "18-03-2024",
      "quantityPriceChangeCode": "E"
    },
    "isAvailable": true,
    "isPriceAvailable": true,
    "inPromo": false,
    "gtin": [
      "07790189001617",
      "07790189001242"
    ],
    "topCategoryName": "Wijn",
    "topCategoryId": "421",
    "businessDomain": "RETAIL_BE",
    "IsPrivateLabel": false,
    "IsBiffe": false,
    "WeightconversionFactor": "0",
    "IsWeightArticle": false,
    "IsBio": false,
    "CountryOfOrigin": "ARGENTINIË",
    "IsExclusivelySoldInLuxembourg": false,
    "OrderUnit": "P",
    "ShortName": "TORINO TORRONTES",
    "IsNew": false,
    "EcoscoreLabel": "D",
    "RecentQuanityOfStockUnits": "1,6",
    "LongName": "Torino Torrontes Argentinië 75cl",
    "AlcoholVolume": "13.5",
    "FicCode": "E",
    "EcoscoreValue": "38"
  },
  {
    "productId": "227415",
    "technicalArticleNumber": "3554349",
    "commercialArticleNumber": "15371",
    "name": "Cava Brut Rosé",
    "description": "SPANJE SCHUIMWIJN DROOG - D.O. CAVA\nKlassevolle Spaanse schuimwijn die\ngemaakt is volgens de 'méthode tradi-\ntionelle'. Fris en levendig met\naroma's van rood fruit. Bij aperitief",
    "brand": "RECODA",
    "seoBrand": "Recoda",
    "thumbNail": "https://static.colruytgroup.com/images/200x200/std.lang.all/21/34/asset-982134.jpg",
    "fullImage": "https://static.colruytgroup.com/images/500x500/std.lang.all/21/34/asset-982134.jpg",
    "squareImage": "https://static.colruytgroup.com/images/500x500sq/std.lang.all/21/34/asset-982134.jpg",
    "content": "75cl",
    "walkRouteSequenceNumber": 584,
    "price": {
      "basicPrice": 6.49,
      "recommendedQuantity": "1.0",
      "measurementUnitPrice": 8.66,
      "measurementUnit": "L",
      "isRedPrice": false,
      "pricePerUOM": 8.66,
      "activationDate": "22-03-2024",
      "recordSource": "Offline",
      "isPromoActive": "N",
      "priceChangeCode": "E"
    },
    "isAvailable": true,
    "isPriceAvailable": true,
    "inPromo": false,
    "gtin": [
      "08413216100723",
      "08413216200720"
    ],
    "topCategoryName": "Wijn",
    "topCategoryId": "421",
    "businessDomain": "RETAIL_BE",
    "IsPrivateLabel": false,
    "IsBiffe": false,
    "WeightconversionFactor": "0",
    "IsWeightArticle": false,
    "IsBio": false,
    "CountryOfOrigin": "SPANJE",
    "IsExclusivelySoldInLuxembourg": false,
    "OrderUnit": "P",
    "ShortName": "RECODA CAVA ROSE 75CL",
    "IsNew": false,
    "EcoscoreLabel": "C",
    "RecentQuanityOfStockUnits": "6,1",
    "LongName": "RECODA Cava Brut Rosé 75cl",
    "AlcoholVolume": "12",
    "FicCode": "E",
    "EcoscoreValue": "46"
  },
  {
    "productId": "535405",
    "technicalArticleNumber": "4129481",
    "commercialArticleNumber": "9438",
    "name": "Gigondas Roc Dentelles",
    "description": "FRANKRIJK RHONE ROOD\nA.C. Gigondas. Volle, fruitige,\nsoepele wijn met krachtige en\nvolle smaak. 3 jaar te bewaren.\nLekker bij vlees en kaas.",
    "thumbNail": "https://static.colruytgroup.com/images/200x200/std.lang.all/42/19/asset-2844219.jpg",
    "fullImage": "https://static.colruytgroup.com/images/500x500/std.lang.all/42/19/asset-2844219.jpg",
    "squareImage": "https://static.colruytgroup.com/images/500x500sq/std.lang.all/42/19/asset-2844219.jpg",
    "content": "75cl",
    "walkRouteSequenceNumber": 185,
    "price": {
      "basicPrice": 12.85,
      "recommendedQuantity": "1.0",
      "measurementUnitPrice": 17.14,
      "measurementUnit": "L",
      "isRedPrice": false,
      "pricePerUOM": 17.14,
      "activationDate": "18-03-2024",
      "isPromoActive": "Y",
      "priceChangeCode": "H"
    },
    "isAvailable": true,
    "isPriceAvailable": true,
    "inPromo": false,
    "gtin": [
      "03760093625975",
      "03760093625968"
    ],
    "topCategoryName": "Wijn",
    "topCategoryId": "421",
    "businessDomain": "RETAIL_BE",
    "IsPrivateLabel": false,
    "IsBiffe": false,
    "WeightconversionFactor": "0",
    "IsWeightArticle": false,
    "IsBio": false,
    "CountryOfOrigin": "FRANKRIJK",
    "IsExclusivelySoldInLuxembourg": false,
    "OrderUnit": "P",
    "ShortName": "GIGONDAS ROC DENTELLES",
    "IsNew": false,
    "RecentQuanityOfStockUnits": "1,6",
    "LongName": "Gigondas Roc Dentelles 75cl",
    "AlcoholVolume": "14.5",
    "FicCode": "E"
  },
  {
    "productId": "535405",
    "technicalArticleNumber": "4129481",
    "commercialArticleNumber": "9438",
    "name": "Gigondas Roc Dentelles",
    "description": "FRANKRIJK RHONE ROOD\nA.C. Gigondas. Volle, fruitige,\nsoepele wijn met krachtige en\nvolle smaak. 3 jaar te bewaren.\nLekker bij vlees en kaas.",
    "thumbNail": "https://static.colruytgroup.com/images/200x200/std.lang.all/42/19/asset-2844219.jpg",
    "fullImage": "https://static.colruytgroup.com/images/500x500/std.lang.all/42/19/asset-2844219.jpg",
    "squareImage": "https://static.colruytgroup.com/images/500x500sq/std.lang.all/42/19/asset-2844219.jpg",
    "content": "75cl",
    "walkRouteSequenceNumber": 185,
    "price": {
      "basicPrice": 12.85,
      "recommendedQuantity": "1.0",
      "measurementUnitPrice": 17.14,
      "measurementUnit": "L",
      "isRedPrice": false,
      "pricePerUOM": 17.14,
      "activationDate": "18-03-2024",
      "isPromoActive": "Y",
      "priceChangeCode": "H"
    },
    "isAvailable": true,
    "isPriceAvailable": true,
    "inPromo": false,
    "gtin": [
      "03760093625975",
      "03760093625968"
    ],
    "topCategoryName": "Wijn",
    "topCategoryId": "421",
    "businessDomain": "RETAIL_BE",
    "IsPrivateLabel": false,
    "IsBiffe": false,
    "WeightconversionFactor": "0",
    "IsWeightArticle": false,
    "IsBio": false,
    "CountryOfOrigin": "FRANKRIJK",
    "IsExclusivelySoldInLuxembourg": false,
    "OrderUnit": "P",
    "ShortName": "GIGONDAS ROC DENTELLES",
    "IsNew": false,
    "RecentQuanityOfStockUnits": "1,6",
    "LongName": "Gigondas Roc Dentelles 75cl",
    "AlcoholVolume": "14.5",
    "FicCode": "E"
  },
  {
    "productId": "26329",
    "technicalArticleNumber": "1954288",
    "commercialArticleNumber": "17666",
    "name": "Cot.Aix Provence Vallon des Glauges",
    "description": "FRANKRIJK PROVENCE DROOG ROSE\nSchitterende Coteaux d'Aix met mooie\naromas van framboos, aalbessen, peper,\nmunt.Ideaal met voorgerechten, vis en\nProvençaalse keuken. Fris schenken.",
    "thumbNail": "https://static.colruytgroup.com/images/200x200/std.lang.all/70/89/asset-547089.jpg",
    "fullImage": "https://static.colruytgroup.com/images/500x500/std.lang.all/70/89/asset-547089.jpg",
    "squareImage": "https://static.colruytgroup.com/images/500x500sq/std.lang.all/70/89/asset-547089.jpg",
    "content": "75cl",
    "walkRouteSequenceNumber": 479,
    "price": {
      "basicPrice": 7.49,
      "recommendedQuantity": "1.0",
      "measurementUnitPrice": 9.99,
      "measurementUnit": "L",
      "isRedPrice": false,
      "pricePerUOM": 9.99,
      "activationDate": "19-03-2024",
      "recordSource": "Offline",
      "isPromoActive": "N",
      "priceChangeCode": "H"
    },
    "isAvailable": true,
    "isPriceAvailable": true,
    "inPromo": false,
    "gtin": [
      "03760037880521",
      "03760037880538"
    ],
    "topCategoryName": "Wijn",
    "topCategoryId": "421",
    "businessDomain": "RETAIL_BE",
    "IsPrivateLabel": false,
    "IsBiffe": false,
    "WeightconversionFactor": "0",
    "IsWeightArticle": false,
    "IsBio": false,
    "CountryOfOrigin": "FRANKRIJK",
    "IsExclusivelySoldInLuxembourg": false,
    "OrderUnit": "P",
    "ShortName": "COT.AIX PROVENCE GLAUGE",
    "InSeason": true,
    "IsNew": false,
    "RecentQuanityOfStockUnits": "1,6",
    "LongName": "Cot.Aix Provence Vallon des Glauges 75cl",
    "AlcoholVolume": "12.5",
    "StartSeasonDate": "19/01/2016",
    "FicCode": "E"
  },
  {
    "productId": "150359",
    "technicalArticleNumber": "3332201",
    "commercialArticleNumber": "15345",
    "name": "Alibi Vinho Regional Alentejano R",
    "description": "Vinho regional Alentejano. Portugal\nVolle wijn met aroma's van zwart fruit\nkruiden, pruim. Zuiver, geurig en\nfris. Een fruitbom voor bij allerlei\ngerechten.",
    "thumbNail": "https://static.colruytgroup.com/images/200x200/std.lang.all/89/13/asset-618913.jpg",
    "fullImage": "https://static.colruytgroup.com/images/500x500/std.lang.all/89/13/asset-618913.jpg",
    "squareImage": "https://static.colruytgroup.com/images/500x500sq/std.lang.all/89/13/asset-618913.jpg",
    "content": "75cl",
    "walkRouteSequenceNumber": 397,
    "price": {
      "basicPrice": 5.69,
      "recommendedQuantity": "1.0",
      "measurementUnitPrice": 7.59,
      "measurementUnit": "L",
      "isRedPrice": false,
      "pricePerUOM": 7.59,
      "activationDate": "02-01-2024",
      "isPromoActive": "N",
      "priceChangeCode": "H"
    },
    "isAvailable": true,
    "isPriceAvailable": true,
    "inPromo": false,
    "gtin": [
      "15600333220018",
      "05600333220011"
    ],
    "topCategoryName": "Wijn",
    "topCategoryId": "421",
    "businessDomain": "RETAIL_BE",
    "IsPrivateLabel": false,
    "IsBiffe": false,
    "WeightconversionFactor": "0",
    "IsWeightArticle": false,
    "IsBio": false,
    "CountryOfOrigin": "BELGIË",
    "IsExclusivelySoldInLuxembourg": false,
    "OrderUnit": "P",
    "ShortName": "ALIBI VR ALENTEJANO RD",
    "IsNew": false,
    "RecentQuanityOfStockUnits": "1,6",
    "LongName": "Alibi Vinho Regional Alentejano R 75cl",
    "AlcoholVolume": "14",
    "FicCode": "E"
  },
  {
    "productId": "39359",
    "technicalArticleNumber": "1802313",
    "commercialArticleNumber": "17039",
    "name": "Crémant d'Alsace A.C. rosé",
    "description": "FRANKRIJK CREMANT DROOG\nSprankelende rosé uit de Alsace.\nFijne, elegante en fruitvolle klasse-\nschuimwijn. Ideaal als aperitief,\nvoorgerechten en bij hapjes.",
    "brand": "BENNWIHR",
    "seoBrand": "Bennwihr",
    "thumbNail": "https://static.colruytgroup.com/images/200x200/std.lang.all/56/82/asset-2935682.jpg",
    "fullImage": "https://static.colruytgroup.com/images/500x500/std.lang.all/56/82/asset-2935682.jpg",
    "squareImage": "https://static.colruytgroup.com/images/500x500sq/std.lang.all/56/82/asset-2935682.jpg",
    "content": "75cl",
    "walkRouteSequenceNumber": 517,
    "price": {
      "basicPrice": 9.99,
      "recommendedQuantity": "1.0",
      "measurementUnitPrice": 13.32,
      "measurementUnit": "L",
      "isRedPrice": false,
      "pricePerUOM": 13.32,
      "activationDate": "19-03-2024",
      "recordSource": "Offline",
      "isPromoActive": "N",
      "priceChangeCode": "E"
    },
    "isAvailable": true,
    "isPriceAvailable": true,
    "inPromo": false,
    "gtin": [
      "03225820052092",
      "03225820052085"
    ],
    "topCategoryName": "Wijn",
    "topCategoryId": "421",
    "businessDomain": "RETAIL_BE",
    "IsPrivateLabel": false,
    "IsBiffe": false,
    "WeightconversionFactor": "0",
    "IsWeightArticle": false,
    "IsBio": false,
    "CountryOfOrigin": "FRANKRIJK",
    "IsExclusivelySoldInLuxembourg": false,
    "OrderUnit": "P",
    "ShortName": "CREMANT ALSACE ROSE",
    "IsNew": false,
    "EcoscoreLabel": "C",
    "RecentQuanityOfStockUnits": "1,6",
    "LongName": "BENNWIHR Crémant d'Alsace A.C. rosé 75cl",
    "AlcoholVolume": "11.5",
    "FicCode": "E",
    "EcoscoreValue": "56"
  },
  {
    "productId": "333459",
    "technicalArticleNumber": "3800623",
    "commercialArticleNumber": "13054",
    "name": "Domaine de Sahari rosé",
    "description": "MAROKKO ROSE\nDroge,fruitige roséwijn uit de streek\nGuerrouane. De wijngaarden zijn op 600\nmeter hoogte gelegen en beschermt door\nhet Atlasgebergte.",
    "thumbNail": "https://static.colruytgroup.com/images/200x200/std.lang.all/23/03/asset-1392303.jpg",
    "fullImage": "https://static.colruytgroup.com/images/500x500/std.lang.all/23/03/asset-1392303.jpg",
    "squareImage": "https://static.colruytgroup.com/images/500x500sq/std.lang.all/23/03/asset-1392303.jpg",
    "content": "75cl",
    "walkRouteSequenceNumber": 457,
    "price": {
      "basicPrice": 5.1,
      "recommendedQuantity": "1.0",
      "measurementUnitPrice": 6.8,
      "measurementUnit": "L",
      "isRedPrice": false,
      "pricePerUOM": 6.8,
      "activationDate": "18-01-2024",
      "recordSource": "Offline",
      "isPromoActive": "N",
      "priceChangeCode": "L"
    },
    "isAvailable": true,
    "isPriceAvailable": true,
    "inPromo": true,
    "promotion": [
      {
        "techPromoId": "001120COLR",
        "promotionId": "001120",
        "promotionType": "3",
        "isPersonalized": "N",
        "publicationStartDate": "11-01-2024",
        "publicationEndDate": "10-05-2024"
      }
    ],
    "gtin": [
      "03180284975137",
      "03180284973409",
      "03180280412940",
      "03180284973119"
    ],
    "topCategoryName": "Wijn",
    "topCategoryId": "421",
    "businessDomain": "RETAIL_BE",
    "IsPrivateLabel": false,
    "IsBiffe": false,
    "WeightconversionFactor": "0",
    "IsWeightArticle": false,
    "IsBio": false,
    "CountryOfOrigin": "MAROKKO",
    "IsExclusivelySoldInLuxembourg": false,
    "OrderUnit": "P",
    "ShortName": "DOMAINE DE SAHARI ROSE",
    "IsNew": false,
    "RecentQuanityOfStockUnits": "1,6",
    "LongName": "Domaine de Sahari rosé 75cl",
    "AlcoholVolume": "13",
    "FicCode": "E"
  },
  {
    "productId": "1156",
    "technicalArticleNumber": "17700",
    "commercialArticleNumber": "17700",
    "name": "Zeller Schwarze Katz",
    "description": "DUITSLAND HALFZOET MOEZEL WIT\nFijn, fruitig boeket, milde smaak.\nFris schenken. Aanbevolen bij\nescargots, tarbot, forel, tong en\npaling in 't groen. QAC",
    "thumbNail": "https://static.colruytgroup.com/images/200x200/std.lang.all/15/68/asset-371568.jpg",
    "fullImage": "https://static.colruytgroup.com/images/500x500/std.lang.all/15/68/asset-371568.jpg",
    "squareImage": "https://static.colruytgroup.com/images/500x500sq/std.lang.all/15/68/asset-371568.jpg",
    "content": "75cl",
    "walkRouteSequenceNumber": 311,
    "price": {
      "basicPrice": 3.99,
      "recommendedQuantity": "1.0",
      "quantityPrice": 3.67,
      "quantityPriceQuantity": "6.0",
      "measurementUnitPrice": 5.32,
      "measurementUnitQuantityPrice": 4.9,
      "measurementUnit": "L",
      "isRedPrice": false,
      "pricePerUOM": 5.32,
      "activationDate": "17-11-2023",
      "recordSource": "Offline",
      "isPromoActive": "N",
      "priceChangeCode": "E",
      "quantityPricePerUOM": 4.9,
      "quantityActivationDate": "17-11-2023",
      "quantityPriceChangeCode": "E"
    },
    "isAvailable": true,
    "isPriceAvailable": true,
    "inPromo": false,
    "gtin": [
      "04002410402401",
      "04002411402400"
    ],
    "topCategoryName": "Wijn",
    "topCategoryId": "421",
    "businessDomain": "RETAIL_BE",
    "IsPrivateLabel": false,
    "IsBiffe": false,
    "WeightconversionFactor": "0",
    "IsWeightArticle": false,
    "IsBio": false,
    "CountryOfOrigin": "DUITSLAND",
    "IsExclusivelySoldInLuxembourg": false,
    "OrderUnit": "P",
    "ShortName": "ZELLER SCHWARZE KATZ",
    "IsNew": false,
    "RecentQuanityOfStockUnits": "1,6",
    "LongName": "Zeller Schwarze Katz 75cl",
    "AlcoholVolume": "8.4",
    "FicCode": "E"
  },
  {
    "productId": "275412",
    "technicalArticleNumber": "3656922",
    "commercialArticleNumber": "12573",
    "name": "Réserve des Lauriers St-Mont wit",
    "description": "ZUIDWEST FRANKRIJK\nFrisse, volle, droge witte wijn.Ideaal\nbij rijkere visschotels, wit vlees en\nslaatjes met vlees en vis.\nKan goed bewaren.",
    "thumbNail": "https://static.colruytgroup.com/images/200x200/std.lang.all/66/01/asset-1176601.jpg",
    "fullImage": "https://static.colruytgroup.com/images/500x500/std.lang.all/66/01/asset-1176601.jpg",
    "squareImage": "https://static.colruytgroup.com/images/500x500sq/std.lang.all/66/01/asset-1176601.jpg",
    "content": "75cl",
    "walkRouteSequenceNumber": 174,
    "price": {
      "basicPrice": 5.69,
      "recommendedQuantity": "1.0",
      "quantityPrice": 5.51,
      "quantityPriceQuantity": "6.0",
      "measurementUnitPrice": 7.59,
      "measurementUnitQuantityPrice": 7.35,
      "measurementUnit": "L",
      "isRedPrice": false,
      "pricePerUOM": 7.59,
      "activationDate": "23-01-2024",
      "recordSource": "Offline",
      "isPromoActive": "N",
      "priceChangeCode": "H",
      "quantityPricePerUOM": 7.35,
      "quantityActivationDate": "23-01-2024",
      "quantityPriceChangeCode": "H"
    },
    "isAvailable": true,
    "isPriceAvailable": true,
    "inPromo": false,
    "gtin": [
      "03270040505477",
      "03270040505460"
    ],
    "topCategoryName": "Wijn",
    "topCategoryId": "421",
    "businessDomain": "RETAIL_BE",
    "IsPrivateLabel": false,
    "IsBiffe": false,
    "WeightconversionFactor": "0",
    "IsWeightArticle": false,
    "IsBio": false,
    "CountryOfOrigin": "FRANKRIJK",
    "IsExclusivelySoldInLuxembourg": false,
    "OrderUnit": "P",
    "ShortName": "LAURIERS ST-MONT WIT",
    "IsNew": false,
    "RecentQuanityOfStockUnits": "6,1",
    "LongName": "Réserve des Lauriers St-Mont wit 75cl",
    "AlcoholVolume": "13",
    "FicCode": "E"
  },
  {
    "productId": "229974",
    "technicalArticleNumber": "3553352",
    "commercialArticleNumber": "14645",
    "name": "Ch. de Pena Côtes Roussillon Vill.",
    "description": "COTES DU ROUSSILLON VILLAGE Rond,\nvlezig, fruitig, likeurachtig, elegant\nen soepel. Zeer mooi voorbeeld in zijn\ngenre. Serveren bij rood vlees, BBQ\nen licht wild.",
    "thumbNail": "https://static.colruytgroup.com/images/200x200/std.lang.all/33/92/asset-1573392.jpg",
    "fullImage": "https://static.colruytgroup.com/images/500x500/std.lang.all/33/92/asset-1573392.jpg",
    "squareImage": "https://static.colruytgroup.com/images/500x500sq/std.lang.all/33/92/asset-1573392.jpg",
    "content": "75cl",
    "walkRouteSequenceNumber": 253,
    "price": {
      "basicPrice": 5.99,
      "recommendedQuantity": "1.0",
      "measurementUnitPrice": 7.99,
      "measurementUnit": "L",
      "isRedPrice": false,
      "pricePerUOM": 7.99,
      "activationDate": "19-01-2024",
      "isPromoActive": "N",
      "priceChangeCode": "L"
    },
    "isAvailable": true,
    "isPriceAvailable": true,
    "inPromo": false,
    "gtin": [
      "03500610071553",
      "03500611117717"
    ],
    "topCategoryName": "Wijn",
    "topCategoryId": "421",
    "businessDomain": "RETAIL_BE",
    "IsPrivateLabel": false,
    "IsBiffe": false,
    "WeightconversionFactor": "0",
    "IsWeightArticle": false,
    "IsBio": false,
    "CountryOfOrigin": "FRANKRIJK",
    "IsExclusivelySoldInLuxembourg": false,
    "OrderUnit": "P",
    "ShortName": "CH.DE PENA ROUSSIL.VILL",
    "IsNew": false,
    "EcoscoreLabel": "D",
    "RecentQuanityOfStockUnits": "6,1",
    "LongName": "Ch. de Pena Côtes Roussillon Vill. 75cl",
    "AlcoholVolume": "14",
    "FicCode": "E",
    "EcoscoreValue": "22"
  },
  {
    "productId": "11557",
    "technicalArticleNumber": "1388495",
    "commercialArticleNumber": "17880",
    "name": "Brut Luxembourg",
    "description": "LUXEMBURG SCHUIMWIJN DROOG\nKwaliteitsschuimwijn \"op traditionele\nwijze\". Florale, fruitige aroma's met\nronde, frisse afdronk. Ideaal als ape-\nritief of bij koude visgerechten. QVA",
    "brand": "COMTE DE BREDIMUS",
    "seoBrand": "Comte De Bredimus",
    "thumbNail": "https://static.colruytgroup.com/images/200x200/std.lang.all/54/31/asset-2195431.jpg",
    "fullImage": "https://static.colruytgroup.com/images/500x500/std.lang.all/54/31/asset-2195431.jpg",
    "squareImage": "https://static.colruytgroup.com/images/500x500sq/std.lang.all/54/31/asset-2195431.jpg",
    "content": "75cl",
    "walkRouteSequenceNumber": 526,
    "price": {
      "basicPrice": 6.79,
      "recommendedQuantity": "1.0",
      "measurementUnitPrice": 9.06,
      "measurementUnit": "L",
      "isRedPrice": false,
      "pricePerUOM": 9.06,
      "activationDate": "28-02-2024",
      "isPromoActive": "N",
      "priceChangeCode": "E"
    },
    "isAvailable": true,
    "isPriceAvailable": true,
    "inPromo": false,
    "gtin": [
      "05450064009825",
      "05450064009818"
    ],
    "topCategoryName": "Wijn",
    "topCategoryId": "421",
    "businessDomain": "RETAIL_BE",
    "IsPrivateLabel": false,
    "IsBiffe": false,
    "WeightconversionFactor": "0",
    "IsWeightArticle": false,
    "IsBio": false,
    "CountryOfOrigin": "LUXEMBURG",
    "IsExclusivelySoldInLuxembourg": false,
    "OrderUnit": "P",
    "ShortName": "COMTE DE BREDIMUS BRUT",
    "IsNew": false,
    "RecentQuanityOfStockUnits": "1,6",
    "LongName": "COMTE DE BREDIMUS Brut Luxembourg 75cl",
    "AlcoholVolume": "12",
    "FicCode": "I"
  },
  {
    "productId": "1232",
    "technicalArticleNumber": "17494",
    "commercialArticleNumber": "17494",
    "name": "Chevalier Noël",
    "description": "FRANKRIJK BORDEAUX ROOD\nVolle en vlotte smaak. Nu al aangenaam\nom drinken, kan ook nog 5 jaar\nbewaren. Aangeraden bij vleesgerechten\nen kaasschotels.",
    "thumbNail": "https://static.colruytgroup.com/images/200x200/std.lang.all/14/06/asset-3251406.jpg",
    "fullImage": "https://static.colruytgroup.com/images/500x500/std.lang.all/14/06/asset-3251406.jpg",
    "squareImage": "https://static.colruytgroup.com/images/500x500sq/std.lang.all/14/06/asset-3251406.jpg",
    "content": "75cl",
    "walkRouteSequenceNumber": 149,
    "price": {
      "basicPrice": 7.49,
      "recommendedQuantity": "1.0",
      "quantityPrice": 6.89,
      "quantityPriceQuantity": "6.0",
      "measurementUnitPrice": 9.99,
      "measurementUnitQuantityPrice": 9.19,
      "measurementUnit": "L",
      "isRedPrice": false,
      "pricePerUOM": 9.99,
      "activationDate": "28-02-2024",
      "isPromoActive": "N",
      "priceChangeCode": "H",
      "quantityPricePerUOM": 9.19,
      "quantityActivationDate": "28-02-2024",
      "quantityPriceChangeCode": "H"
    },
    "isAvailable": true,
    "isPriceAvailable": true,
    "inPromo": false,
    "gtin": [
      "03284399048141",
      "03284399048158",
      "03284399051097",
      "03284399051103",
      "03284393008486",
      "03284393008493",
      "03284399043139",
      "03284399043146",
      "03284399350886",
      "03284399350879"
    ],
    "topCategoryName": "Wijn",
    "topCategoryId": "421",
    "businessDomain": "RETAIL_BE",
    "IsPrivateLabel": false,
    "IsBiffe": false,
    "WeightconversionFactor": "0",
    "IsWeightArticle": false,
    "IsBio": false,
    "CountryOfOrigin": "FRANKRIJK",
    "IsExclusivelySoldInLuxembourg": false,
    "OrderUnit": "P",
    "ShortName": "CHEVALIER NOEL BORD SUP",
    "IsNew": false,
    "EcoscoreLabel": "D",
    "RecentQuanityOfStockUnits": "6,1,1,6",
    "LongName": "Chevalier Noël 75cl",
    "AlcoholVolume": "12.5",
    "FicCode": "E",
    "EcoscoreValue": "22"
  },
  {
    "productId": "532022",
    "technicalArticleNumber": "4124038",
    "commercialArticleNumber": "9160",
    "name": "Château Haut Belian",
    "description": "Jonge en zeer fruitige Bordeaux.\nRijp en vol en zeer aromatisch.\nOm jong te drinken of tot\n3 jaar te bewaren",
    "thumbNail": "https://static.colruytgroup.com/images/200x200/std.lang.all/55/93/asset-2935593.jpg",
    "fullImage": "https://static.colruytgroup.com/images/500x500/std.lang.all/55/93/asset-2935593.jpg",
    "squareImage": "https://static.colruytgroup.com/images/500x500sq/std.lang.all/55/93/asset-2935593.jpg",
    "content": "75cl",
    "walkRouteSequenceNumber": 141,
    "price": {
      "basicPrice": 5.85,
      "recommendedQuantity": "1.0",
      "quantityPrice": 5.62,
      "quantityPriceQuantity": "6.0",
      "measurementUnitPrice": 7.8,
      "measurementUnitQuantityPrice": 7.5,
      "measurementUnit": "L",
      "isRedPrice": false,
      "pricePerUOM": 7.8,
      "activationDate": "14-12-2022",
      "isPromoActive": "N",
      "priceChangeCode": "E",
      "quantityPricePerUOM": 7.5,
      "quantityActivationDate": "14-12-2022",
      "quantityPriceChangeCode": "E"
    },
    "isAvailable": true,
    "isPriceAvailable": true,
    "inPromo": false,
    "gtin": [
      "03700325913753",
      "03700325913760",
      "03700325911834",
      "03700325911933",
      "03700325912848",
      "03700325912855"
    ],
    "topCategoryName": "Wijn",
    "topCategoryId": "421",
    "businessDomain": "RETAIL_BE",
    "IsPrivateLabel": false,
    "IsBiffe": false,
    "WeightconversionFactor": "0",
    "IsWeightArticle": false,
    "IsBio": false,
    "CountryOfOrigin": "FRANKRIJK",
    "IsExclusivelySoldInLuxembourg": false,
    "OrderUnit": "P",
    "ShortName": "CH HAUT BELIAN",
    "IsNew": false,
    "RecentQuanityOfStockUnits": "6,1",
    "LongName": "Château Haut Belian 75cl",
    "AlcoholVolume": "13",
    "FicCode": "E"
  },
  {
    "productId": "784010",
    "technicalArticleNumber": "4583034",
    "commercialArticleNumber": "8785",
    "name": "Fleurs de Prairie Provence Blanc",
    "description": "FRANKRIJK PROVENCE\nAroma's van witte bloemen, citrus\nen perzik. Fris aromatisch en mooi\nsappig. Ideaal bij tapas, apéro,\nvis en wit vlees.",
    "thumbNail": "https://static.colruytgroup.com/images/200x200/std.lang.all/86/95/asset-3268695.jpg",
    "fullImage": "https://static.colruytgroup.com/images/500x500/std.lang.all/86/95/asset-3268695.jpg",
    "squareImage": "https://static.colruytgroup.com/images/500x500sq/std.lang.all/86/95/asset-3268695.jpg",
    "content": "75cl",
    "walkRouteSequenceNumber": 160,
    "price": {
      "basicPrice": 8.49,
      "recommendedQuantity": "1.0",
      "quantityPrice": 8.15,
      "quantityPriceQuantity": "6.0",
      "measurementUnitPrice": 11.32,
      "measurementUnitQuantityPrice": 10.87,
      "measurementUnit": "L",
      "isRedPrice": false,
      "pricePerUOM": 11.32,
      "activationDate": "21-02-2024",
      "isPromoActive": "N",
      "priceChangeCode": "E",
      "quantityPricePerUOM": 10.87,
      "quantityActivationDate": "21-02-2024",
      "quantityPriceChangeCode": "E"
    },
    "isAvailable": true,
    "isPriceAvailable": true,
    "inPromo": true,
    "promotion": [
      {
        "techPromoId": "001120COLR",
        "promotionId": "001120",
        "promotionType": "3",
        "isPersonalized": "N",
        "publicationStartDate": "11-01-2024",
        "publicationEndDate": "10-05-2024"
      }
    ],
    "gtin": [
      "03500611203373",
      "03500610157301"
    ],
    "topCategoryName": "Wijn",
    "topCategoryId": "421",
    "businessDomain": "RETAIL_BE",
    "IsPrivateLabel": false,
    "IsBiffe": false,
    "WeightconversionFactor": "0",
    "IsWeightArticle": false,
    "IsBio": false,
    "CountryOfOrigin": "FRANKRIJK",
    "IsExclusivelySoldInLuxembourg": false,
    "OrderUnit": "P",
    "ShortName": "PROVENCE FLEUR BLANC",
    "InSeason": true,
    "IsNew": false,
    "RecentQuanityOfStockUnits": "1,6",
    "LongName": "Fleurs de Prairie Provence Blanc 75cl",
    "AlcoholVolume": "12.5",
    "StartSeasonDate": "10/07/2023",
    "FicCode": "E"
  },
  {
    "productId": "618864",
    "technicalArticleNumber": "4296459",
    "commercialArticleNumber": "17430",
    "name": "Artisan Bio Cuve 102 Languedoc",
    "description": "Carignan syrah et grenache du Langu.\nIdéal avec de la viande rouge,\nles plats en sauce et plats d'hiver\nGarde : 3 à 5 ans.",
    "thumbNail": "https://static.colruytgroup.com/images/200x200/std.lang.all/82/31/asset-2208231.jpg",
    "fullImage": "https://static.colruytgroup.com/images/500x500/std.lang.all/82/31/asset-2208231.jpg",
    "squareImage": "https://static.colruytgroup.com/images/500x500sq/std.lang.all/82/31/asset-2208231.jpg",
    "content": "75cl",
    "walkRouteSequenceNumber": 252,
    "price": {
      "basicPrice": 7.99,
      "recommendedQuantity": "1.0",
      "measurementUnitPrice": 10.66,
      "measurementUnit": "L",
      "isRedPrice": false,
      "pricePerUOM": 10.66,
      "activationDate": "13-03-2024",
      "isPromoActive": "Y",
      "priceChangeCode": "E"
    },
    "isAvailable": true,
    "isPriceAvailable": true,
    "inPromo": true,
    "promotion": [
      {
        "techPromoId": "100941COLR",
        "promotionId": "100941",
        "promotionType": "4",
        "isPersonalized": "N",
        "publicationStartDate": "13-03-2024",
        "publicationEndDate": "26-03-2024"
      }
    ],
    "gtin": [
      "03418230006124",
      "03418230006131"
    ],
    "topCategoryName": "Wijn",
    "topCategoryId": "421",
    "businessDomain": "RETAIL_BE",
    "IsPrivateLabel": false,
    "IsBiffe": false,
    "WeightconversionFactor": "0",
    "IsWeightArticle": false,
    "IsBio": true,
    "CountryOfOrigin": "FRANKRIJK",
    "IsExclusivelySoldInLuxembourg": false,
    "OrderUnit": "P",
    "ShortName": "ARTISAN BIO C102 75CL",
    "IsNew": false,
    "RecentQuanityOfStockUnits": "1,6",
    "LongName": "Artisan Bio Cuve 102 Languedoc 75cl",
    "AlcoholVolume": "13.5",
    "FicCode": "E"
  },
  {
    "productId": "94367",
    "technicalArticleNumber": "2852670",
    "commercialArticleNumber": "34398",
    "name": "Crémant de Bourgogne Bichot",
    "description": "FRANKRIJK CREMANT BRUT\nKlassevolle Crémant de Bourgogne op\nbasis van chardonnay & pinot noir.\nFijne belletjes et verfijnde smaak.Bij\naperitief, vis of zeevruchten.",
    "thumbNail": "https://static.colruytgroup.com/images/200x200/std.lang.all/66/01/asset-3276601.jpg",
    "fullImage": "https://static.colruytgroup.com/images/500x500/std.lang.all/66/01/asset-3276601.jpg",
    "squareImage": "https://static.colruytgroup.com/images/500x500sq/std.lang.all/66/01/asset-3276601.jpg",
    "content": "75cl",
    "walkRouteSequenceNumber": 466,
    "price": {
      "basicPrice": 13.99,
      "recommendedQuantity": "1.0",
      "measurementUnitPrice": 18.66,
      "measurementUnit": "L",
      "isRedPrice": true,
      "redPriceReason": "Promo",
      "referencePrice": 15.99,
      "retentionPeriod": 30,
      "pricePerUOM": 18.66,
      "activationDate": "13-03-2024",
      "isPromoActive": "Y",
      "priceChangeCode": "L"
    },
    "isAvailable": true,
    "isPriceAvailable": true,
    "inPromo": false,
    "gtin": [
      "03296311629093",
      "03296311129098"
    ],
    "topCategoryName": "Wijn",
    "topCategoryId": "421",
    "businessDomain": "RETAIL_BE",
    "IsPrivateLabel": false,
    "IsBiffe": false,
    "WeightconversionFactor": "0",
    "IsWeightArticle": false,
    "IsBio": false,
    "CountryOfOrigin": "BELGIË",
    "IsExclusivelySoldInLuxembourg": false,
    "OrderUnit": "P",
    "ShortName": "CREMANT BOURGOGNE BICHO",
    "IsNew": false,
    "RecentQuanityOfStockUnits": "1,6",
    "LongName": "Crémant de Bourgogne Bichot 75cl",
    "AlcoholVolume": "12",
    "FicCode": "E"
  },
  {
    "productId": "694962",
    "technicalArticleNumber": "4424037",
    "commercialArticleNumber": "25922",
    "name": "Mirestel IGP Gascogne blanc",
    "description": "FRANKRIJK VINS DE PAYS DROOG WIT\nZeer aangename, frisse en fruitige\nlandwijn, ideaal als aperitief,\nbij slaatjes.",
    "thumbNail": "https://static.colruytgroup.com/images/200x200/std.lang.all/42/19/asset-2434219.jpg",
    "fullImage": "https://static.colruytgroup.com/images/500x500/std.lang.all/42/19/asset-2434219.jpg",
    "squareImage": "https://static.colruytgroup.com/images/500x500sq/std.lang.all/42/19/asset-2434219.jpg",
    "content": "75cl",
    "walkRouteSequenceNumber": 172,
    "price": {
      "basicPrice": 4.75,
      "recommendedQuantity": "1.0",
      "quantityPrice": 4.56,
      "quantityPriceQuantity": "6.0",
      "measurementUnitPrice": 6.34,
      "measurementUnitQuantityPrice": 6.08,
      "measurementUnit": "L",
      "isRedPrice": false,
      "pricePerUOM": 6.34,
      "activationDate": "27-01-2023",
      "isPromoActive": "N",
      "priceChangeCode": "H",
      "quantityPricePerUOM": 6.08,
      "quantityActivationDate": "27-01-2023",
      "quantityPriceChangeCode": "H"
    },
    "isAvailable": true,
    "isPriceAvailable": true,
    "inPromo": false,
    "gtin": [
      "03270046008903",
      "03270046008910"
    ],
    "topCategoryName": "Wijn",
    "topCategoryId": "421",
    "businessDomain": "RETAIL_BE",
    "IsPrivateLabel": false,
    "IsBiffe": false,
    "WeightconversionFactor": "0",
    "IsWeightArticle": false,
    "IsBio": false,
    "CountryOfOrigin": "FRANKRIJK",
    "IsExclusivelySoldInLuxembourg": false,
    "OrderUnit": "P",
    "ShortName": "MIRESTEL FRAIS FRUITE",
    "IsNew": false,
    "RecentQuanityOfStockUnits": "6,1",
    "LongName": "Mirestel IGP Gascogne blanc 75cl",
    "AlcoholVolume": "11",
    "FicCode": "E"
  },
  {
    "productId": "759391",
    "technicalArticleNumber": "4536796",
    "commercialArticleNumber": "28249",
    "name": "Listrac",
    "description": "Cru Bourgeois exceptionnel.\nUit de A.O.P. Listrac in de Médoc.\nVaste waarde in ons assortiment\nkasteelwijnen.",
    "brand": "CHÂTEAU LESTAGE",
    "seoBrand": "Château Lestage",
    "thumbNail": "https://static.colruytgroup.com/images/200x200/std.lang.all/80/18/asset-3248018.jpg",
    "fullImage": "https://static.colruytgroup.com/images/500x500/std.lang.all/80/18/asset-3248018.jpg",
    "squareImage": "https://static.colruytgroup.com/images/500x500sq/std.lang.all/80/18/asset-3248018.jpg",
    "content": "75cl",
    "walkRouteSequenceNumber": 62,
    "price": {
      "basicPrice": 15.49,
      "recommendedQuantity": "1.0",
      "quantityPrice": 14.87,
      "quantityPriceQuantity": "6.0",
      "measurementUnitPrice": 20.66,
      "measurementUnitQuantityPrice": 19.83,
      "measurementUnit": "L",
      "isRedPrice": false,
      "pricePerUOM": 20.66,
      "activationDate": "13-03-2024",
      "isPromoActive": "N",
      "priceChangeCode": "E",
      "quantityPricePerUOM": 19.83,
      "quantityActivationDate": "13-03-2024",
      "quantityPriceChangeCode": "E"
    },
    "isAvailable": true,
    "isPriceAvailable": true,
    "inPromo": false,
    "gtin": [
      "03278111907021",
      "03278111901029",
      "03278111807024",
      "03278111801022"
    ],
    "topCategoryName": "Wijn",
    "topCategoryId": "421",
    "businessDomain": "RETAIL_BE",
    "IsPrivateLabel": false,
    "IsBiffe": false,
    "WeightconversionFactor": "0",
    "IsWeightArticle": false,
    "IsBio": false,
    "CountryOfOrigin": "FRANKRIJK",
    "IsExclusivelySoldInLuxembourg": false,
    "OrderUnit": "P",
    "ShortName": "CH LESTAGE LISTRAC 75CL",
    "IsNew": false,
    "EcoscoreLabel": "D",
    "RecentQuanityOfStockUnits": "1,6,1,6",
    "LongName": "CHÂTEAU LESTAGE Listrac 75cl",
    "AlcoholVolume": "14.5",
    "FicCode": "E",
    "EcoscoreValue": "22"
  },
  {
    "productId": "506748",
    "technicalArticleNumber": "4089737",
    "commercialArticleNumber": "8040",
    "name": "Cheverny Les Vieilles Serres",
    "description": "FRANKRIJK LOIRE DROOG WIT\nSappige en fruitige wijn. Ideaal bij\nschaal-en schelpdieren, geroosterde\nvis. Koud schenken.\nGoede combinatie met geitenkaas.",
    "thumbNail": "https://static.colruytgroup.com/images/200x200/std.lang.all/68/08/asset-2956808.jpg",
    "fullImage": "https://static.colruytgroup.com/images/500x500/std.lang.all/68/08/asset-2956808.jpg",
    "squareImage": "https://static.colruytgroup.com/images/500x500sq/std.lang.all/68/08/asset-2956808.jpg",
    "content": "75cl",
    "walkRouteSequenceNumber": 165,
    "price": {
      "basicPrice": 6.79,
      "recommendedQuantity": "1.0",
      "measurementUnitPrice": 9.06,
      "measurementUnit": "L",
      "isRedPrice": false,
      "pricePerUOM": 9.06,
      "activationDate": "13-03-2024",
      "recordSource": "Folder",
      "isPromoActive": "Y",
      "priceChangeCode": "E"
    },
    "isAvailable": true,
    "isPriceAvailable": true,
    "inPromo": false,
    "gtin": [
      "03514020000034",
      "03514020100031"
    ],
    "topCategoryName": "Wijn",
    "topCategoryId": "421",
    "businessDomain": "RETAIL_BE",
    "IsPrivateLabel": false,
    "IsBiffe": false,
    "WeightconversionFactor": "0",
    "IsWeightArticle": false,
    "IsBio": false,
    "CountryOfOrigin": "FRANKRIJK",
    "IsExclusivelySoldInLuxembourg": false,
    "OrderUnit": "P",
    "ShortName": "CHEVERNY VIEILLE SERRES",
    "IsNew": false,
    "RecentQuanityOfStockUnits": "1,6",
    "LongName": "Cheverny Les Vieilles Serres 75cl",
    "AlcoholVolume": "12.5",
    "FicCode": "E"
  },
  {
    "productId": "1162",
    "technicalArticleNumber": "17760",
    "commercialArticleNumber": "17760",
    "name": "Montauriol Fronton",
    "description": "FRANKRIJK ZUID-WEST ROOD\nSoepele rode wijn met intense kleur,\nfruitig en rijp boeket en aangename,\nfruitige en ronde smaak met karakter.\nKan 5 jaar bew. Rood vlees/kaas.",
    "thumbNail": "https://static.colruytgroup.com/images/200x200/std.lang.all/94/05/asset-1959405.jpg",
    "fullImage": "https://static.colruytgroup.com/images/500x500/std.lang.all/94/05/asset-1959405.jpg",
    "squareImage": "https://static.colruytgroup.com/images/500x500sq/std.lang.all/94/05/asset-1959405.jpg",
    "content": "75cl",
    "walkRouteSequenceNumber": 198,
    "price": {
      "basicPrice": 5.15,
      "recommendedQuantity": "1.0",
      "measurementUnitPrice": 6.87,
      "measurementUnit": "L",
      "isRedPrice": false,
      "pricePerUOM": 6.87,
      "activationDate": "12-03-2024",
      "recordSource": "Folder",
      "isPromoActive": "N",
      "priceChangeCode": "E"
    },
    "isAvailable": true,
    "isPriceAvailable": true,
    "inPromo": false,
    "gtin": [
      "03540320040753",
      "03540320046755",
      "03540322111147",
      "03540328011144",
      "35403200467554"
    ],
    "topCategoryName": "Wijn",
    "topCategoryId": "421",
    "businessDomain": "RETAIL_BE",
    "IsPrivateLabel": false,
    "IsBiffe": false,
    "WeightconversionFactor": "0",
    "IsWeightArticle": false,
    "IsBio": false,
    "CountryOfOrigin": "FRANKRIJK",
    "IsExclusivelySoldInLuxembourg": false,
    "OrderUnit": "P",
    "ShortName": "MONTAURIOL FRONTON",
    "IsNew": false,
    "RecentQuanityOfStockUnits": "1,6",
    "LongName": "Montauriol Fronton 75cl",
    "AlcoholVolume": "12.5",
    "FicCode": "E"
  },
  {
    "productId": "705556",
    "technicalArticleNumber": "4441415",
    "commercialArticleNumber": "26297",
    "name": "Sensi Tua Rosa rosato IGT Toscana",
    "description": "ITALIE TOSCANA ROSE\n100% sangiovese-druif.\nSappig, fris, licht rood fruit.",
    "thumbNail": "https://static.colruytgroup.com/images/200x200/std.lang.all/23/95/asset-2852395.jpg",
    "fullImage": "https://static.colruytgroup.com/images/500x500/std.lang.all/23/95/asset-2852395.jpg",
    "squareImage": "https://static.colruytgroup.com/images/500x500sq/std.lang.all/23/95/asset-2852395.jpg",
    "content": "75cl",
    "walkRouteSequenceNumber": 444,
    "price": {
      "basicPrice": 5.99,
      "recommendedQuantity": "1.0",
      "quantityPrice": 5.75,
      "quantityPriceQuantity": "6.0",
      "measurementUnitPrice": 7.99,
      "measurementUnitQuantityPrice": 7.67,
      "measurementUnit": "L",
      "isRedPrice": false,
      "pricePerUOM": 7.99,
      "activationDate": "28-03-2023",
      "isPromoActive": "N",
      "priceChangeCode": "H",
      "quantityPricePerUOM": 7.67,
      "quantityActivationDate": "28-03-2023",
      "quantityPriceChangeCode": "H"
    },
    "isAvailable": true,
    "isPriceAvailable": true,
    "inPromo": false,
    "gtin": [
      "08002477972615",
      "08002477872618"
    ],
    "topCategoryName": "Wijn",
    "topCategoryId": "421",
    "businessDomain": "RETAIL_BE",
    "IsPrivateLabel": false,
    "IsBiffe": false,
    "WeightconversionFactor": "0",
    "IsWeightArticle": false,
    "IsBio": false,
    "CountryOfOrigin": "ITALIË",
    "IsExclusivelySoldInLuxembourg": false,
    "OrderUnit": "P",
    "ShortName": "SENSI TUA ROSA ROSATO",
    "IsNew": false,
    "RecentQuanityOfStockUnits": "1,6",
    "LongName": "Sensi Tua Rosa rosato IGT Toscana 75cl",
    "AlcoholVolume": "12.5",
    "FicCode": "E"
  },
  {
    "productId": "15911",
    "technicalArticleNumber": "1462096",
    "commercialArticleNumber": "17217",
    "name": "Carmenere Old Vines Casa Mayor",
    "description": "CHILI ROOD KWALITEITSWIJN QQC\nDonkere kleur, intense geur van\nzwart fruit en rijpe paprika, kruiden\nGeconcentreerde smaak. Serveren bij\nkruidige en exotische (stoof)schotels",
    "thumbNail": "https://static.colruytgroup.com/images/200x200/std.lang.all/69/56/asset-346956.jpg",
    "fullImage": "https://static.colruytgroup.com/images/500x500/std.lang.all/69/56/asset-346956.jpg",
    "squareImage": "https://static.colruytgroup.com/images/500x500sq/std.lang.all/69/56/asset-346956.jpg",
    "content": "75cl",
    "walkRouteSequenceNumber": 391,
    "price": {
      "basicPrice": 5.65,
      "recommendedQuantity": "1.0",
      "quantityPrice": 5.42,
      "quantityPriceQuantity": "6.0",
      "measurementUnitPrice": 7.54,
      "measurementUnitQuantityPrice": 7.23,
      "measurementUnit": "L",
      "isRedPrice": false,
      "pricePerUOM": 7.54,
      "activationDate": "14-02-2024",
      "isPromoActive": "N",
      "priceChangeCode": "E",
      "quantityPricePerUOM": 7.23,
      "quantityActivationDate": "14-02-2024",
      "quantityPriceChangeCode": "E"
    },
    "isAvailable": true,
    "isPriceAvailable": true,
    "inPromo": false,
    "gtin": [
      "07804454001834",
      "17804454001831"
    ],
    "topCategoryName": "Wijn",
    "topCategoryId": "421",
    "businessDomain": "RETAIL_BE",
    "IsPrivateLabel": false,
    "IsBiffe": false,
    "WeightconversionFactor": "0",
    "IsWeightArticle": false,
    "IsBio": false,
    "CountryOfOrigin": "CHILI",
    "IsExclusivelySoldInLuxembourg": false,
    "OrderUnit": "P",
    "ShortName": "CASA MAYOR CARMENERE",
    "IsNew": false,
    "RecentQuanityOfStockUnits": "1,6",
    "LongName": "Carmenere Old Vines Casa Mayor 75cl",
    "AlcoholVolume": "14",
    "FicCode": "E"
  },
  {
    "productId": "306686",
    "technicalArticleNumber": "3751369",
    "commercialArticleNumber": "11971",
    "name": "Contarini Valdobbiadene Pros.DOCG",
    "description": "Fris, fruitig en bloemig, met\nmooi schuim. Elegant en niet te zoet\nwant Brut-versie.Perfect als aperitief\nof bij voorgerechten op basis van\nzeevruchten",
    "thumbNail": "https://static.colruytgroup.com/images/200x200/std.lang.all/78/49/asset-2317849.jpg",
    "fullImage": "https://static.colruytgroup.com/images/500x500/std.lang.all/78/49/asset-2317849.jpg",
    "squareImage": "https://static.colruytgroup.com/images/500x500sq/std.lang.all/78/49/asset-2317849.jpg",
    "content": "75cl",
    "walkRouteSequenceNumber": 688,
    "price": {
      "basicPrice": 8.49,
      "recommendedQuantity": "1.0",
      "measurementUnitPrice": 11.32,
      "measurementUnit": "L",
      "isRedPrice": false,
      "pricePerUOM": 11.32,
      "activationDate": "26-02-2024",
      "recordSource": "Offline",
      "isPromoActive": "N",
      "priceChangeCode": "H"
    },
    "isAvailable": true,
    "isPriceAvailable": true,
    "inPromo": false,
    "gtin": [
      "08005400848841",
      "08005400884849"
    ],
    "topCategoryName": "Wijn",
    "topCategoryId": "421",
    "businessDomain": "RETAIL_BE",
    "IsPrivateLabel": false,
    "IsBiffe": false,
    "WeightconversionFactor": "0",
    "IsWeightArticle": false,
    "IsBio": false,
    "CountryOfOrigin": "BELGIË",
    "IsExclusivelySoldInLuxembourg": false,
    "OrderUnit": "P",
    "ShortName": "CONTARINI PROSECCO DOCG",
    "IsNew": false,
    "RecentQuanityOfStockUnits": "1,6",
    "LongName": "Contarini Valdobbiadene Pros.DOCG 75cl",
    "AlcoholVolume": "11.5",
    "FicCode": "E"
  },
  {
    "productId": "104188",
    "technicalArticleNumber": "3119878",
    "commercialArticleNumber": "4380",
    "name": "Bellini Peach 8,0%vol",
    "description": "Verfrissende licht roze cocktail\nbrengt de sfeer van Venetie dichtbij.\nBestaat uit Martini Prosecco en witte\nperziken. Koel serveren met veel ijs\nen een stukje perzik",
    "brand": "MARTINI",
    "seoBrand": "Martini",
    "thumbNail": "https://static.colruytgroup.com/images/200x200/std.lang.all/21/87/asset-2192187.jpg",
    "fullImage": "https://static.colruytgroup.com/images/500x500/std.lang.all/21/87/asset-2192187.jpg",
    "squareImage": "https://static.colruytgroup.com/images/500x500sq/std.lang.all/21/87/asset-2192187.jpg",
    "content": "75cl",
    "walkRouteSequenceNumber": 677,
    "price": {
      "basicPrice": 7.79,
      "recommendedQuantity": "1.0",
      "measurementUnitPrice": 10.39,
      "measurementUnit": "L",
      "isRedPrice": false,
      "pricePerUOM": 10.39,
      "activationDate": "19-03-2024",
      "recordSource": "Offline",
      "isPromoActive": "N",
      "priceChangeCode": "E"
    },
    "isAvailable": true,
    "isPriceAvailable": true,
    "inPromo": false,
    "gtin": [
      "08000570746904",
      "08000570083306"
    ],
    "topCategoryName": "Wijn",
    "topCategoryId": "421",
    "businessDomain": "RETAIL_BE",
    "IsPrivateLabel": false,
    "IsBiffe": false,
    "WeightconversionFactor": "0",
    "IsWeightArticle": false,
    "IsBio": false,
    "CountryOfOrigin": "ITALIË",
    "IsExclusivelySoldInLuxembourg": false,
    "OrderUnit": "P",
    "ShortName": "MARTINI BELLINI 75CL",
    "IsNew": false,
    "EcoscoreLabel": "D",
    "RecentQuanityOfStockUnits": "1,6",
    "LongName": "MARTINI Bellini Peach 8,0%vol 75cl",
    "AlcoholVolume": "8",
    "FicCode": "E",
    "EcoscoreValue": "31"
  },
  {
    "productId": "126373",
    "technicalArticleNumber": "3206977",
    "commercialArticleNumber": "15878",
    "name": "Rasteau 'Les Peyrières'",
    "description": "FRANKRIJK RHONE ROOD\nPrachtige wijn met diepe kleur.\nFruitige en gestructureerde Rhône.\nIdeaal bij vlees,wild en kaas.\nBewaring: 1 à 2 jaar.",
    "thumbNail": "https://static.colruytgroup.com/images/200x200/std.lang.all/48/49/asset-3264849.jpg",
    "fullImage": "https://static.colruytgroup.com/images/500x500/std.lang.all/48/49/asset-3264849.jpg",
    "squareImage": "https://static.colruytgroup.com/images/500x500sq/std.lang.all/48/49/asset-3264849.jpg",
    "content": "75cl",
    "walkRouteSequenceNumber": 210,
    "price": {
      "basicPrice": 8.79,
      "recommendedQuantity": "1.0",
      "quantityPrice": 8.44,
      "quantityPriceQuantity": "6.0",
      "measurementUnitPrice": 11.72,
      "measurementUnitQuantityPrice": 11.26,
      "measurementUnit": "L",
      "isRedPrice": false,
      "pricePerUOM": 11.72,
      "activationDate": "18-03-2024",
      "recordSource": "Folder",
      "isPromoActive": "N",
      "priceChangeCode": "H",
      "quantityPricePerUOM": 11.26,
      "quantityActivationDate": "18-03-2024",
      "quantityPriceChangeCode": "L"
    },
    "isAvailable": true,
    "isPriceAvailable": true,
    "inPromo": false,
    "gtin": [
      "03271923115226",
      "03271923113222"
    ],
    "topCategoryName": "Wijn",
    "topCategoryId": "421",
    "businessDomain": "RETAIL_BE",
    "IsPrivateLabel": false,
    "IsBiffe": false,
    "WeightconversionFactor": "0",
    "IsWeightArticle": false,
    "IsBio": false,
    "CountryOfOrigin": "BELGIË",
    "IsExclusivelySoldInLuxembourg": false,
    "OrderUnit": "P",
    "ShortName": "RASTEAU PEYRIERES",
    "IsNew": false,
    "RecentQuanityOfStockUnits": "1,6",
    "LongName": "Rasteau 'Les Peyrières' 75cl",
    "AlcoholVolume": "14.5",
    "FicCode": "E"
  },
  {
    "productId": "754004",
    "technicalArticleNumber": "4527913",
    "commercialArticleNumber": "1211",
    "name": "Château Côtes de Blaignan",
    "description": "Cru bourgeois Médoc.\nSoepele, doch krachtige wijn\nmet rijpe taninnes.",
    "thumbNail": "https://static.colruytgroup.com/images/200x200/std.lang.all/89/69/asset-2728969.jpg",
    "fullImage": "https://static.colruytgroup.com/images/500x500/std.lang.all/89/69/asset-2728969.jpg",
    "squareImage": "https://static.colruytgroup.com/images/500x500sq/std.lang.all/89/69/asset-2728969.jpg",
    "content": "75cl",
    "walkRouteSequenceNumber": 58,
    "price": {
      "basicPrice": 7.99,
      "recommendedQuantity": "1.0",
      "measurementUnitPrice": 10.66,
      "measurementUnit": "L",
      "isRedPrice": false,
      "pricePerUOM": 10.66,
      "activationDate": "14-03-2024",
      "recordSource": "Offline",
      "isPromoActive": "N",
      "priceChangeCode": "E"
    },
    "isAvailable": true,
    "isPriceAvailable": true,
    "inPromo": false,
    "gtin": [
      "03258690009897",
      "03258690009880"
    ],
    "topCategoryName": "Wijn",
    "topCategoryId": "421",
    "businessDomain": "RETAIL_BE",
    "IsPrivateLabel": false,
    "IsBiffe": false,
    "WeightconversionFactor": "0",
    "IsWeightArticle": false,
    "IsBio": false,
    "CountryOfOrigin": "FRANKRIJK",
    "IsExclusivelySoldInLuxembourg": false,
    "OrderUnit": "P",
    "ShortName": "CH COTES BLAIGNAN",
    "IsNew": false,
    "RecentQuanityOfStockUnits": "1,6",
    "LongName": "Château Côtes de Blaignan 75cl",
    "AlcoholVolume": "14",
    "FicCode": "E"
  },
  {
    "productId": "150345",
    "technicalArticleNumber": "3329907",
    "commercialArticleNumber": "20705",
    "name": "Sélection demi-sec",
    "description": "Méthode traditionnelle composée de\nChardonnay, Pinot Blanc & Chenin\nConditionnement bouteille \"champagne \"\nRobe jaune clair avec reflets\nBrillants , fines bulles",
    "brand": "BERNARD MASSARD",
    "seoBrand": "Bernard Massard",
    "thumbNail": "https://static.colruytgroup.com/images/200x200/std.lang.all/08/00/asset-630800.jpg",
    "fullImage": "https://static.colruytgroup.com/images/500x500/std.lang.all/08/00/asset-630800.jpg",
    "squareImage": "https://static.colruytgroup.com/images/500x500sq/std.lang.all/08/00/asset-630800.jpg",
    "content": "75cl",
    "walkRouteSequenceNumber": 511,
    "price": {
      "basicPrice": 10.99,
      "recommendedQuantity": "1.0",
      "measurementUnitPrice": 14.66,
      "measurementUnit": "L",
      "isRedPrice": false,
      "pricePerUOM": 14.66,
      "activationDate": "13-03-2024",
      "isPromoActive": "Y",
      "priceChangeCode": "E"
    },
    "isAvailable": true,
    "isPriceAvailable": true,
    "inPromo": false,
    "gtin": [
      "25450013110101",
      "05450013110107",
      "05450013110817"
    ],
    "topCategoryName": "Wijn",
    "topCategoryId": "421",
    "businessDomain": "RETAIL_BE",
    "IsPrivateLabel": false,
    "IsBiffe": false,
    "WeightconversionFactor": "0",
    "IsWeightArticle": false,
    "IsBio": false,
    "CountryOfOrigin": "LUXEMBURG",
    "IsExclusivelySoldInLuxembourg": false,
    "OrderUnit": "P",
    "ShortName": "BERNARD MAS DEMI S 75CL",
    "IsNew": false,
    "EcoscoreLabel": "D",
    "RecentQuanityOfStockUnits": "6,1",
    "LongName": "BERNARD MASSARD Sélection demi-sec 75cl",
    "AlcoholVolume": "11",
    "FicCode": "E",
    "EcoscoreValue": "23"
  },
  {
    "productId": "661296",
    "technicalArticleNumber": "4367144",
    "commercialArticleNumber": "24132",
    "name": "Prosecco DOC rosé Brut Ruggeri",
    "description": "Prosecco rosé geproduceerd door het\nberoemde huis Ruggeri, Gem. van Glera\nen Pinot noir. Perfect bij aperitief\nof met een fruit dessert",
    "thumbNail": "https://static.colruytgroup.com/images/200x200/std.lang.all/45/79/asset-2314579.jpg",
    "fullImage": "https://static.colruytgroup.com/images/500x500/std.lang.all/45/79/asset-2314579.jpg",
    "squareImage": "https://static.colruytgroup.com/images/500x500sq/std.lang.all/45/79/asset-2314579.jpg",
    "content": "75cl",
    "walkRouteSequenceNumber": 695,
    "price": {
      "basicPrice": 9.99,
      "recommendedQuantity": "1.0",
      "measurementUnitPrice": 13.32,
      "measurementUnit": "L",
      "isRedPrice": false,
      "pricePerUOM": 13.32,
      "activationDate": "31-01-2024",
      "isPromoActive": "N",
      "priceChangeCode": "E"
    },
    "isAvailable": true,
    "isPriceAvailable": true,
    "inPromo": true,
    "promotion": [
      {
        "techPromoId": "001003COLR",
        "promotionId": "001003",
        "promotionType": "3",
        "isPersonalized": "N",
        "publicationStartDate": "18-03-2024",
        "publicationEndDate": "19-04-2024"
      }
    ],
    "gtin": [
      "08010391010658",
      "08010391010696",
      "08010391010979",
      "08010391011266"
    ],
    "topCategoryName": "Wijn",
    "topCategoryId": "421",
    "businessDomain": "RETAIL_BE",
    "IsPrivateLabel": false,
    "IsBiffe": false,
    "WeightconversionFactor": "0",
    "IsWeightArticle": false,
    "IsBio": false,
    "CountryOfOrigin": "ITALIË",
    "IsExclusivelySoldInLuxembourg": false,
    "OrderUnit": "P",
    "ShortName": "PROSECCO ROSE RUGGERI",
    "IsNew": false,
    "RecentQuanityOfStockUnits": "1,6",
    "LongName": "Prosecco DOC rosé Brut Ruggeri 75cl",
    "AlcoholVolume": "11.5",
    "FicCode": "E"
  },
  {
    "productId": "142",
    "technicalArticleNumber": "17077",
    "commercialArticleNumber": "17077",
    "name": "Muscadet la Chapelle",
    "description": "FRANKRIJK LOIRE DROOG WIT\nSèvre-et-Maine sur lie (vanuit het vat\ngebotteld, zonder bezinksel te verwij-\nderen). Droge, fijne wijn met goede\naciditeit. Koel serveren bij vis. QAA",
    "thumbNail": "https://static.colruytgroup.com/images/200x200/std.lang.all/47/67/asset-1714767.jpg",
    "fullImage": "https://static.colruytgroup.com/images/500x500/std.lang.all/47/67/asset-1714767.jpg",
    "squareImage": "https://static.colruytgroup.com/images/500x500sq/std.lang.all/47/67/asset-1714767.jpg",
    "content": "75cl",
    "walkRouteSequenceNumber": 170,
    "price": {
      "basicPrice": 6.59,
      "recommendedQuantity": "1.0",
      "quantityPrice": 6.33,
      "quantityPriceQuantity": "6.0",
      "measurementUnitPrice": 8.79,
      "measurementUnitQuantityPrice": 8.44,
      "measurementUnit": "L",
      "isRedPrice": true,
      "redPriceReason": "Promo",
      "referencePrice": 7.49,
      "retentionPeriod": 30,
      "pricePerUOM": 8.79,
      "activationDate": "13-03-2024",
      "isPromoActive": "Y",
      "priceChangeCode": "L",
      "quantityPricePerUOM": 8.44,
      "quantityActivationDate": "13-03-2024",
      "quantityPriceChangeCode": "L"
    },
    "isAvailable": true,
    "isPriceAvailable": true,
    "inPromo": false,
    "gtin": [
      "03279870001128",
      "03279870614434",
      "03279872001126",
      "03279872614432"
    ],
    "topCategoryName": "Wijn",
    "topCategoryId": "421",
    "businessDomain": "RETAIL_BE",
    "IsPrivateLabel": false,
    "IsBiffe": false,
    "WeightconversionFactor": "0",
    "IsWeightArticle": false,
    "IsBio": false,
    "CountryOfOrigin": "LETLAND",
    "IsExclusivelySoldInLuxembourg": false,
    "OrderUnit": "P",
    "ShortName": "MUSCADET CHAPELLE",
    "IsNew": false,
    "EcoscoreLabel": "D",
    "RecentQuanityOfStockUnits": "6,6,1,1",
    "LongName": "Muscadet la Chapelle 75cl",
    "AlcoholVolume": "12",
    "FicCode": "E",
    "EcoscoreValue": "23"
  },
  {
    "productId": "12414",
    "technicalArticleNumber": "1225484",
    "commercialArticleNumber": "17480",
    "name": "Bordeaux Supérieur",
    "description": "FRANKRIJK BORDEAUX ROOD\nGecorseerde, soepele en vlezige wijn\nmet karakter, lichte tannine. Jong en\nfruitig, aanbevolen bij vlees, kaas.\nBewaring: 3 à 6 jaar.",
    "brand": "CH.CROIX ST-ANNE",
    "seoBrand": "Château La Croix Saint-Anne",
    "thumbNail": "https://static.colruytgroup.com/images/200x200/std.lang.all/07/98/asset-390798.jpg",
    "fullImage": "https://static.colruytgroup.com/images/500x500/std.lang.all/07/98/asset-390798.jpg",
    "squareImage": "https://static.colruytgroup.com/images/500x500sq/std.lang.all/07/98/asset-390798.jpg",
    "content": "75cl",
    "walkRouteSequenceNumber": 138,
    "price": {
      "basicPrice": 7.49,
      "recommendedQuantity": "1.0",
      "quantityPrice": 6.89,
      "quantityPriceQuantity": "6.0",
      "measurementUnitPrice": 9.99,
      "measurementUnitQuantityPrice": 9.19,
      "measurementUnit": "L",
      "isRedPrice": false,
      "pricePerUOM": 9.99,
      "activationDate": "17-02-2024",
      "isPromoActive": "N",
      "priceChangeCode": "E",
      "quantityPricePerUOM": 9.19,
      "quantityActivationDate": "17-02-2024",
      "quantityPriceChangeCode": "E"
    },
    "isAvailable": true,
    "isPriceAvailable": true,
    "inPromo": false,
    "gtin": [
      "03191740200595",
      "03517201300169",
      "03517201300015",
      "03517201000014",
      "03517200900018",
      "03191740100161"
    ],
    "topCategoryName": "Wijn",
    "topCategoryId": "421",
    "businessDomain": "RETAIL_BE",
    "IsPrivateLabel": false,
    "IsBiffe": false,
    "WeightconversionFactor": "0",
    "IsWeightArticle": false,
    "IsBio": false,
    "CountryOfOrigin": "FRANKRIJK",
    "IsExclusivelySoldInLuxembourg": false,
    "OrderUnit": "P",
    "ShortName": "CH LA CROIX ST ANNE",
    "IsNew": false,
    "RecentQuanityOfStockUnits": "1,6",
    "LongName": "CH.CROIX ST-ANNE Bordeaux Supérieur 75cl",
    "AlcoholVolume": "12.5",
    "FicCode": "E"
  },
  {
    "productId": "508280",
    "technicalArticleNumber": "4089758",
    "commercialArticleNumber": "8041",
    "name": "Fanfinette Côtes du Rhône wit schr",
    "description": "FRANKRIJK RHONE DROOG WIT\nFruitige en florale neus. Soepele\nsmaak.Fris serveren als aperitief,bij\nslaatjes en visschotels.",
    "thumbNail": "https://static.colruytgroup.com/images/200x200/std.lang.all/11/44/asset-2531144.jpg",
    "fullImage": "https://static.colruytgroup.com/images/500x500/std.lang.all/11/44/asset-2531144.jpg",
    "squareImage": "https://static.colruytgroup.com/images/500x500sq/std.lang.all/11/44/asset-2531144.jpg",
    "content": "75cl",
    "walkRouteSequenceNumber": 163,
    "price": {
      "basicPrice": 4.48,
      "recommendedQuantity": "1.0",
      "measurementUnitPrice": 5.98,
      "measurementUnit": "L",
      "isRedPrice": true,
      "redPriceReason": "Promo",
      "referencePrice": 4.99,
      "retentionPeriod": 30,
      "pricePerUOM": 5.98,
      "activationDate": "13-03-2024",
      "isPromoActive": "Y",
      "priceChangeCode": "L"
    },
    "isAvailable": true,
    "isPriceAvailable": true,
    "inPromo": false,
    "gtin": [
      "15400141283669",
      "05400141283662"
    ],
    "topCategoryName": "Wijn",
    "topCategoryId": "421",
    "businessDomain": "RETAIL_BE",
    "IsPrivateLabel": false,
    "IsBiffe": false,
    "WeightconversionFactor": "0",
    "IsWeightArticle": false,
    "IsBio": false,
    "CountryOfOrigin": "FRANKRIJK",
    "IsExclusivelySoldInLuxembourg": false,
    "OrderUnit": "P",
    "ShortName": "FANFINETTE RHONE WIT",
    "IsNew": false,
    "EcoscoreLabel": "D",
    "RecentQuanityOfStockUnits": "1,6",
    "LongName": "Fanfinette Côtes du Rhône wit schr 75cl",
    "AlcoholVolume": "13.5",
    "FicCode": "I",
    "EcoscoreValue": "35"
  },
  {
    "productId": "28371",
    "technicalArticleNumber": "2186457",
    "commercialArticleNumber": "18000",
    "name": "Chianti BIO Antico di Burchino",
    "description": "ITALIE ROOD\nItaliaanse frisfruitige,droge en\nsappige wijn zonder harde kantjes.\nGeschikt bij pasta, geroosterd vlees\nen stoofpotjes.",
    "thumbNail": "https://static.colruytgroup.com/images/200x200/std.lang.all/55/92/asset-665592.jpg",
    "fullImage": "https://static.colruytgroup.com/images/500x500/std.lang.all/55/92/asset-665592.jpg",
    "squareImage": "https://static.colruytgroup.com/images/500x500sq/std.lang.all/55/92/asset-665592.jpg",
    "content": "75cl",
    "walkRouteSequenceNumber": 316,
    "price": {
      "basicPrice": 6.85,
      "recommendedQuantity": "1.0",
      "quantityPrice": 6.58,
      "quantityPriceQuantity": "6.0",
      "measurementUnitPrice": 9.14,
      "measurementUnitQuantityPrice": 8.78,
      "measurementUnit": "L",
      "isRedPrice": false,
      "pricePerUOM": 9.14,
      "activationDate": "03-01-2024",
      "isPromoActive": "N",
      "priceChangeCode": "H",
      "quantityPricePerUOM": 8.78,
      "quantityActivationDate": "03-01-2024",
      "quantityPriceChangeCode": "H"
    },
    "isAvailable": true,
    "isPriceAvailable": true,
    "inPromo": false,
    "gtin": [
      "08002153999493",
      "08002153200681"
    ],
    "topCategoryName": "Wijn",
    "topCategoryId": "421",
    "businessDomain": "RETAIL_BE",
    "IsPrivateLabel": false,
    "IsBiffe": false,
    "WeightconversionFactor": "0",
    "IsWeightArticle": false,
    "IsBio": true,
    "CountryOfOrigin": "ITALIË",
    "IsExclusivelySoldInLuxembourg": false,
    "OrderUnit": "P",
    "ShortName": "BIO CHIANTI",
    "IsNew": false,
    "EcoscoreLabel": "B",
    "RecentQuanityOfStockUnits": "6,1",
    "LongName": "Chianti BIO Antico di Burchino 75cl",
    "AlcoholVolume": "12",
    "FicCode": "E",
    "EcoscoreValue": "60"
  },
  {
    "productId": "708836",
    "technicalArticleNumber": "4449076",
    "commercialArticleNumber": "26363",
    "name": "Cinsault-Grenache BIB",
    "description": "FRANKRIJK I.G.P. OC rosé\nFrisse, droge en fruitige rosé wijn\nvan cinsault en grenache.\nZomers aperitief, bij vis op de BBQ,\nfrisse slaatjes. Jong drinken.",
    "brand": "DUC DE LERME",
    "seoBrand": "Duc de Lerme",
    "thumbNail": "https://static.colruytgroup.com/images/200x200/std.lang.all/71/39/asset-2827139.jpg",
    "fullImage": "https://static.colruytgroup.com/images/500x500/std.lang.all/71/39/asset-2827139.jpg",
    "squareImage": "https://static.colruytgroup.com/images/500x500sq/std.lang.all/71/39/asset-2827139.jpg",
    "content": "3L",
    "walkRouteSequenceNumber": 3,
    "price": {
      "basicPrice": 14.5,
      "recommendedQuantity": "1.0",
      "quantityPrice": 13.34,
      "quantityPriceQuantity": "3.0",
      "measurementUnitPrice": 4.84,
      "measurementUnitQuantityPrice": 4.45,
      "measurementUnit": "L",
      "isRedPrice": false,
      "pricePerUOM": 4.84,
      "activationDate": "14-03-2024",
      "isPromoActive": "N",
      "priceChangeCode": "H",
      "quantityPricePerUOM": 4.45,
      "quantityActivationDate": "14-03-2024",
      "quantityPriceChangeCode": "H"
    },
    "isAvailable": true,
    "isPriceAvailable": true,
    "inPromo": false,
    "gtin": [
      "05400141777888"
    ],
    "topCategoryName": "Wijn",
    "topCategoryId": "421",
    "businessDomain": "RETAIL_BE",
    "IsPrivateLabel": true,
    "IsBiffe": false,
    "WeightconversionFactor": "0",
    "IsWeightArticle": false,
    "IsBio": false,
    "CountryOfOrigin": "FRANKRIJK",
    "IsExclusivelySoldInLuxembourg": false,
    "OrderUnit": "P",
    "ShortName": "LERM ROSE BIB 3L",
    "InSeason": true,
    "IsNew": false,
    "RecentQuanityOfStockUnits": "1",
    "LongName": "DUC DE LERME Cinsault-Grenache BIB 3L",
    "AlcoholVolume": "12.5",
    "StartSeasonDate": "05/09/2022",
    "FicCode": "I"
  },
  {
    "productId": "283774",
    "technicalArticleNumber": "3663448",
    "commercialArticleNumber": "40964",
    "name": "Sangiovese Bio IGT Marche",
    "description": "Italië. Rode wijn uit Marche op basis\nvan de Sangiovese druif. Rood fruit en\nkruiden/aroma's. Ideaal bij Italiaanse\nof vegetarische gerechten.",
    "thumbNail": "https://static.colruytgroup.com/images/200x200/std.lang.all/50/63/asset-1435063.jpg",
    "fullImage": "https://static.colruytgroup.com/images/500x500/std.lang.all/50/63/asset-1435063.jpg",
    "squareImage": "https://static.colruytgroup.com/images/500x500sq/std.lang.all/50/63/asset-1435063.jpg",
    "content": "75cl",
    "walkRouteSequenceNumber": 338,
    "price": {
      "basicPrice": 5.75,
      "recommendedQuantity": "1.0",
      "quantityPrice": 5.52,
      "quantityPriceQuantity": "6.0",
      "measurementUnitPrice": 7.67,
      "measurementUnitQuantityPrice": 7.36,
      "measurementUnit": "L",
      "isRedPrice": false,
      "pricePerUOM": 7.67,
      "activationDate": "17-11-2023",
      "isPromoActive": "N",
      "priceChangeCode": "E",
      "quantityPricePerUOM": 7.36,
      "quantityActivationDate": "17-11-2023",
      "quantityPriceChangeCode": "E"
    },
    "isAvailable": true,
    "isPriceAvailable": true,
    "inPromo": false,
    "gtin": [
      "08020605385373",
      "08020605385366"
    ],
    "topCategoryName": "Wijn",
    "topCategoryId": "421",
    "businessDomain": "RETAIL_BE",
    "IsPrivateLabel": false,
    "IsBiffe": false,
    "WeightconversionFactor": "0",
    "IsWeightArticle": false,
    "IsBio": true,
    "CountryOfOrigin": "ITALIË",
    "IsExclusivelySoldInLuxembourg": false,
    "OrderUnit": "P",
    "ShortName": "SANGIOVESE BIO MARCHE",
    "IsNew": false,
    "RecentQuanityOfStockUnits": "1,6",
    "LongName": "Sangiovese Bio IGT Marche 75cl",
    "AlcoholVolume": "13",
    "FicCode": "E"
  },
  {
    "productId": "1145",
    "technicalArticleNumber": "17200",
    "commercialArticleNumber": "17200",
    "name": "Chili Casa Mayor Cabernet sauvignon",
    "description": "CHILI ROOD KWALITEITSWIJN\nKrachtige en karaktervolle wijn.\nFruitig, kruidig en tanninehoudend.\nKan jong gedronken worden, bij krui-\ndige vleesschotels en kaaskeuze. QQC",
    "thumbNail": "https://static.colruytgroup.com/images/200x200/std.lang.all/94/06/asset-349406.jpg",
    "fullImage": "https://static.colruytgroup.com/images/500x500/std.lang.all/94/06/asset-349406.jpg",
    "squareImage": "https://static.colruytgroup.com/images/500x500sq/std.lang.all/94/06/asset-349406.jpg",
    "content": "75cl",
    "walkRouteSequenceNumber": 393,
    "price": {
      "basicPrice": 5.65,
      "recommendedQuantity": "1.0",
      "quantityPrice": 5.42,
      "quantityPriceQuantity": "6.0",
      "measurementUnitPrice": 7.54,
      "measurementUnitQuantityPrice": 7.23,
      "measurementUnit": "L",
      "isRedPrice": false,
      "pricePerUOM": 7.54,
      "activationDate": "14-02-2024",
      "isPromoActive": "N",
      "priceChangeCode": "E",
      "quantityPricePerUOM": 7.23,
      "quantityActivationDate": "14-02-2024",
      "quantityPriceChangeCode": "E"
    },
    "isAvailable": true,
    "isPriceAvailable": true,
    "inPromo": false,
    "gtin": [
      "07804454002107",
      "27804454002101"
    ],
    "topCategoryName": "Wijn",
    "topCategoryId": "421",
    "businessDomain": "RETAIL_BE",
    "IsPrivateLabel": false,
    "IsBiffe": false,
    "WeightconversionFactor": "0",
    "IsWeightArticle": false,
    "IsBio": false,
    "CountryOfOrigin": "CHILI",
    "IsExclusivelySoldInLuxembourg": false,
    "OrderUnit": "P",
    "ShortName": "CASA MAYOR CABERN SAUV",
    "InSeason": true,
    "IsNew": false,
    "RecentQuanityOfStockUnits": "6,1",
    "LongName": "Chili Casa Mayor Cabernet sauvignon 75cl",
    "AlcoholVolume": "13.5",
    "StartSeasonDate": "15/04/2006",
    "FicCode": "E"
  },
  {
    "productId": "176037",
    "technicalArticleNumber": "3342312",
    "commercialArticleNumber": "6549",
    "name": "Crémant Bourgogne brut",
    "description": "CREMANT DE BOURGOGNE GRANDE CUVEE\nBLANC BRUT",
    "brand": "VEUVE AMBAL",
    "seoBrand": "Veuve Ambal",
    "thumbNail": "https://static.colruytgroup.com/images/200x200/std.lang.all/67/15/asset-2956715.jpg",
    "fullImage": "https://static.colruytgroup.com/images/500x500/std.lang.all/67/15/asset-2956715.jpg",
    "squareImage": "https://static.colruytgroup.com/images/500x500sq/std.lang.all/67/15/asset-2956715.jpg",
    "content": "75cl",
    "walkRouteSequenceNumber": 527,
    "price": {
      "basicPrice": 11.99,
      "recommendedQuantity": "1.0",
      "measurementUnitPrice": 15.99,
      "measurementUnit": "L",
      "isRedPrice": false,
      "pricePerUOM": 15.99,
      "activationDate": "17-01-2024",
      "isPromoActive": "N",
      "priceChangeCode": "H"
    },
    "isAvailable": true,
    "isPriceAvailable": true,
    "inPromo": false,
    "gtin": [
      "03299641001072",
      "03299641100010"
    ],
    "topCategoryName": "Wijn",
    "topCategoryId": "421",
    "businessDomain": "RETAIL_BE",
    "IsPrivateLabel": false,
    "IsBiffe": false,
    "WeightconversionFactor": "0",
    "IsWeightArticle": false,
    "IsBio": false,
    "CountryOfOrigin": "BELGIË",
    "IsExclusivelySoldInLuxembourg": false,
    "OrderUnit": "P",
    "ShortName": "V.AMB GDE CUVEE BOUR 75",
    "IsNew": false,
    "RecentQuanityOfStockUnits": "6,1",
    "LongName": "VEUVE AMBAL Crémant Bourgogne brut 75cl",
    "AlcoholVolume": "12",
    "FicCode": "E"
  },
  {
    "productId": "782569",
    "technicalArticleNumber": "4580012",
    "commercialArticleNumber": "3804",
    "name": "Ventoux rood",
    "description": "FRANKRIJK ZUIDEN ROOD\nWijn uit de Ventoux-streek.\nSappig , rijpe kers, zon in je glas.",
    "brand": "LA FANFINETTE",
    "seoBrand": "La Fanfinette",
    "thumbNail": "https://static.colruytgroup.com/images/200x200/std.lang.all/92/43/asset-3429243.jpg",
    "fullImage": "https://static.colruytgroup.com/images/500x500/std.lang.all/92/43/asset-3429243.jpg",
    "squareImage": "https://static.colruytgroup.com/images/500x500sq/std.lang.all/92/43/asset-3429243.jpg",
    "content": "75cl",
    "walkRouteSequenceNumber": 270,
    "price": {
      "basicPrice": 4.35,
      "recommendedQuantity": "1.0",
      "measurementUnitPrice": 5.8,
      "measurementUnit": "L",
      "isRedPrice": false,
      "pricePerUOM": 5.8,
      "activationDate": "12-03-2024",
      "recordSource": "Folder",
      "isPromoActive": "N",
      "priceChangeCode": "L"
    },
    "isAvailable": true,
    "isPriceAvailable": true,
    "inPromo": true,
    "promotion": [
      {
        "techPromoId": "001120COLR",
        "promotionId": "001120",
        "promotionType": "3",
        "isPersonalized": "N",
        "publicationStartDate": "11-01-2024",
        "publicationEndDate": "10-05-2024"
      }
    ],
    "gtin": [
      "15400141554486",
      "05400141554489"
    ],
    "topCategoryName": "Wijn",
    "topCategoryId": "421",
    "businessDomain": "RETAIL_BE",
    "IsPrivateLabel": true,
    "IsBiffe": false,
    "WeightconversionFactor": "0",
    "IsWeightArticle": false,
    "IsBio": false,
    "CountryOfOrigin": "BELGIË",
    "IsExclusivelySoldInLuxembourg": false,
    "OrderUnit": "P",
    "ShortName": "LA FANFINETTE ROOD SCHR",
    "IsNew": false,
    "EcoscoreLabel": "D",
    "RecentQuanityOfStockUnits": "6,1",
    "LongName": "LA FANFINETTE Ventoux rood 75cl",
    "AlcoholVolume": "13.75",
    "FicCode": "I",
    "EcoscoreValue": "22"
  },
  {
    "productId": "51150",
    "technicalArticleNumber": "2169234",
    "commercialArticleNumber": "17712",
    "name": "Cava Rosado",
    "description": "Rosé cava gemaakt van 100% Trepat\ndruif. Veel rood fruit in de mond,\nfijne pareling, elegant in de afdronk\nFeestelijk aperitief maar ook gepast\nvoor kreeft en salades met zeevruchten",
    "brand": "MAS PERE",
    "seoBrand": "Mas Pere",
    "thumbNail": "https://static.colruytgroup.com/images/200x200/std.lang.all/01/85/asset-660185.jpg",
    "fullImage": "https://static.colruytgroup.com/images/500x500/std.lang.all/01/85/asset-660185.jpg",
    "squareImage": "https://static.colruytgroup.com/images/500x500sq/std.lang.all/01/85/asset-660185.jpg",
    "content": "75cl",
    "walkRouteSequenceNumber": 519,
    "price": {
      "basicPrice": 8.99,
      "recommendedQuantity": "1.0",
      "quantityPrice": 8.63,
      "quantityPriceQuantity": "6.0",
      "measurementUnitPrice": 11.99,
      "measurementUnitQuantityPrice": 11.51,
      "measurementUnit": "L",
      "isRedPrice": false,
      "pricePerUOM": 11.99,
      "activationDate": "03-01-2024",
      "isPromoActive": "N",
      "priceChangeCode": "H",
      "quantityPricePerUOM": 11.51,
      "quantityActivationDate": "03-01-2024",
      "quantityPriceChangeCode": "H"
    },
    "isAvailable": true,
    "isPriceAvailable": true,
    "inPromo": false,
    "gtin": [
      "08426998257066",
      "08426998257752"
    ],
    "topCategoryName": "Wijn",
    "topCategoryId": "421",
    "businessDomain": "RETAIL_BE",
    "IsPrivateLabel": false,
    "IsBiffe": false,
    "WeightconversionFactor": "0",
    "IsWeightArticle": false,
    "IsBio": false,
    "CountryOfOrigin": "SPANJE",
    "IsExclusivelySoldInLuxembourg": false,
    "OrderUnit": "P",
    "ShortName": "RE MAS PERE CAVA ROSE75",
    "InSeason": true,
    "IsNew": false,
    "RecentQuanityOfStockUnits": "6,1",
    "LongName": "MAS PERE Cava Rosado 75cl",
    "AlcoholVolume": "11.5",
    "StartSeasonDate": "18/09/2009",
    "FicCode": "E"
  },
  {
    "productId": "635125",
    "technicalArticleNumber": "4323854",
    "commercialArticleNumber": "17146",
    "name": "Rioja Torrealdea Crianza",
    "description": "SPANJE ROOD",
    "thumbNail": "https://static.colruytgroup.com/images/200x200/std.lang.all/29/74/asset-2412974.jpg",
    "fullImage": "https://static.colruytgroup.com/images/500x500/std.lang.all/29/74/asset-2412974.jpg",
    "squareImage": "https://static.colruytgroup.com/images/500x500sq/std.lang.all/29/74/asset-2412974.jpg",
    "content": "75cl",
    "walkRouteSequenceNumber": 320,
    "price": {
      "basicPrice": 4.99,
      "recommendedQuantity": "1.0",
      "measurementUnitPrice": 6.66,
      "measurementUnit": "L",
      "isRedPrice": false,
      "pricePerUOM": 6.66,
      "activationDate": "16-03-2024",
      "recordSource": "Offline",
      "isPromoActive": "N",
      "priceChangeCode": "H"
    },
    "isAvailable": true,
    "isPriceAvailable": true,
    "inPromo": false,
    "gtin": [
      "28423513002921",
      "08423513000183"
    ],
    "topCategoryName": "Wijn",
    "topCategoryId": "421",
    "businessDomain": "RETAIL_BE",
    "IsPrivateLabel": false,
    "IsBiffe": false,
    "WeightconversionFactor": "0",
    "IsWeightArticle": false,
    "IsBio": false,
    "CountryOfOrigin": "SPANJE",
    "IsExclusivelySoldInLuxembourg": false,
    "OrderUnit": "P",
    "ShortName": "RIOJA TORREALDEA CRIANZ",
    "IsNew": false,
    "EcoscoreLabel": "C",
    "RecentQuanityOfStockUnits": "1,6",
    "LongName": "Rioja Torrealdea Crianza 75cl",
    "AlcoholVolume": "14",
    "FicCode": "E",
    "EcoscoreValue": "45"
  },
  {
    "productId": "595235",
    "technicalArticleNumber": "4256662",
    "commercialArticleNumber": "22246",
    "name": "roséwijn Bio",
    "description": "Mooie ,delicate aroma's van cuberdons,\nrode vruchten en bonbons. Fris-fruitig\nin de mond, met sappig rood fruit.\nGeschikt bij zomerse buffetten en BBQ\nonder vrienden of op een terrasje.",
    "brand": "EVIDANSE",
    "seoBrand": "Evidanse",
    "thumbNail": "https://static.colruytgroup.com/images/200x200/std.lang.all/48/25/asset-2404825.jpg",
    "fullImage": "https://static.colruytgroup.com/images/500x500/std.lang.all/48/25/asset-2404825.jpg",
    "squareImage": "https://static.colruytgroup.com/images/500x500sq/std.lang.all/48/25/asset-2404825.jpg",
    "content": "75cl",
    "walkRouteSequenceNumber": 487,
    "price": {
      "basicPrice": 6.49,
      "recommendedQuantity": "1.0",
      "quantityPrice": 6.23,
      "quantityPriceQuantity": "6.0",
      "measurementUnitPrice": 8.66,
      "measurementUnitQuantityPrice": 8.31,
      "measurementUnit": "L",
      "isRedPrice": false,
      "pricePerUOM": 8.66,
      "activationDate": "01-03-2024",
      "recordSource": "Offline",
      "isPromoActive": "N",
      "priceChangeCode": "E",
      "quantityPricePerUOM": 8.31,
      "quantityActivationDate": "01-03-2024",
      "quantityPriceChangeCode": "E"
    },
    "isAvailable": true,
    "isPriceAvailable": true,
    "inPromo": false,
    "gtin": [
      "04003301078279",
      "04003301078286",
      "05430000560467",
      "05430000560474"
    ],
    "topCategoryName": "Wijn",
    "topCategoryId": "421",
    "businessDomain": "RETAIL_BE",
    "IsPrivateLabel": false,
    "IsBiffe": false,
    "WeightconversionFactor": "0",
    "IsWeightArticle": false,
    "IsBio": true,
    "CountryOfOrigin": "FRANKRIJK",
    "IsExclusivelySoldInLuxembourg": false,
    "OrderUnit": "P",
    "ShortName": "EVIDANSE ROSE BIO",
    "InSeason": true,
    "IsNew": false,
    "EcoscoreLabel": "D",
    "RecentQuanityOfStockUnits": "6,1",
    "LongName": "EVIDANSE roséwijn Bio 75cl",
    "AlcoholVolume": "12",
    "StartSeasonDate": "15/01/2021",
    "FicCode": "E",
    "EcoscoreValue": "25"
  },
  {
    "productId": "778633",
    "technicalArticleNumber": "4572237",
    "commercialArticleNumber": "28538",
    "name": "Gardian Rood Côtes de Béziers",
    "description": "Rode wijn uit het zuiden van\nFrankijk. Cabernet en merlot.\nVol karakter, specerijen en fruit.\nIdeaal bij BBQ, rood vlees, pasta.",
    "thumbNail": "https://static.colruytgroup.com/images/200x200/std.lang.all/83/41/asset-2788341.jpg",
    "fullImage": "https://static.colruytgroup.com/images/500x500/std.lang.all/83/41/asset-2788341.jpg",
    "squareImage": "https://static.colruytgroup.com/images/500x500sq/std.lang.all/83/41/asset-2788341.jpg",
    "content": "75cl",
    "walkRouteSequenceNumber": 256,
    "price": {
      "basicPrice": 5.29,
      "recommendedQuantity": "1.0",
      "quantityPrice": 5.08,
      "quantityPriceQuantity": "6.0",
      "measurementUnitPrice": 7.06,
      "measurementUnitQuantityPrice": 6.78,
      "measurementUnit": "L",
      "isRedPrice": false,
      "pricePerUOM": 7.06,
      "activationDate": "22-03-2023",
      "isPromoActive": "N",
      "priceChangeCode": "H",
      "quantityPricePerUOM": 6.78,
      "quantityActivationDate": "22-03-2023",
      "quantityPriceChangeCode": "E"
    },
    "isAvailable": true,
    "isPriceAvailable": true,
    "inPromo": false,
    "gtin": [
      "03760143147242",
      "03760143147235"
    ],
    "topCategoryName": "Wijn",
    "topCategoryId": "421",
    "businessDomain": "RETAIL_BE",
    "IsPrivateLabel": false,
    "IsBiffe": false,
    "WeightconversionFactor": "0",
    "IsWeightArticle": false,
    "IsBio": false,
    "CountryOfOrigin": "FRANKRIJK",
    "IsExclusivelySoldInLuxembourg": false,
    "OrderUnit": "P",
    "ShortName": "GARDIAN ROOD BEZIERS",
    "IsNew": false,
    "RecentQuanityOfStockUnits": "1,6",
    "LongName": "Gardian Rood Côtes de Béziers 75cl",
    "AlcoholVolume": "13.5",
    "FicCode": "E"
  },
  {
    "productId": "618869",
    "technicalArticleNumber": "4296464",
    "commercialArticleNumber": "17575",
    "name": "Luna AOP Fitou Bio",
    "description": "Carignan grenache et syrah du Languedo\nIdéal avec de la viande rouge,\nde la volaille, du petit gibier\nGarde : 1 à 3 ans.",
    "thumbNail": "https://static.colruytgroup.com/images/200x200/std.lang.all/82/32/asset-2208232.jpg",
    "fullImage": "https://static.colruytgroup.com/images/500x500/std.lang.all/82/32/asset-2208232.jpg",
    "squareImage": "https://static.colruytgroup.com/images/500x500sq/std.lang.all/82/32/asset-2208232.jpg",
    "content": "75cl",
    "walkRouteSequenceNumber": 261,
    "price": {
      "basicPrice": 6.89,
      "recommendedQuantity": "1.0",
      "measurementUnitPrice": 9.19,
      "measurementUnit": "L",
      "isRedPrice": false,
      "pricePerUOM": 9.19,
      "activationDate": "13-03-2024",
      "isPromoActive": "Y",
      "priceChangeCode": "E"
    },
    "isAvailable": true,
    "isPriceAvailable": true,
    "inPromo": true,
    "promotion": [
      {
        "techPromoId": "100941COLR",
        "promotionId": "100941",
        "promotionType": "4",
        "isPersonalized": "N",
        "publicationStartDate": "13-03-2024",
        "publicationEndDate": "26-03-2024"
      }
    ],
    "gtin": [
      "03418230006155",
      "03418230006148"
    ],
    "topCategoryName": "Wijn",
    "topCategoryId": "421",
    "businessDomain": "RETAIL_BE",
    "IsPrivateLabel": false,
    "IsBiffe": false,
    "WeightconversionFactor": "0",
    "IsWeightArticle": false,
    "IsBio": true,
    "CountryOfOrigin": "FRANKRIJK",
    "IsExclusivelySoldInLuxembourg": false,
    "OrderUnit": "P",
    "ShortName": "FITOU LUNA BIO 75CL",
    "IsNew": false,
    "EcoscoreLabel": "D",
    "RecentQuanityOfStockUnits": "1,6",
    "LongName": "Luna AOP Fitou Bio 75cl",
    "AlcoholVolume": "13.5",
    "FicCode": "E",
    "EcoscoreValue": "37"
  },
  {
    "productId": "584905",
    "technicalArticleNumber": "4240256",
    "commercialArticleNumber": "19356",
    "name": "Cahors Clos la Coutale",
    "description": "FRANKRIJK ZUIDWEST ROOD\nkaraktervolle wijn van Malbec met\neen beetje Merlot. Aroma's van vanille\npeper en kersen. Ideale begeleider van\nrood vlees, barbecue. 3à5j bew",
    "thumbNail": "https://static.colruytgroup.com/images/200x200/std.lang.all/91/29/asset-3209129.jpg",
    "fullImage": "https://static.colruytgroup.com/images/500x500/std.lang.all/91/29/asset-3209129.jpg",
    "squareImage": "https://static.colruytgroup.com/images/500x500sq/std.lang.all/91/29/asset-3209129.jpg",
    "content": "75cl",
    "walkRouteSequenceNumber": 182,
    "price": {
      "basicPrice": 5.99,
      "recommendedQuantity": "1.0",
      "measurementUnitPrice": 7.99,
      "measurementUnit": "L",
      "isRedPrice": false,
      "pricePerUOM": 7.99,
      "activationDate": "19-03-2024",
      "recordSource": "Offline",
      "isPromoActive": "N",
      "priceChangeCode": "L"
    },
    "isAvailable": true,
    "isPriceAvailable": true,
    "inPromo": false,
    "gtin": [
      "03499291018103",
      "03499291017106",
      "03499291010060",
      "03499291099102"
    ],
    "topCategoryName": "Wijn",
    "topCategoryId": "421",
    "businessDomain": "RETAIL_BE",
    "IsPrivateLabel": false,
    "IsBiffe": false,
    "WeightconversionFactor": "0",
    "IsWeightArticle": false,
    "IsBio": false,
    "CountryOfOrigin": "FRANKRIJK",
    "IsExclusivelySoldInLuxembourg": false,
    "OrderUnit": "P",
    "ShortName": "CAHORS CLOS COUTALE",
    "IsNew": false,
    "EcoscoreLabel": "D",
    "RecentQuanityOfStockUnits": "1,1,6",
    "LongName": "Cahors Clos la Coutale 75cl",
    "AlcoholVolume": "13.5",
    "FicCode": "E",
    "EcoscoreValue": "22"
  },
  {
    "productId": "303816",
    "technicalArticleNumber": "3714200",
    "commercialArticleNumber": "40396",
    "name": "A La Bonne Heure Roussillon Village",
    "description": "Côtes du Roussillon VIllage\nKleur: rood intens\nGeur: kruidig, zwart fruit, zoethout\nSmaak: krachtig en kruidige aanzet\nbewaring: 2 à 4 jaar",
    "thumbNail": "https://static.colruytgroup.com/images/200x200/std.lang.all/13/84/asset-1811384.jpg",
    "fullImage": "https://static.colruytgroup.com/images/500x500/std.lang.all/13/84/asset-1811384.jpg",
    "squareImage": "https://static.colruytgroup.com/images/500x500sq/std.lang.all/13/84/asset-1811384.jpg",
    "content": "75cl",
    "walkRouteSequenceNumber": 274,
    "price": {
      "basicPrice": 4.99,
      "recommendedQuantity": "1.0",
      "measurementUnitPrice": 6.66,
      "measurementUnit": "L",
      "isRedPrice": false,
      "pricePerUOM": 6.66,
      "activationDate": "08-02-2023",
      "isPromoActive": "N",
      "priceChangeCode": "E"
    },
    "isAvailable": true,
    "isPriceAvailable": true,
    "inPromo": false,
    "gtin": [
      "05430000560498",
      "05430000560481",
      "04003301078958",
      "04003301078965"
    ],
    "topCategoryName": "Wijn",
    "topCategoryId": "421",
    "businessDomain": "RETAIL_BE",
    "IsPrivateLabel": false,
    "IsBiffe": false,
    "WeightconversionFactor": "0",
    "IsWeightArticle": false,
    "IsBio": false,
    "CountryOfOrigin": "FRANKRIJK",
    "IsExclusivelySoldInLuxembourg": false,
    "OrderUnit": "P",
    "ShortName": "A LA BONHEURE CDRV",
    "IsNew": false,
    "EcoscoreLabel": "D",
    "RecentQuanityOfStockUnits": "1,6,1",
    "LongName": "A La Bonne Heure Roussillon Village 75cl",
    "AlcoholVolume": "13.8",
    "FicCode": "E",
    "EcoscoreValue": "22"
  },
  {
    "productId": "1005050",
    "technicalArticleNumber": "4784228",
    "commercialArticleNumber": "33092",
    "name": "White Blend Portugal",
    "description": "PORTUGAL WIT\nAroma's van rijpe perziken en meloen,\nvanille. Levendig, met tonen van\nAmerikaanse eik voor een lange,\ngebalanceerde afdronk.",
    "brand": "SILK & SPICE",
    "seoBrand": "Silk & Spice",
    "thumbNail": "https://static.colruytgroup.com/images/200x200/std.lang.all/44/12/asset-3414412.jpg",
    "fullImage": "https://static.colruytgroup.com/images/500x500/std.lang.all/44/12/asset-3414412.jpg",
    "squareImage": "https://static.colruytgroup.com/images/500x500sq/std.lang.all/44/12/asset-3414412.jpg",
    "content": "75cl",
    "walkRouteSequenceNumber": 279,
    "price": {
      "basicPrice": 8.99,
      "recommendedQuantity": "1.0",
      "quantityPrice": 8.27,
      "quantityPriceQuantity": "6.0",
      "measurementUnitPrice": 11.99,
      "measurementUnitQuantityPrice": 11.03,
      "measurementUnit": "L",
      "isRedPrice": false,
      "pricePerUOM": 11.99,
      "activationDate": "13-03-2024",
      "isPromoActive": "N",
      "priceChangeCode": "E",
      "quantityPricePerUOM": 11.03,
      "quantityActivationDate": "13-03-2024",
      "quantityPriceChangeCode": "E"
    },
    "isAvailable": true,
    "isPriceAvailable": true,
    "inPromo": false,
    "gtin": [
      "05601012008562",
      "55601012008567"
    ],
    "topCategoryName": "Wijn",
    "topCategoryId": "421",
    "businessDomain": "RETAIL_BE",
    "IsPrivateLabel": false,
    "IsBiffe": false,
    "WeightconversionFactor": "0",
    "IsWeightArticle": false,
    "IsBio": false,
    "CountryOfOrigin": "PORTUGAL",
    "IsExclusivelySoldInLuxembourg": false,
    "OrderUnit": "P",
    "ShortName": "SILK & SPICE WIT 75CL",
    "IsNew": false,
    "RecentQuanityOfStockUnits": "1,6",
    "LongName": "SILK & SPICE White Blend Portugal 75cl",
    "AlcoholVolume": "13",
    "FicCode": "E"
  },
  {
    "productId": "33999",
    "technicalArticleNumber": "1694435",
    "commercialArticleNumber": "17773",
    "name": "Gruner Veltliner Winzer Krems",
    "description": "OOSTENRIJK DROOG WIT\nDe meest typische druif in Oostenrijk\nis Gruner Veltliner. Droge en frisse,\nlicht groenige wijn met vinnige smaak\nAanbevolen bij koude schotels.",
    "thumbNail": "https://static.colruytgroup.com/images/200x200/std.lang.all/41/48/asset-374148.jpg",
    "fullImage": "https://static.colruytgroup.com/images/500x500/std.lang.all/41/48/asset-374148.jpg",
    "squareImage": "https://static.colruytgroup.com/images/500x500sq/std.lang.all/41/48/asset-374148.jpg",
    "content": "75cl",
    "walkRouteSequenceNumber": 283,
    "price": {
      "basicPrice": 4.99,
      "recommendedQuantity": "1.0",
      "measurementUnitPrice": 6.66,
      "measurementUnit": "L",
      "isRedPrice": false,
      "pricePerUOM": 6.66,
      "activationDate": "14-03-2024",
      "recordSource": "Offline",
      "isPromoActive": "N",
      "priceChangeCode": "E"
    },
    "isAvailable": true,
    "isPriceAvailable": true,
    "inPromo": false,
    "gtin": [
      "09005511032978",
      "09005511132975"
    ],
    "topCategoryName": "Wijn",
    "topCategoryId": "421",
    "businessDomain": "RETAIL_BE",
    "IsPrivateLabel": false,
    "IsBiffe": false,
    "WeightconversionFactor": "0",
    "IsWeightArticle": false,
    "IsBio": false,
    "CountryOfOrigin": "OOSTENRIJK",
    "IsExclusivelySoldInLuxembourg": false,
    "OrderUnit": "P",
    "ShortName": "RE GRUNER VELTLINER",
    "IsNew": false,
    "RecentQuanityOfStockUnits": "1,6",
    "LongName": "Gruner Veltliner Winzer Krems 75cl",
    "AlcoholVolume": "12.5",
    "FicCode": "E"
  },
  {
    "productId": "751652",
    "technicalArticleNumber": "4524372",
    "commercialArticleNumber": "485939",
    "name": "fles 1L",
    "description": "*Mag in vaatwasser\n*Herbruikbaar",
    "brand": "SODASTREAM",
    "seoBrand": "Sodastream",
    "thumbNail": "https://static.colruytgroup.com/images/200x200/std.lang.all/74/75/asset-2887475.jpg",
    "fullImage": "https://static.colruytgroup.com/images/500x500/std.lang.all/74/75/asset-2887475.jpg",
    "squareImage": "https://static.colruytgroup.com/images/500x500sq/std.lang.all/74/75/asset-2887475.jpg",
    "content": "2st",
    "walkRouteSequenceNumber": 9695,
    "price": {
      "basicPrice": 19.99,
      "recommendedQuantity": "1.0",
      "measurementUnitPrice": 10,
      "measurementUnit": "S",
      "isRedPrice": false,
      "pricePerUOM": 10,
      "activationDate": "22-02-2024",
      "recordSource": "Offline",
      "isPromoActive": "N",
      "priceChangeCode": "L"
    },
    "isAvailable": true,
    "isPriceAvailable": true,
    "inPromo": false,
    "gtin": [
      "08719128112749",
      "38719128112740"
    ],
    "topCategoryName": "Wijn",
    "topCategoryId": "421",
    "businessDomain": "NON_FOOD",
    "IsPrivateLabel": false,
    "IsBiffe": false,
    "IsWeightArticle": false,
    "RecentQuanityOfStockUnits": "1",
    "LongName": "SODASTREAM fles 1L 2st",
    "IsBio": false,
    "CountryOfOrigin": "ISRAËL",
    "FicCode": "N",
    "OrderUnit": "P",
    "ShortName": "SODASTREAM FLES 2ST",
    "IsNew": false
  },
  {
    "productId": "468791",
    "technicalArticleNumber": "4065888",
    "commercialArticleNumber": "7173",
    "name": "Crémant de Bourgogne Charles Ninot",
    "description": "Crémant de Bourgogne\nhoofdzakelijk van Chardonnay en Pinot\nnoir. Ideaal als aperitief,\ngoed koel serveren",
    "thumbNail": "https://static.colruytgroup.com/images/200x200/std.lang.all/41/47/asset-1994147.jpg",
    "fullImage": "https://static.colruytgroup.com/images/500x500/std.lang.all/41/47/asset-1994147.jpg",
    "squareImage": "https://static.colruytgroup.com/images/500x500sq/std.lang.all/41/47/asset-1994147.jpg",
    "content": "75cl",
    "walkRouteSequenceNumber": 468,
    "price": {
      "basicPrice": 9.99,
      "recommendedQuantity": "1.0",
      "quantityPrice": 9.59,
      "quantityPriceQuantity": "4.0",
      "measurementUnitPrice": 13.32,
      "measurementUnitQuantityPrice": 12.79,
      "measurementUnit": "L",
      "isRedPrice": false,
      "pricePerUOM": 13.32,
      "activationDate": "19-03-2024",
      "recordSource": "Offline",
      "isPromoActive": "N",
      "priceChangeCode": "E",
      "quantityPricePerUOM": 12.79,
      "quantityActivationDate": "19-03-2024",
      "quantityPriceChangeCode": "E"
    },
    "isAvailable": true,
    "isPriceAvailable": true,
    "inPromo": false,
    "gtin": [
      "03299641117292",
      "03299641111269"
    ],
    "topCategoryName": "Wijn",
    "topCategoryId": "421",
    "businessDomain": "RETAIL_BE",
    "IsPrivateLabel": false,
    "IsBiffe": false,
    "WeightconversionFactor": "0",
    "IsWeightArticle": false,
    "IsBio": false,
    "CountryOfOrigin": "FRANKRIJK",
    "IsExclusivelySoldInLuxembourg": false,
    "OrderUnit": "P",
    "ShortName": "CREMANT BOURGOGNE NINOT",
    "IsNew": false,
    "RecentQuanityOfStockUnits": "1,6",
    "LongName": "Crémant de Bourgogne Charles Ninot 75cl",
    "AlcoholVolume": "12",
    "FicCode": "E"
  },
  {
    "productId": "336905",
    "technicalArticleNumber": "3829813",
    "commercialArticleNumber": "13667",
    "name": "Bichot Bourgogne rouge Les Cailloux",
    "description": "BOURGOGNE ROOD\nKersenrode kleur.Elegante,frisfruitige\nneus.Zachte,elegante smaak,toetsen van\nklein rood fruit,fijne tannines.Ideaal\nbij vis,wit vlees en kaasschotels.",
    "thumbNail": "https://static.colruytgroup.com/images/200x200/std.lang.all/52/29/asset-1475229.jpg",
    "fullImage": "https://static.colruytgroup.com/images/500x500/std.lang.all/52/29/asset-1475229.jpg",
    "squareImage": "https://static.colruytgroup.com/images/500x500sq/std.lang.all/52/29/asset-1475229.jpg",
    "content": "75cl",
    "walkRouteSequenceNumber": 200,
    "price": {
      "basicPrice": 12.69,
      "recommendedQuantity": "1.0",
      "measurementUnitPrice": 16.92,
      "measurementUnit": "L",
      "isRedPrice": false,
      "pricePerUOM": 16.92,
      "activationDate": "13-03-2024",
      "recordSource": "Offline",
      "isPromoActive": "N",
      "priceChangeCode": "E"
    },
    "isAvailable": true,
    "isPriceAvailable": true,
    "inPromo": false,
    "gtin": [
      "03296311109885",
      "03296311109786",
      "03296311609781",
      "03296311609880",
      "03296311109182",
      "03296311109687",
      "03296311609187",
      "03296311609286"
    ],
    "topCategoryName": "Wijn",
    "topCategoryId": "421",
    "businessDomain": "RETAIL_BE",
    "IsPrivateLabel": false,
    "IsBiffe": false,
    "WeightconversionFactor": "0",
    "IsWeightArticle": false,
    "IsBio": false,
    "CountryOfOrigin": "BELGIË",
    "IsExclusivelySoldInLuxembourg": false,
    "OrderUnit": "P",
    "ShortName": "BICHOT CAILLOUX ROUGE",
    "IsNew": false,
    "RecentQuanityOfStockUnits": "1,1,6,1,6",
    "LongName": "Bichot Bourgogne rouge Les Cailloux 75cl",
    "AlcoholVolume": "12.5",
    "FicCode": "E"
  },
  {
    "productId": "1262",
    "technicalArticleNumber": "17110",
    "commercialArticleNumber": "17110",
    "name": "Manoir du Fort Sancerre",
    "description": "FRANKRIJK LOIRE DROOG WIT\nFruitige, aangename wijn. Ideaal bij\noesters, langoesten, gebakken of\ngeroosterde vis. Zeer koud schenken.\nGoede combinatie met geitenkaas. QAA",
    "thumbNail": "https://static.colruytgroup.com/images/200x200/std.lang.all/42/13/asset-2844213.jpg",
    "fullImage": "https://static.colruytgroup.com/images/500x500/std.lang.all/42/13/asset-2844213.jpg",
    "squareImage": "https://static.colruytgroup.com/images/500x500sq/std.lang.all/42/13/asset-2844213.jpg",
    "content": "75cl",
    "walkRouteSequenceNumber": 159,
    "price": {
      "basicPrice": 14.49,
      "recommendedQuantity": "1.0",
      "measurementUnitPrice": 19.32,
      "measurementUnit": "L",
      "isRedPrice": false,
      "pricePerUOM": 19.32,
      "activationDate": "14-03-2024",
      "recordSource": "Offline",
      "isPromoActive": "N",
      "priceChangeCode": "E"
    },
    "isAvailable": true,
    "isPriceAvailable": true,
    "inPromo": false,
    "gtin": [
      "03230411750004",
      "03230411750615"
    ],
    "topCategoryName": "Wijn",
    "topCategoryId": "421",
    "businessDomain": "RETAIL_BE",
    "IsPrivateLabel": false,
    "IsBiffe": false,
    "WeightconversionFactor": "0",
    "IsWeightArticle": false,
    "IsBio": false,
    "CountryOfOrigin": "FRANKRIJK",
    "IsExclusivelySoldInLuxembourg": false,
    "OrderUnit": "P",
    "ShortName": "SANCERRE DUFORT",
    "IsNew": false,
    "EcoscoreLabel": "C",
    "RecentQuanityOfStockUnits": "1,6",
    "LongName": "Manoir du Fort Sancerre 75cl",
    "AlcoholVolume": "12.5",
    "FicCode": "E",
    "EcoscoreValue": "57"
  },
  {
    "productId": "121990",
    "technicalArticleNumber": "3187789",
    "commercialArticleNumber": "15327",
    "name": "Rio Belo Portugal Douro D.O.C Rood",
    "description": "PORTUGAL DOURO ROUGE Smakelijke\nfruitige en kruidige wijn. (Zwart\nfruit, zachte kruiden). Wijn met\nsoepele tanninestructuur. Stoofpotjes,\ngeroosterd vlees en pasta QND",
    "thumbNail": "https://static.colruytgroup.com/images/200x200/std.lang.all/98/34/asset-1659834.jpg",
    "fullImage": "https://static.colruytgroup.com/images/500x500/std.lang.all/98/34/asset-1659834.jpg",
    "squareImage": "https://static.colruytgroup.com/images/500x500sq/std.lang.all/98/34/asset-1659834.jpg",
    "content": "75cl",
    "walkRouteSequenceNumber": 413,
    "price": {
      "basicPrice": 5.49,
      "recommendedQuantity": "1.0",
      "quantityPrice": 5.27,
      "quantityPriceQuantity": "6.0",
      "measurementUnitPrice": 7.32,
      "measurementUnitQuantityPrice": 7.03,
      "measurementUnit": "L",
      "isRedPrice": false,
      "pricePerUOM": 7.32,
      "activationDate": "29-12-2023",
      "isPromoActive": "N",
      "priceChangeCode": "H",
      "quantityPricePerUOM": 7.03,
      "quantityActivationDate": "29-12-2023",
      "quantityPriceChangeCode": "H"
    },
    "isAvailable": true,
    "isPriceAvailable": true,
    "inPromo": false,
    "gtin": [
      "05010867505292",
      "05010867505308"
    ],
    "topCategoryName": "Wijn",
    "topCategoryId": "421",
    "businessDomain": "RETAIL_BE",
    "IsPrivateLabel": false,
    "IsBiffe": false,
    "WeightconversionFactor": "0",
    "IsWeightArticle": false,
    "IsBio": false,
    "CountryOfOrigin": "BELGIË",
    "IsExclusivelySoldInLuxembourg": false,
    "OrderUnit": "P",
    "ShortName": "RIO BELO DOURO ROOD",
    "IsNew": false,
    "EcoscoreLabel": "C",
    "RecentQuanityOfStockUnits": "1,6",
    "LongName": "Rio Belo Portugal Douro D.O.C Rood 75cl",
    "AlcoholVolume": "13.9",
    "FicCode": "E",
    "EcoscoreValue": "50"
  },
  {
    "productId": "863373",
    "technicalArticleNumber": "4714774",
    "commercialArticleNumber": "31908",
    "name": "Barramundi Australië Shiraz Viogn.",
    "description": "Barramundi is een frisse wind, een\nnieuwe golf, op maat gemaakt met een\noriginele assemblage van Shiraz en\nviognier. Culinair: rood vlees,\nBBQ, Stoofpotjes.",
    "thumbNail": "https://static.colruytgroup.com/images/200x200/std.lang.all/29/35/asset-3232935.jpg",
    "fullImage": "https://static.colruytgroup.com/images/500x500/std.lang.all/29/35/asset-3232935.jpg",
    "squareImage": "https://static.colruytgroup.com/images/500x500sq/std.lang.all/29/35/asset-3232935.jpg",
    "content": "75cl",
    "walkRouteSequenceNumber": 414,
    "price": {
      "basicPrice": 4.99,
      "recommendedQuantity": "1.0",
      "quantityPrice": 4.79,
      "quantityPriceQuantity": "6.0",
      "measurementUnitPrice": 6.66,
      "measurementUnitQuantityPrice": 6.39,
      "measurementUnit": "L",
      "isRedPrice": false,
      "pricePerUOM": 6.66,
      "activationDate": "13-03-2024",
      "isPromoActive": "N",
      "priceChangeCode": "E",
      "quantityPricePerUOM": 6.39,
      "quantityActivationDate": "13-03-2024",
      "quantityPriceChangeCode": "E"
    },
    "isAvailable": true,
    "isPriceAvailable": true,
    "inPromo": false,
    "gtin": [
      "09325403000169",
      "19325403000166"
    ],
    "topCategoryName": "Wijn",
    "topCategoryId": "421",
    "businessDomain": "RETAIL_BE",
    "IsPrivateLabel": false,
    "IsBiffe": false,
    "WeightconversionFactor": "0",
    "IsWeightArticle": false,
    "IsBio": false,
    "CountryOfOrigin": "AUSTRALIË",
    "IsExclusivelySoldInLuxembourg": false,
    "OrderUnit": "P",
    "ShortName": "BARRAMUNDI RED AUST75CL",
    "IsNew": false,
    "RecentQuanityOfStockUnits": "1,6",
    "LongName": "Barramundi Australië Shiraz Viogn. 75cl",
    "AlcoholVolume": "14",
    "FicCode": "E"
  },
  {
    "productId": "708751",
    "technicalArticleNumber": "4448502",
    "commercialArticleNumber": "26333",
    "name": "Réserve Croix Mouton",
    "description": "Bordeaux Supérieur die al meer dan\n5 jaar deel uitmaakt van ons\nassortiment.\nGeografisch grenst de wijngaard\nbijna aan Fronsac !",
    "thumbNail": "https://static.colruytgroup.com/images/200x200/std.lang.all/52/22/asset-2685222.jpg",
    "fullImage": "https://static.colruytgroup.com/images/500x500/std.lang.all/52/22/asset-2685222.jpg",
    "squareImage": "https://static.colruytgroup.com/images/500x500sq/std.lang.all/52/22/asset-2685222.jpg",
    "content": "75cl",
    "walkRouteSequenceNumber": 63,
    "price": {
      "basicPrice": 8.25,
      "recommendedQuantity": "1.0",
      "quantityPrice": 7.92,
      "quantityPriceQuantity": "6.0",
      "measurementUnitPrice": 11,
      "measurementUnitQuantityPrice": 10.56,
      "measurementUnit": "L",
      "isRedPrice": false,
      "pricePerUOM": 11,
      "activationDate": "13-03-2024",
      "isPromoActive": "N",
      "priceChangeCode": "E",
      "quantityPricePerUOM": 10.56,
      "quantityActivationDate": "13-03-2024",
      "quantityPriceChangeCode": "E"
    },
    "isAvailable": true,
    "isPriceAvailable": true,
    "inPromo": false,
    "gtin": [
      "03760073717102",
      "03760073717072"
    ],
    "topCategoryName": "Wijn",
    "topCategoryId": "421",
    "businessDomain": "RETAIL_BE",
    "IsPrivateLabel": false,
    "IsBiffe": false,
    "WeightconversionFactor": "0",
    "IsWeightArticle": false,
    "IsBio": false,
    "CountryOfOrigin": "FRANKRIJK",
    "IsExclusivelySoldInLuxembourg": false,
    "OrderUnit": "P",
    "ShortName": "RESER CROIX MOUTON 75CL",
    "IsNew": false,
    "RecentQuanityOfStockUnits": "1,6",
    "LongName": "Réserve Croix Mouton 75cl",
    "AlcoholVolume": "13.5",
    "FicCode": "E"
  },
  {
    "productId": "474001",
    "technicalArticleNumber": "4063317",
    "commercialArticleNumber": "7047",
    "name": "La Rosaline Grenache Syrah rosé",
    "description": "Frankrijk Languedoc\nRosé",
    "thumbNail": "https://static.colruytgroup.com/images/200x200/std.lang.all/94/67/asset-3449467.jpg",
    "fullImage": "https://static.colruytgroup.com/images/500x500/std.lang.all/94/67/asset-3449467.jpg",
    "squareImage": "https://static.colruytgroup.com/images/500x500sq/std.lang.all/94/67/asset-3449467.jpg",
    "content": "75cl",
    "walkRouteSequenceNumber": 450,
    "price": {
      "basicPrice": 5.89,
      "recommendedQuantity": "1.0",
      "quantityPrice": 5.65,
      "quantityPriceQuantity": "6.0",
      "measurementUnitPrice": 7.86,
      "measurementUnitQuantityPrice": 7.54,
      "measurementUnit": "L",
      "isRedPrice": false,
      "pricePerUOM": 7.86,
      "activationDate": "17-11-2023",
      "isPromoActive": "N",
      "priceChangeCode": "E",
      "quantityPricePerUOM": 7.54,
      "quantityActivationDate": "17-11-2023",
      "quantityPriceChangeCode": "E"
    },
    "isAvailable": true,
    "isPriceAvailable": true,
    "inPromo": false,
    "gtin": [
      "03298020900722",
      "03298029922695"
    ],
    "topCategoryName": "Wijn",
    "topCategoryId": "421",
    "businessDomain": "RETAIL_BE",
    "IsPrivateLabel": false,
    "IsBiffe": false,
    "WeightconversionFactor": "0",
    "IsWeightArticle": false,
    "IsBio": false,
    "CountryOfOrigin": "FRANKRIJK",
    "IsExclusivelySoldInLuxembourg": false,
    "OrderUnit": "P",
    "ShortName": "ROSALINE ROSE GREN SYR",
    "InSeason": true,
    "IsNew": false,
    "RecentQuanityOfStockUnits": "1,6",
    "LongName": "La Rosaline Grenache Syrah rosé 75cl",
    "AlcoholVolume": "12.5",
    "StartSeasonDate": "11/01/2024",
    "FicCode": "E"
  },
  {
    "productId": "858735",
    "technicalArticleNumber": "4709017",
    "commercialArticleNumber": "31698",
    "name": "appel-Tropical blik",
    "description": "*Sprankelend\n*Smaak: appel-\nmultivruchten\n*Op basis van\nconcentraat",
    "brand": "KIDIBUL",
    "seoBrand": "Kidibul",
    "thumbNail": "https://static.colruytgroup.com/images/200x200/nl_be/06/00/asset-2660600.jpg",
    "fullImage": "https://static.colruytgroup.com/images/500x500/nl_be/06/00/asset-2660600.jpg",
    "squareImage": "https://static.colruytgroup.com/images/500x500sq/nl_be/06/00/asset-2660600.jpg",
    "content": "25cl",
    "walkRouteSequenceNumber": 560,
    "price": {
      "basicPrice": 1.47,
      "recommendedQuantity": "4.0",
      "quantityPrice": 1.35,
      "quantityPriceQuantity": "24.0",
      "measurementUnitPrice": 5.88,
      "measurementUnitQuantityPrice": 5.4,
      "measurementUnit": "L",
      "isRedPrice": false,
      "pricePerUOM": 5.88,
      "activationDate": "17-02-2024",
      "recordSource": "Online",
      "isPromoActive": "N",
      "priceChangeCode": "E",
      "quantityPricePerUOM": 5.4,
      "quantityActivationDate": "17-02-2024",
      "quantityPriceChangeCode": "E"
    },
    "isAvailable": true,
    "isPriceAvailable": true,
    "inPromo": false,
    "gtin": [
      "05410293012256",
      "05410293012263",
      "15410293012260"
    ],
    "topCategoryName": "Wijn",
    "topCategoryId": "421",
    "businessDomain": "RETAIL_BE",
    "IsPrivateLabel": false,
    "IsBiffe": false,
    "WeightconversionFactor": "0",
    "IsWeightArticle": false,
    "nutriscoreLabel": "E",
    "IsBio": false,
    "CountryOfOrigin": "BELGIË",
    "IsExclusivelySoldInLuxembourg": false,
    "OrderUnit": "P",
    "ShortName": "KIDI APPEL-TROP.BLIK25C",
    "IsNew": false,
    "RecentQuanityOfStockUnits": "1,4",
    "LongName": "KIDIBUL appel-Tropical blik 25cl",
    "FicCode": "E"
  },
  {
    "productId": "780159",
    "technicalArticleNumber": "4574710",
    "commercialArticleNumber": "28738",
    "name": "Côtes du Rhône Bio",
    "description": "FRANKRIJK RHÔNE ROOD\nProvencaalse kruiden,\nwarme structuur met volle tannines.\nGrillades, rood vlees.",
    "brand": "LES HAUTS ROCS",
    "seoBrand": "Les Hauts Rocs",
    "thumbNail": "https://static.colruytgroup.com/images/200x200/std.lang.all/47/27/asset-2804727.jpg",
    "fullImage": "https://static.colruytgroup.com/images/500x500/std.lang.all/47/27/asset-2804727.jpg",
    "squareImage": "https://static.colruytgroup.com/images/500x500sq/std.lang.all/47/27/asset-2804727.jpg",
    "content": "75cl",
    "walkRouteSequenceNumber": 212,
    "price": {
      "basicPrice": 5.99,
      "recommendedQuantity": "1.0",
      "measurementUnitPrice": 7.99,
      "measurementUnit": "L",
      "isRedPrice": false,
      "pricePerUOM": 7.99,
      "activationDate": "19-03-2024",
      "recordSource": "Offline",
      "isPromoActive": "N",
      "priceChangeCode": "E"
    },
    "isAvailable": true,
    "isPriceAvailable": true,
    "inPromo": false,
    "gtin": [
      "05400141431483"
    ],
    "topCategoryName": "Wijn",
    "topCategoryId": "421",
    "businessDomain": "RETAIL_BE",
    "IsPrivateLabel": true,
    "IsBiffe": false,
    "WeightconversionFactor": "0",
    "IsWeightArticle": false,
    "IsBio": true,
    "CountryOfOrigin": "BELGIË",
    "IsExclusivelySoldInLuxembourg": false,
    "OrderUnit": "P",
    "ShortName": "C.RHONE HAUTS ROCS BIO",
    "IsNew": false,
    "EcoscoreLabel": "B",
    "RecentQuanityOfStockUnits": "6,1",
    "LongName": "LES HAUTS ROCS Côtes du Rhône Bio 75cl",
    "AlcoholVolume": "13.7",
    "FicCode": "I",
    "DepositValue": [
      0.3
    ],
    "EcoscoreValue": "67"
  },
  {
    "productId": "1253",
    "technicalArticleNumber": "17095",
    "commercialArticleNumber": "17095",
    "name": "Bourgogne blanc Les Cailloux",
    "description": "FRANKRIJK BOURGOGNE DROOG WIT\nWitte Bourgognewijn van Chardonnay-\ndruiven. Droge wijn, krachtig,\ngeparfumeerd boeket. Fris opdienen\nbij vis en schaaldieren. QAA",
    "thumbNail": "https://static.colruytgroup.com/images/200x200/std.lang.all/47/17/asset-1424717.jpg",
    "fullImage": "https://static.colruytgroup.com/images/500x500/std.lang.all/47/17/asset-1424717.jpg",
    "squareImage": "https://static.colruytgroup.com/images/500x500sq/std.lang.all/47/17/asset-1424717.jpg",
    "content": "75cl",
    "walkRouteSequenceNumber": 114,
    "price": {
      "basicPrice": 12.69,
      "recommendedQuantity": "1.0",
      "quantityPrice": 12.18,
      "quantityPriceQuantity": "6.0",
      "measurementUnitPrice": 16.92,
      "measurementUnitQuantityPrice": 16.24,
      "measurementUnit": "L",
      "isRedPrice": false,
      "pricePerUOM": 16.92,
      "activationDate": "14-11-2023",
      "isPromoActive": "N",
      "priceChangeCode": "E",
      "quantityPricePerUOM": 16.24,
      "quantityActivationDate": "14-11-2023",
      "quantityPriceChangeCode": "E"
    },
    "isAvailable": true,
    "isPriceAvailable": true,
    "inPromo": false,
    "gtin": [
      "03296311613108",
      "03296311113103",
      "03296311113202",
      "03296311113400",
      "03296311113509",
      "03296311113608",
      "03296311113707",
      "03296311113806",
      "03296311613009",
      "03296311613702",
      "03296311613801",
      "03296311113004"
    ],
    "topCategoryName": "Wijn",
    "topCategoryId": "421",
    "businessDomain": "RETAIL_BE",
    "IsPrivateLabel": false,
    "IsBiffe": false,
    "WeightconversionFactor": "0",
    "IsWeightArticle": false,
    "IsBio": false,
    "CountryOfOrigin": "FRANKRIJK",
    "IsExclusivelySoldInLuxembourg": false,
    "OrderUnit": "P",
    "ShortName": "BOURGOGNE CAILLOUX WIT",
    "IsNew": false,
    "RecentQuanityOfStockUnits": "1,1,1",
    "LongName": "Bourgogne blanc Les Cailloux 75cl",
    "AlcoholVolume": "12.5",
    "FicCode": "E"
  },
  {
    "productId": "325967",
    "technicalArticleNumber": "3778781",
    "commercialArticleNumber": "42093",
    "name": "Champagne 1er Cru Brut",
    "description": "*Champagne\n*Chardonnay en Pinot noir\n*Bewaring 1 à 2 jaar",
    "brand": "POL GARDERE",
    "seoBrand": "Pol Gardere",
    "thumbNail": "https://static.colruytgroup.com/images/200x200/std.lang.all/67/20/asset-2976720.jpg",
    "fullImage": "https://static.colruytgroup.com/images/500x500/std.lang.all/67/20/asset-2976720.jpg",
    "squareImage": "https://static.colruytgroup.com/images/500x500sq/std.lang.all/67/20/asset-2976720.jpg",
    "content": "75cl",
    "walkRouteSequenceNumber": 433,
    "price": {
      "basicPrice": 19.99,
      "recommendedQuantity": "1.0",
      "measurementUnitPrice": 26.66,
      "measurementUnit": "L",
      "isRedPrice": false,
      "pricePerUOM": 26.66,
      "activationDate": "02-02-2024",
      "recordSource": "Offline",
      "isPromoActive": "N",
      "priceChangeCode": "E"
    },
    "isAvailable": true,
    "isPriceAvailable": true,
    "inPromo": false,
    "gtin": [
      "03287117401167",
      "03287117400115"
    ],
    "topCategoryName": "Wijn",
    "topCategoryId": "421",
    "businessDomain": "RETAIL_BE",
    "IsPrivateLabel": false,
    "IsBiffe": false,
    "WeightconversionFactor": "0",
    "IsWeightArticle": false,
    "IsBio": false,
    "CountryOfOrigin": "FRANKRIJK",
    "IsExclusivelySoldInLuxembourg": false,
    "OrderUnit": "P",
    "ShortName": "POLG 1ER CRU BRUT 75CL",
    "IsNew": false,
    "RecentQuanityOfStockUnits": "1,6",
    "LongName": "POL GARDERE Champagne 1er Cru Brut 75cl",
    "AlcoholVolume": "12",
    "FicCode": "E"
  },
  {
    "productId": "778629",
    "technicalArticleNumber": "4572233",
    "commercialArticleNumber": "28536",
    "name": "Artisan Cuve 102 Bl.IGP Pays d'Oc",
    "description": "Chardonnay Marsanne Roussanne.\nZuiders profiel. Mooi Chardonnay type\naangevuld met veel karakter dankzij\nde Marsanne. Frisse finale.\nBij zomerse gerechten, gevogelte,...",
    "thumbNail": "https://static.colruytgroup.com/images/200x200/std.lang.all/03/18/asset-2770318.jpg",
    "fullImage": "https://static.colruytgroup.com/images/500x500/std.lang.all/03/18/asset-2770318.jpg",
    "squareImage": "https://static.colruytgroup.com/images/500x500sq/std.lang.all/03/18/asset-2770318.jpg",
    "content": "75cl",
    "walkRouteSequenceNumber": 236,
    "price": {
      "basicPrice": 8.25,
      "recommendedQuantity": "1.0",
      "measurementUnitPrice": 11,
      "measurementUnit": "L",
      "isRedPrice": false,
      "pricePerUOM": 11,
      "activationDate": "13-03-2024",
      "isPromoActive": "Y",
      "priceChangeCode": "E"
    },
    "isAvailable": true,
    "isPriceAvailable": true,
    "inPromo": true,
    "promotion": [
      {
        "techPromoId": "100941COLR",
        "promotionId": "100941",
        "promotionType": "4",
        "isPersonalized": "N",
        "publicationStartDate": "13-03-2024",
        "publicationEndDate": "26-03-2024"
      }
    ],
    "gtin": [
      "03418230007534",
      "03418230007541"
    ],
    "topCategoryName": "Wijn",
    "topCategoryId": "421",
    "businessDomain": "RETAIL_BE",
    "IsPrivateLabel": false,
    "IsBiffe": false,
    "WeightconversionFactor": "0",
    "IsWeightArticle": false,
    "IsBio": false,
    "CountryOfOrigin": "FRANKRIJK",
    "IsExclusivelySoldInLuxembourg": false,
    "OrderUnit": "P",
    "ShortName": "ARTISAN C102 BLANC 75CL",
    "IsNew": false,
    "RecentQuanityOfStockUnits": "1,6",
    "LongName": "Artisan Cuve 102 Bl.IGP Pays d'Oc 75cl",
    "AlcoholVolume": "13",
    "FicCode": "E"
  },
  {
    "productId": "619442",
    "technicalArticleNumber": "4297501",
    "commercialArticleNumber": "23442",
    "name": "Hérésie AOP Corbières",
    "description": "Corrbières. Grenache, Syrah,\nMourvèdre. Elegant,rijk en zijdezacht\nmet mooie toetsen van kruiden en\nzoethout.\nKan 3 tot 4 jaar worden bewaard",
    "thumbNail": "https://static.colruytgroup.com/images/200x200/std.lang.all/71/13/asset-2237113.jpg",
    "fullImage": "https://static.colruytgroup.com/images/500x500/std.lang.all/71/13/asset-2237113.jpg",
    "squareImage": "https://static.colruytgroup.com/images/500x500sq/std.lang.all/71/13/asset-2237113.jpg",
    "content": "75cl",
    "walkRouteSequenceNumber": 265,
    "price": {
      "basicPrice": 8.9,
      "recommendedQuantity": "1.0",
      "measurementUnitPrice": 11.87,
      "measurementUnit": "L",
      "isRedPrice": false,
      "pricePerUOM": 11.87,
      "activationDate": "14-02-2024",
      "isPromoActive": "N",
      "priceChangeCode": "H"
    },
    "isAvailable": true,
    "isPriceAvailable": true,
    "inPromo": false,
    "gtin": [
      "03514123115703",
      "03514123326420"
    ],
    "topCategoryName": "Wijn",
    "topCategoryId": "421",
    "businessDomain": "RETAIL_BE",
    "IsPrivateLabel": false,
    "IsBiffe": false,
    "WeightconversionFactor": "0",
    "IsWeightArticle": false,
    "IsBio": false,
    "CountryOfOrigin": "FRANKRIJK",
    "IsExclusivelySoldInLuxembourg": false,
    "OrderUnit": "P",
    "ShortName": "HERESIE AOP CORBIERES",
    "InSeason": true,
    "IsNew": false,
    "RecentQuanityOfStockUnits": "1,6",
    "LongName": "Hérésie AOP Corbières 75cl",
    "AlcoholVolume": "14",
    "StartSeasonDate": "08/06/2022",
    "FicCode": "E"
  },
  {
    "productId": "133",
    "technicalArticleNumber": "17049",
    "commercialArticleNumber": "17049",
    "name": "Bio Côtes du Rhône Vieux Truffiers",
    "description": "FRANKRIJK RHONE ROOD\nEen krachtige en kruidige wijn.\nBewaring tot 3 jaar. Licht chambreren\nen serveren bij gebraad en kaas.\nMILIEUBIJDRAGE: BIOLOGISCH GETEELD",
    "thumbNail": "https://static.colruytgroup.com/images/200x200/std.lang.all/25/77/asset-1262577.jpg",
    "fullImage": "https://static.colruytgroup.com/images/500x500/std.lang.all/25/77/asset-1262577.jpg",
    "squareImage": "https://static.colruytgroup.com/images/500x500sq/std.lang.all/25/77/asset-1262577.jpg",
    "content": "75cl",
    "walkRouteSequenceNumber": 197,
    "price": {
      "basicPrice": 7.49,
      "recommendedQuantity": "1.0",
      "quantityPrice": 7.19,
      "quantityPriceQuantity": "6.0",
      "measurementUnitPrice": 9.99,
      "measurementUnitQuantityPrice": 9.59,
      "measurementUnit": "L",
      "isRedPrice": false,
      "pricePerUOM": 9.99,
      "activationDate": "14-03-2024",
      "isPromoActive": "N",
      "priceChangeCode": "H",
      "quantityPricePerUOM": 9.59,
      "quantityActivationDate": "14-03-2024",
      "quantityPriceChangeCode": "H"
    },
    "isAvailable": true,
    "isPriceAvailable": true,
    "inPromo": false,
    "gtin": [
      "03268171324319",
      "03268171324364"
    ],
    "topCategoryName": "Wijn",
    "topCategoryId": "421",
    "businessDomain": "RETAIL_BE",
    "IsPrivateLabel": false,
    "IsBiffe": false,
    "WeightconversionFactor": "0",
    "IsWeightArticle": false,
    "IsBio": true,
    "CountryOfOrigin": "FRANKRIJK",
    "IsExclusivelySoldInLuxembourg": false,
    "OrderUnit": "P",
    "ShortName": "BIO COT.RHONE TRUFFIERS",
    "InSeason": true,
    "IsNew": false,
    "RecentQuanityOfStockUnits": "6,1",
    "LongName": "Bio Côtes du Rhône Vieux Truffiers 75cl",
    "AlcoholVolume": "13",
    "StartSeasonDate": "03/03/2010",
    "FicCode": "E"
  },
  {
    "productId": "1218",
    "technicalArticleNumber": "17353",
    "commercialArticleNumber": "17353",
    "name": "rood Châteauneuf",
    "description": "Grote rode wijn uit Châteauneuf-du-\nPape. Gebotteld op het domein. Mooi,\nkrachtig en vol. Zeer fijne wijn, één\nvan de beste in zijn soort.\nBewaring: 6 jaar en meer.",
    "brand": "CH.FINES ROCHES",
    "seoBrand": "Château des Fines Roches",
    "thumbNail": "https://static.colruytgroup.com/images/200x200/std.lang.all/17/34/asset-3461734.jpg",
    "fullImage": "https://static.colruytgroup.com/images/500x500/std.lang.all/17/34/asset-3461734.jpg",
    "squareImage": "https://static.colruytgroup.com/images/500x500sq/std.lang.all/17/34/asset-3461734.jpg",
    "content": "75cl",
    "walkRouteSequenceNumber": 186,
    "price": {
      "basicPrice": 17.99,
      "recommendedQuantity": "1.0",
      "quantityPrice": 17.27,
      "quantityPriceQuantity": "6.0",
      "measurementUnitPrice": 23.99,
      "measurementUnitQuantityPrice": 23.03,
      "measurementUnit": "L",
      "isRedPrice": false,
      "pricePerUOM": 23.99,
      "activationDate": "18-03-2024",
      "recordSource": "Offline",
      "isPromoActive": "N",
      "priceChangeCode": "H",
      "quantityPricePerUOM": 23.03,
      "quantityActivationDate": "18-03-2024",
      "quantityPriceChangeCode": "E"
    },
    "isAvailable": true,
    "isPriceAvailable": true,
    "inPromo": false,
    "gtin": [
      "03193661009097",
      "03760204730130",
      "23193661009091"
    ],
    "topCategoryName": "Wijn",
    "topCategoryId": "421",
    "businessDomain": "RETAIL_BE",
    "IsPrivateLabel": false,
    "IsBiffe": false,
    "WeightconversionFactor": "0",
    "IsWeightArticle": false,
    "IsBio": false,
    "CountryOfOrigin": "FRANKRIJK",
    "IsExclusivelySoldInLuxembourg": false,
    "OrderUnit": "P",
    "ShortName": "CH DES FINES ROCHES",
    "IsNew": false,
    "RecentQuanityOfStockUnits": "1,6",
    "LongName": "CH.FINES ROCHES rood Châteauneuf 75cl",
    "AlcoholVolume": "14.5",
    "FicCode": "E"
  },
  {
    "productId": "1007288",
    "technicalArticleNumber": "4784532",
    "commercialArticleNumber": "33133",
    "name": "Orange Genora Bio",
    "brand": "GÉRARD BERTRAND",
    "seoBrand": "Gérard Bertrand",
    "thumbNail": "https://static.colruytgroup.com/images/200x200/std.lang.all/85/14/asset-3388514.jpg",
    "fullImage": "https://static.colruytgroup.com/images/500x500/std.lang.all/85/14/asset-3388514.jpg",
    "squareImage": "https://static.colruytgroup.com/images/500x500sq/std.lang.all/85/14/asset-3388514.jpg",
    "content": "75cl",
    "walkRouteSequenceNumber": 297,
    "price": {
      "basicPrice": 11.49,
      "recommendedQuantity": "1.0",
      "measurementUnitPrice": 15.32,
      "measurementUnit": "L",
      "isRedPrice": false,
      "pricePerUOM": 15.32,
      "activationDate": "13-03-2024",
      "isPromoActive": "N",
      "priceChangeCode": "E"
    },
    "isAvailable": true,
    "isPriceAvailable": true,
    "inPromo": false,
    "gtin": [
      "03514123121841",
      "03514123331295"
    ],
    "topCategoryName": "Wijn",
    "topCategoryId": "421",
    "businessDomain": "RETAIL_BE",
    "IsPrivateLabel": false,
    "IsBiffe": false,
    "WeightconversionFactor": "0",
    "IsWeightArticle": false,
    "IsBio": true,
    "CountryOfOrigin": "FRANKRIJK",
    "IsExclusivelySoldInLuxembourg": false,
    "OrderUnit": "P",
    "ShortName": "GENORA ORANGE WINE 75CL",
    "IsNew": false,
    "RecentQuanityOfStockUnits": "1,6",
    "LongName": "GÉRARD BERTRAND Orange Genora Bio 75cl",
    "AlcoholVolume": "12.5",
    "FicCode": "E"
  },
  {
    "productId": "764263",
    "technicalArticleNumber": "4544997",
    "commercialArticleNumber": "7304",
    "name": "Château Beaulieu",
    "description": "Vaste waarde in ons assortiment\nkasteelwijnen. Hoofdzakelijk merlot-\ndruif en minstens 8 maand houten vaten\nrijping geeft soepele en fruitige wijn\nmet een houtige ondertoon.",
    "thumbNail": "https://static.colruytgroup.com/images/200x200/std.lang.all/18/30/asset-3261830.jpg",
    "fullImage": "https://static.colruytgroup.com/images/500x500/std.lang.all/18/30/asset-3261830.jpg",
    "squareImage": "https://static.colruytgroup.com/images/500x500sq/std.lang.all/18/30/asset-3261830.jpg",
    "content": "75cl",
    "walkRouteSequenceNumber": 52,
    "price": {
      "basicPrice": 7.49,
      "recommendedQuantity": "1.0",
      "quantityPrice": 6.89,
      "quantityPriceQuantity": "6.0",
      "measurementUnitPrice": 9.99,
      "measurementUnitQuantityPrice": 9.19,
      "measurementUnit": "L",
      "isRedPrice": false,
      "pricePerUOM": 9.99,
      "activationDate": "08-02-2024",
      "isPromoActive": "N",
      "priceChangeCode": "E",
      "quantityPricePerUOM": 9.19,
      "quantityActivationDate": "08-02-2024",
      "quantityPriceChangeCode": "E"
    },
    "isAvailable": true,
    "isPriceAvailable": true,
    "inPromo": false,
    "gtin": [
      "03760032770605",
      "03760032770544",
      "03760032770537",
      "03760032770599"
    ],
    "topCategoryName": "Wijn",
    "topCategoryId": "421",
    "businessDomain": "RETAIL_BE",
    "IsPrivateLabel": false,
    "IsBiffe": false,
    "WeightconversionFactor": "0",
    "IsWeightArticle": false,
    "IsBio": false,
    "CountryOfOrigin": "FRANKRIJK",
    "IsExclusivelySoldInLuxembourg": false,
    "OrderUnit": "P",
    "ShortName": "CH BEAULIEU 75CL",
    "IsNew": false,
    "RecentQuanityOfStockUnits": "6,1,1,6",
    "LongName": "Château Beaulieu 75cl",
    "AlcoholVolume": "14",
    "FicCode": "E"
  },
  {
    "productId": "2610",
    "technicalArticleNumber": "1101275",
    "commercialArticleNumber": "17159",
    "name": "Rosé d'Anjou La Sablière Bio",
    "description": "FRANKRIJK HALFZOET ROSE\nFruitige, zachte wijn met zachte\nafdronk. Ideaal als aperitief, bij\nkoude schotels en wit vlees.\nBiologisch geteeld",
    "thumbNail": "https://static.colruytgroup.com/images/200x200/std.lang.all/19/81/asset-2191981.jpg",
    "fullImage": "https://static.colruytgroup.com/images/500x500/std.lang.all/19/81/asset-2191981.jpg",
    "squareImage": "https://static.colruytgroup.com/images/500x500sq/std.lang.all/19/81/asset-2191981.jpg",
    "content": "75cl",
    "walkRouteSequenceNumber": 488,
    "price": {
      "basicPrice": 7.49,
      "recommendedQuantity": "1.0",
      "quantityPrice": 7.19,
      "quantityPriceQuantity": "6.0",
      "measurementUnitPrice": 9.99,
      "measurementUnitQuantityPrice": 9.59,
      "measurementUnit": "L",
      "isRedPrice": false,
      "pricePerUOM": 9.99,
      "activationDate": "02-01-2024",
      "isPromoActive": "N",
      "priceChangeCode": "H",
      "quantityPricePerUOM": 9.59,
      "quantityActivationDate": "02-01-2024",
      "quantityPriceChangeCode": "H"
    },
    "isAvailable": true,
    "isPriceAvailable": true,
    "inPromo": false,
    "gtin": [
      "03077051500367",
      "03077051500374",
      "03077051600043",
      "03077051600050",
      "03077051800689",
      "03077051800696",
      "03077051201325"
    ],
    "topCategoryName": "Wijn",
    "topCategoryId": "421",
    "businessDomain": "RETAIL_BE",
    "IsPrivateLabel": false,
    "IsBiffe": false,
    "WeightconversionFactor": "0",
    "IsWeightArticle": false,
    "IsBio": true,
    "CountryOfOrigin": "FRANKRIJK",
    "IsExclusivelySoldInLuxembourg": false,
    "OrderUnit": "P",
    "ShortName": "SABLI.ROSE ANJOU BIO75C",
    "InSeason": true,
    "IsNew": false,
    "RecentQuanityOfStockUnits": "1,1,6",
    "LongName": "Rosé d'Anjou La Sablière Bio 75cl",
    "AlcoholVolume": "11.5",
    "StartSeasonDate": "17/01/2019",
    "FicCode": "E"
  },
  {
    "productId": "619437",
    "technicalArticleNumber": "4297496",
    "commercialArticleNumber": "23441",
    "name": "Koaa Haut-Poitou Sauvignon wit",
    "description": "FRANKRIJK LOIRE DROOG WIT: Druif:\nSauvignon. Fijne wijn, nerveus, met\ngrassige tonen en goede levendige\nsmaak. Koel schenken als apero of bij\nslaatjes en vis.",
    "thumbNail": "https://static.colruytgroup.com/images/200x200/std.lang.all/59/61/asset-2145961.jpg",
    "fullImage": "https://static.colruytgroup.com/images/500x500/std.lang.all/59/61/asset-2145961.jpg",
    "squareImage": "https://static.colruytgroup.com/images/500x500sq/std.lang.all/59/61/asset-2145961.jpg",
    "content": "75cl",
    "walkRouteSequenceNumber": 169,
    "price": {
      "basicPrice": 7.49,
      "recommendedQuantity": "1.0",
      "measurementUnitPrice": 9.99,
      "measurementUnit": "L",
      "isRedPrice": false,
      "pricePerUOM": 9.99,
      "activationDate": "22-03-2024",
      "recordSource": "Offline",
      "isPromoActive": "N",
      "priceChangeCode": "H"
    },
    "isAvailable": true,
    "isPriceAvailable": true,
    "inPromo": false,
    "gtin": [
      "03176780038261",
      "03176781042632"
    ],
    "topCategoryName": "Wijn",
    "topCategoryId": "421",
    "businessDomain": "RETAIL_BE",
    "IsPrivateLabel": false,
    "IsBiffe": false,
    "WeightconversionFactor": "0",
    "IsWeightArticle": false,
    "IsBio": false,
    "CountryOfOrigin": "FRANKRIJK",
    "IsExclusivelySoldInLuxembourg": false,
    "OrderUnit": "P",
    "ShortName": "KOAA HAUT-POITOU 75 CL",
    "IsNew": false,
    "RecentQuanityOfStockUnits": "1,6",
    "LongName": "Koaa Haut-Poitou Sauvignon wit 75cl",
    "AlcoholVolume": "12.5",
    "FicCode": "E"
  },
  {
    "productId": "23696",
    "technicalArticleNumber": "1934612",
    "commercialArticleNumber": "17823",
    "name": "champagne brut",
    "description": "FRANKRIJK CHAMPAGNE DROOG\nIdeale Champagne als aperitief.\nBij voorkeur te drinken op 6 à 8°C.",
    "brand": "POL GARDERE",
    "seoBrand": "Pol Gardere",
    "thumbNail": "https://static.colruytgroup.com/images/200x200/std.lang.all/69/90/asset-1316990.jpg",
    "fullImage": "https://static.colruytgroup.com/images/500x500/std.lang.all/69/90/asset-1316990.jpg",
    "squareImage": "https://static.colruytgroup.com/images/500x500sq/std.lang.all/69/90/asset-1316990.jpg",
    "content": "75cl",
    "walkRouteSequenceNumber": 429,
    "price": {
      "basicPrice": 19.99,
      "recommendedQuantity": "1.0",
      "measurementUnitPrice": 26.66,
      "measurementUnit": "L",
      "isRedPrice": false,
      "pricePerUOM": 26.66,
      "activationDate": "19-03-2024",
      "recordSource": "Folder",
      "isPromoActive": "N",
      "priceChangeCode": "H"
    },
    "isAvailable": true,
    "isPriceAvailable": true,
    "inPromo": false,
    "gtin": [
      "03287117401464",
      "03287117401419"
    ],
    "topCategoryName": "Wijn",
    "topCategoryId": "421",
    "businessDomain": "RETAIL_BE",
    "IsPrivateLabel": false,
    "IsBiffe": false,
    "WeightconversionFactor": "0",
    "IsWeightArticle": false,
    "IsBio": false,
    "CountryOfOrigin": "FRANKRIJK",
    "IsExclusivelySoldInLuxembourg": false,
    "OrderUnit": "P",
    "ShortName": "CHAMP.GARDERE BRUT 75C",
    "IsNew": false,
    "RecentQuanityOfStockUnits": "1,6",
    "LongName": "POL GARDERE champagne brut 75cl",
    "AlcoholVolume": "12",
    "FicCode": "E"
  },
  {
    "productId": "15752",
    "technicalArticleNumber": "1603133",
    "commercialArticleNumber": "17870",
    "name": "Fantini Rosato Cerasuolo d'Abruzzo",
    "description": "ITALIE ROSé\nJonge frisse en soepele wijn met\nheerlijk rood primeurfruit. Een echte\nfruitbom! Ideaal bij koude gerechten\nof als terraswijntje. Koel schenken.",
    "thumbNail": "https://static.colruytgroup.com/images/200x200/std.lang.all/86/26/asset-378626.jpg",
    "fullImage": "https://static.colruytgroup.com/images/500x500/std.lang.all/86/26/asset-378626.jpg",
    "squareImage": "https://static.colruytgroup.com/images/500x500sq/std.lang.all/86/26/asset-378626.jpg",
    "content": "75cl",
    "walkRouteSequenceNumber": 445,
    "price": {
      "basicPrice": 5.79,
      "recommendedQuantity": "1.0",
      "measurementUnitPrice": 7.72,
      "measurementUnit": "L",
      "isRedPrice": false,
      "pricePerUOM": 7.72,
      "activationDate": "14-02-2024",
      "isPromoActive": "N",
      "priceChangeCode": "E"
    },
    "isAvailable": true,
    "isPriceAvailable": true,
    "inPromo": false,
    "gtin": [
      "08019873424006",
      "08019873424174"
    ],
    "topCategoryName": "Wijn",
    "topCategoryId": "421",
    "businessDomain": "RETAIL_BE",
    "IsPrivateLabel": false,
    "IsBiffe": false,
    "WeightconversionFactor": "0",
    "IsWeightArticle": false,
    "IsBio": false,
    "CountryOfOrigin": "ITALIË",
    "IsExclusivelySoldInLuxembourg": false,
    "OrderUnit": "P",
    "ShortName": "FANTINI ROSATO ABRUZZO",
    "InSeason": true,
    "IsNew": false,
    "RecentQuanityOfStockUnits": "6,1",
    "LongName": "Fantini Rosato Cerasuolo d'Abruzzo 75cl",
    "AlcoholVolume": "13",
    "StartSeasonDate": "08/01/2008",
    "FicCode": "E"
  },
  {
    "productId": "295121",
    "technicalArticleNumber": "3682806",
    "commercialArticleNumber": "12191",
    "name": "La Cuvée Brut",
    "description": "CHAMPAGNE BRUT\nRijping verlengd met een jaar. Aandeel\nChardonnay verhoogd op 60%, assemblage\nvan 100 crus ipv 50. Resultaat: nog\nlekkerder en meer finesse",
    "brand": "LAURENT-PERRIER",
    "seoBrand": "Laurent-Perrier",
    "thumbNail": "https://static.colruytgroup.com/images/200x200/std.lang.all/09/55/asset-3270955.jpg",
    "fullImage": "https://static.colruytgroup.com/images/500x500/std.lang.all/09/55/asset-3270955.jpg",
    "squareImage": "https://static.colruytgroup.com/images/500x500sq/std.lang.all/09/55/asset-3270955.jpg",
    "content": "75cl",
    "walkRouteSequenceNumber": 471,
    "price": {
      "basicPrice": 40.99,
      "recommendedQuantity": "1.0",
      "measurementUnitPrice": 54.66,
      "measurementUnit": "L",
      "isRedPrice": false,
      "pricePerUOM": 54.66,
      "activationDate": "02-01-2024",
      "recordSource": "Offline",
      "isPromoActive": "N",
      "priceChangeCode": "H"
    },
    "isAvailable": true,
    "isPriceAvailable": true,
    "inPromo": false,
    "gtin": [
      "03258430040616",
      "03258430040760",
      "03258431220000",
      "03258430034622",
      "03258430034639",
      "03258430038941",
      "03258430038996",
      "00084878169007"
    ],
    "topCategoryName": "Wijn",
    "topCategoryId": "421",
    "businessDomain": "RETAIL_BE",
    "IsPrivateLabel": false,
    "IsBiffe": false,
    "WeightconversionFactor": "0",
    "IsWeightArticle": false,
    "IsBio": false,
    "CountryOfOrigin": "FRANKRIJK",
    "IsExclusivelySoldInLuxembourg": false,
    "OrderUnit": "P",
    "ShortName": "/LAPE LA CUVEE BRUT 75C",
    "IsNew": false,
    "EcoscoreLabel": "C",
    "RecentQuanityOfStockUnits": "1,1,6,6",
    "LongName": "LAURENT-PERRIER La Cuvée Brut 75cl",
    "AlcoholVolume": "12",
    "FicCode": "E",
    "EcoscoreValue": "58"
  },
  {
    "productId": "856841",
    "technicalArticleNumber": "4706491",
    "commercialArticleNumber": "31450",
    "name": "Dom. de la Tible Rosé IGP Var",
    "description": "FRANKRIJK DROOG IGP VAR ROSE\nVin de Pays du Var. Mooie rosé\nmet fruitige en floraal aroma's.\nLekker sappig met fruitige afdronk.\nBij voorgerechten, vis, schaaldieren.",
    "thumbNail": "https://static.colruytgroup.com/images/200x200/std.lang.all/53/46/asset-3205346.jpg",
    "fullImage": "https://static.colruytgroup.com/images/500x500/std.lang.all/53/46/asset-3205346.jpg",
    "squareImage": "https://static.colruytgroup.com/images/500x500sq/std.lang.all/53/46/asset-3205346.jpg",
    "content": "75cl",
    "walkRouteSequenceNumber": 475,
    "price": {
      "basicPrice": 5.69,
      "recommendedQuantity": "1.0",
      "measurementUnitPrice": 7.59,
      "measurementUnit": "L",
      "isRedPrice": true,
      "redPriceReason": "Promo",
      "referencePrice": 6.49,
      "retentionPeriod": 30,
      "pricePerUOM": 7.59,
      "activationDate": "13-03-2024",
      "isPromoActive": "Y",
      "priceChangeCode": "L"
    },
    "isAvailable": true,
    "isPriceAvailable": true,
    "inPromo": false,
    "gtin": [
      "03770017504101",
      "03770017504095"
    ],
    "topCategoryName": "Wijn",
    "topCategoryId": "421",
    "businessDomain": "RETAIL_BE",
    "IsPrivateLabel": false,
    "IsBiffe": false,
    "WeightconversionFactor": "0",
    "IsWeightArticle": false,
    "IsBio": false,
    "CountryOfOrigin": "FRANKRIJK",
    "IsExclusivelySoldInLuxembourg": false,
    "OrderUnit": "P",
    "ShortName": "DOM TIBLE ROSE VAR 75CL",
    "InSeason": true,
    "IsNew": false,
    "RecentQuanityOfStockUnits": "1,6",
    "LongName": "Dom. de la Tible Rosé IGP Var 75cl",
    "AlcoholVolume": "12.5",
    "StartSeasonDate": "21/12/2023",
    "FicCode": "E"
  },
  {
    "productId": "8698",
    "technicalArticleNumber": "1136214",
    "commercialArticleNumber": "17220",
    "name": "Shiraz-Cabernet Sauvignon",
    "description": "AUSTRALIE ROOD\nKrachtige, fruitige en gekruide wijn.\nVlezige wijn met ronde afdronk. Ideaal\nbij rood vlees, barbecue en kaas.\nHerbruikbare fles. QNH",
    "brand": "WARATAH",
    "seoBrand": "Waratah",
    "thumbNail": "https://static.colruytgroup.com/images/200x200/std.lang.all/05/19/asset-2870519.jpg",
    "fullImage": "https://static.colruytgroup.com/images/500x500/std.lang.all/05/19/asset-2870519.jpg",
    "squareImage": "https://static.colruytgroup.com/images/500x500sq/std.lang.all/05/19/asset-2870519.jpg",
    "content": "75cl",
    "walkRouteSequenceNumber": 415,
    "price": {
      "basicPrice": 3.99,
      "recommendedQuantity": "1.0",
      "measurementUnitPrice": 5.32,
      "measurementUnit": "L",
      "isRedPrice": false,
      "pricePerUOM": 5.32,
      "activationDate": "22-03-2024",
      "recordSource": "Offline",
      "isPromoActive": "N",
      "priceChangeCode": "E"
    },
    "isAvailable": true,
    "isPriceAvailable": true,
    "inPromo": false,
    "gtin": [
      "05400141172201",
      "05400141032857",
      "15400141172208",
      "15400141032854"
    ],
    "topCategoryName": "Wijn",
    "topCategoryId": "421",
    "businessDomain": "RETAIL_BE",
    "IsPrivateLabel": true,
    "IsBiffe": false,
    "WeightconversionFactor": "0",
    "IsWeightArticle": false,
    "IsBio": false,
    "CountryOfOrigin": "AUSTRALIË",
    "IsExclusivelySoldInLuxembourg": false,
    "OrderUnit": "P",
    "ShortName": "AUSTRALIE SHIRAZ CABERN",
    "IsNew": false,
    "EcoscoreLabel": "C",
    "RecentQuanityOfStockUnits": "1,6",
    "LongName": "WARATAH Shiraz-Cabernet Sauvignon 75cl",
    "AlcoholVolume": "14",
    "FicCode": "I",
    "DepositValue": [
      0.3
    ],
    "EcoscoreValue": "41"
  },
  {
    "productId": "1229",
    "technicalArticleNumber": "17457",
    "commercialArticleNumber": "17457",
    "name": "Château Pey la Tour",
    "description": "FRANKRIJK BORDEAUX ROOD\nFris, fruitig en aangenaam. Om jong te\ndrinken of zeker 5 jaar te bewaren.\nAanrader bij gebraad, vleesschotels en\nzachte kazen.",
    "thumbNail": "https://static.colruytgroup.com/images/200x200/std.lang.all/15/08/asset-2741508.jpg",
    "fullImage": "https://static.colruytgroup.com/images/500x500/std.lang.all/15/08/asset-2741508.jpg",
    "squareImage": "https://static.colruytgroup.com/images/500x500sq/std.lang.all/15/08/asset-2741508.jpg",
    "content": "75cl",
    "walkRouteSequenceNumber": 142,
    "price": {
      "basicPrice": 7.49,
      "recommendedQuantity": "1.0",
      "quantityPrice": 7.19,
      "quantityPriceQuantity": "6.0",
      "measurementUnitPrice": 9.99,
      "measurementUnitQuantityPrice": 9.59,
      "measurementUnit": "L",
      "isRedPrice": false,
      "pricePerUOM": 9.99,
      "activationDate": "02-01-2024",
      "isPromoActive": "N",
      "priceChangeCode": "H",
      "quantityPricePerUOM": 9.59,
      "quantityActivationDate": "02-01-2024",
      "quantityPriceChangeCode": "E"
    },
    "isAvailable": true,
    "isPriceAvailable": true,
    "inPromo": false,
    "gtin": [
      "03258690037296",
      "03258691431635",
      "03258691526911",
      "03258691552637",
      "03258691589541",
      "03258691598215",
      "03258690037289"
    ],
    "topCategoryName": "Wijn",
    "topCategoryId": "421",
    "businessDomain": "RETAIL_BE",
    "IsPrivateLabel": false,
    "IsBiffe": false,
    "WeightconversionFactor": "0",
    "IsWeightArticle": false,
    "IsBio": false,
    "CountryOfOrigin": "FRANKRIJK",
    "IsExclusivelySoldInLuxembourg": false,
    "OrderUnit": "P",
    "ShortName": "CH PEY LA TOUR BORDEAUX",
    "IsNew": false,
    "RecentQuanityOfStockUnits": "1,1,6,6",
    "LongName": "Château Pey la Tour 75cl",
    "AlcoholVolume": "13",
    "FicCode": "E"
  },
  {
    "productId": "474809",
    "technicalArticleNumber": "4072817",
    "commercialArticleNumber": "7270",
    "name": "Brindisi DOC \"Virgilius\"",
    "description": "Rood Zuid-Italie\nRond, sappig, warm, gedroogd fruit\nen een bitter toetsje chocolade\ngegrild vlees, stoofpotje met konijn,\npasta's met saus. 2 a 3j",
    "thumbNail": "https://static.colruytgroup.com/images/200x200/std.lang.all/51/23/asset-3175123.jpg",
    "fullImage": "https://static.colruytgroup.com/images/500x500/std.lang.all/51/23/asset-3175123.jpg",
    "squareImage": "https://static.colruytgroup.com/images/500x500sq/std.lang.all/51/23/asset-3175123.jpg",
    "content": "75cl",
    "walkRouteSequenceNumber": 327,
    "price": {
      "basicPrice": 6.29,
      "recommendedQuantity": "1.0",
      "quantityPrice": 6.04,
      "quantityPriceQuantity": "6.0",
      "measurementUnitPrice": 8.39,
      "measurementUnitQuantityPrice": 8.06,
      "measurementUnit": "L",
      "isRedPrice": false,
      "pricePerUOM": 8.39,
      "activationDate": "17-11-2023",
      "isPromoActive": "N",
      "priceChangeCode": "E",
      "quantityPricePerUOM": 8.06,
      "quantityActivationDate": "17-11-2023",
      "quantityPriceChangeCode": "E"
    },
    "isAvailable": true,
    "isPriceAvailable": true,
    "inPromo": false,
    "gtin": [
      "08032430002004",
      "08032430002011"
    ],
    "topCategoryName": "Wijn",
    "topCategoryId": "421",
    "businessDomain": "RETAIL_BE",
    "IsPrivateLabel": false,
    "IsBiffe": false,
    "WeightconversionFactor": "0",
    "IsWeightArticle": false,
    "IsBio": false,
    "CountryOfOrigin": "ITALIË",
    "IsExclusivelySoldInLuxembourg": false,
    "OrderUnit": "P",
    "ShortName": "BRINDISI VIRGILIUS",
    "IsNew": false,
    "RecentQuanityOfStockUnits": "6,1",
    "LongName": "Brindisi DOC \"Virgilius\" 75cl",
    "AlcoholVolume": "13.5",
    "FicCode": "E"
  },
  {
    "productId": "142734",
    "technicalArticleNumber": "3280765",
    "commercialArticleNumber": "19923",
    "name": "Vallée du Paradis Caprice des Anges",
    "description": "Droge rosé uit de Corbières streek.\nAromatich en fris. Klein rood fruit\nen kruidige toets in de mond.\nVoor een terrasje, slaatje, BBQ, kip,\ngeroosterde vis, tapas...",
    "thumbNail": "https://static.colruytgroup.com/images/200x200/std.lang.all/75/06/asset-3217506.jpg",
    "fullImage": "https://static.colruytgroup.com/images/500x500/std.lang.all/75/06/asset-3217506.jpg",
    "squareImage": "https://static.colruytgroup.com/images/500x500sq/std.lang.all/75/06/asset-3217506.jpg",
    "content": "75cl",
    "walkRouteSequenceNumber": 484,
    "price": {
      "basicPrice": 5.69,
      "recommendedQuantity": "1.0",
      "quantityPrice": 5.46,
      "quantityPriceQuantity": "6.0",
      "measurementUnitPrice": 7.59,
      "measurementUnitQuantityPrice": 7.28,
      "measurementUnit": "L",
      "isRedPrice": false,
      "pricePerUOM": 7.59,
      "activationDate": "02-01-2024",
      "isPromoActive": "N",
      "priceChangeCode": "H",
      "quantityPricePerUOM": 7.28,
      "quantityActivationDate": "02-01-2024",
      "quantityPriceChangeCode": "E"
    },
    "isAvailable": true,
    "isPriceAvailable": true,
    "inPromo": false,
    "gtin": [
      "03331560506990",
      "03331560500998"
    ],
    "topCategoryName": "Wijn",
    "topCategoryId": "421",
    "businessDomain": "RETAIL_BE",
    "IsPrivateLabel": false,
    "IsBiffe": false,
    "WeightconversionFactor": "0",
    "IsWeightArticle": false,
    "IsBio": false,
    "CountryOfOrigin": "BELGIË",
    "IsExclusivelySoldInLuxembourg": false,
    "OrderUnit": "P",
    "ShortName": "ANGES GRIS PARADIS",
    "InSeason": true,
    "IsNew": false,
    "EcoscoreLabel": "B",
    "RecentQuanityOfStockUnits": "6,1",
    "LongName": "Vallée du Paradis Caprice des Anges 75cl",
    "AlcoholVolume": "13",
    "StartSeasonDate": "30/01/2024",
    "FicCode": "E",
    "EcoscoreValue": "60"
  },
  {
    "productId": "1246",
    "technicalArticleNumber": "17648",
    "commercialArticleNumber": "17648",
    "name": "Pinot Gris 1er Cru Luxemburg",
    "description": "LUXEMBURG DROOG WIT\nZeer fijne, frisse wijn met subtiel,\naromatisch boeket. Druivensoort: Pinot\nGris. Koel serveren bij vis, schaal-\nen schelpdieren. QAD",
    "thumbNail": "https://static.colruytgroup.com/images/200x200/std.lang.all/98/01/asset-349801.jpg",
    "fullImage": "https://static.colruytgroup.com/images/500x500/std.lang.all/98/01/asset-349801.jpg",
    "squareImage": "https://static.colruytgroup.com/images/500x500sq/std.lang.all/98/01/asset-349801.jpg",
    "content": "75cl",
    "walkRouteSequenceNumber": 224,
    "price": {
      "basicPrice": 7.99,
      "recommendedQuantity": "1.0",
      "quantityPrice": 7.35,
      "quantityPriceQuantity": "6.0",
      "measurementUnitPrice": 10.66,
      "measurementUnitQuantityPrice": 9.8,
      "measurementUnit": "L",
      "isRedPrice": false,
      "pricePerUOM": 10.66,
      "activationDate": "28-02-2024",
      "recordSource": "Offline",
      "isPromoActive": "N",
      "priceChangeCode": "E",
      "quantityPricePerUOM": 9.8,
      "quantityActivationDate": "28-02-2024",
      "quantityPriceChangeCode": "E"
    },
    "isAvailable": true,
    "isPriceAvailable": true,
    "inPromo": false,
    "gtin": [
      "05450064001256",
      "05450064001263",
      "05450064001072"
    ],
    "topCategoryName": "Wijn",
    "topCategoryId": "421",
    "businessDomain": "RETAIL_BE",
    "IsPrivateLabel": false,
    "IsBiffe": false,
    "WeightconversionFactor": "0",
    "IsWeightArticle": false,
    "IsBio": false,
    "CountryOfOrigin": "LUXEMBURG",
    "IsExclusivelySoldInLuxembourg": false,
    "OrderUnit": "P",
    "ShortName": "PINOT GRIS 1ER CRU",
    "IsNew": false,
    "EcoscoreLabel": "D",
    "RecentQuanityOfStockUnits": "1,6",
    "LongName": "Pinot Gris 1er Cru Luxemburg 75cl",
    "AlcoholVolume": "13.5",
    "FicCode": "E",
    "EcoscoreValue": "23"
  },
  {
    "productId": "517385",
    "technicalArticleNumber": "4099296",
    "commercialArticleNumber": "8452",
    "name": "Verso Rosato IGT Puglia",
    "description": "ITALIE PUGLIA ROSE HALF-ZOET",
    "thumbNail": "https://static.colruytgroup.com/images/200x200/std.lang.all/22/13/asset-1832213.jpg",
    "fullImage": "https://static.colruytgroup.com/images/500x500/std.lang.all/22/13/asset-1832213.jpg",
    "squareImage": "https://static.colruytgroup.com/images/500x500sq/std.lang.all/22/13/asset-1832213.jpg",
    "content": "75cl",
    "walkRouteSequenceNumber": 439,
    "price": {
      "basicPrice": 6.29,
      "recommendedQuantity": "1.0",
      "quantityPrice": 6.04,
      "quantityPriceQuantity": "6.0",
      "measurementUnitPrice": 8.39,
      "measurementUnitQuantityPrice": 8.06,
      "measurementUnit": "L",
      "isRedPrice": false,
      "pricePerUOM": 8.39,
      "activationDate": "09-08-2023",
      "isPromoActive": "N",
      "priceChangeCode": "E",
      "quantityPricePerUOM": 8.06,
      "quantityActivationDate": "09-08-2023",
      "quantityPriceChangeCode": "E"
    },
    "isAvailable": true,
    "isPriceAvailable": true,
    "inPromo": false,
    "gtin": [
      "08008863060652",
      "08008863304787"
    ],
    "topCategoryName": "Wijn",
    "topCategoryId": "421",
    "businessDomain": "RETAIL_BE",
    "IsPrivateLabel": false,
    "IsBiffe": false,
    "WeightconversionFactor": "0",
    "IsWeightArticle": false,
    "IsBio": false,
    "CountryOfOrigin": "ITALIË",
    "IsExclusivelySoldInLuxembourg": false,
    "OrderUnit": "P",
    "ShortName": "VERSO ROSATO IGT PUGLIA",
    "IsNew": false,
    "RecentQuanityOfStockUnits": "6,1",
    "LongName": "Verso Rosato IGT Puglia 75cl",
    "AlcoholVolume": "12.5",
    "FicCode": "E"
  },
  {
    "productId": "1026398",
    "technicalArticleNumber": "4791581",
    "commercialArticleNumber": "33538",
    "name": "La Capitainerie Viognier blanc 2023",
    "thumbNail": "https://static.colruytgroup.com/images/200x200/std.lang.all/25/64/asset-3432564.jpg",
    "fullImage": "https://static.colruytgroup.com/images/500x500/std.lang.all/25/64/asset-3432564.jpg",
    "squareImage": "https://static.colruytgroup.com/images/500x500sq/std.lang.all/25/64/asset-3432564.jpg",
    "content": "75cl",
    "walkRouteSequenceNumber": 294,
    "price": {
      "basicPrice": 6.65,
      "recommendedQuantity": "1.0",
      "quantityPrice": 6.38,
      "quantityPriceQuantity": "6.0",
      "measurementUnitPrice": 8.87,
      "measurementUnitQuantityPrice": 8.51,
      "measurementUnit": "L",
      "isRedPrice": true,
      "redPriceReason": "Promo",
      "referencePrice": 6.7,
      "retentionPeriod": 30,
      "pricePerUOM": 8.87,
      "activationDate": "13-03-2024",
      "isPromoActive": "Y",
      "priceChangeCode": "L",
      "quantityPricePerUOM": 8.51,
      "quantityActivationDate": "13-03-2024",
      "quantityPriceChangeCode": "L"
    },
    "isAvailable": true,
    "isPriceAvailable": true,
    "inPromo": false,
    "gtin": [
      "03262850049210"
    ],
    "topCategoryName": "Wijn",
    "topCategoryId": "421",
    "businessDomain": "RETAIL_BE",
    "IsPrivateLabel": false,
    "IsBiffe": false,
    "WeightconversionFactor": "0",
    "IsWeightArticle": false,
    "IsBio": false,
    "CountryOfOrigin": "FRANKRIJK",
    "IsExclusivelySoldInLuxembourg": false,
    "OrderUnit": "P",
    "ShortName": "CAPITAINER.BLANC23 75CL",
    "IsNew": true,
    "RecentQuanityOfStockUnits": "6,1",
    "LongName": "La Capitainerie Viognier blanc 2023 75cl",
    "AlcoholVolume": "12.5",
    "FicCode": "E"
  },
  {
    "productId": "887896",
    "technicalArticleNumber": "4747493",
    "commercialArticleNumber": "32794",
    "name": "Un Air d'Ici Bio",
    "description": "Minervois AOP Bio, zonder sulfiet\ngevinifieerd. Karaktervol, kruidig en\nmooi fruitig.\nIdeaal met roodvlees winterse\ngerechten. Bewaring: 3 à 5 jaar.",
    "brand": "ARTISANS PARTISANS",
    "seoBrand": "Artisans Partisans",
    "thumbNail": "https://static.colruytgroup.com/images/200x200/std.lang.all/13/63/asset-3271363.jpg",
    "fullImage": "https://static.colruytgroup.com/images/500x500/std.lang.all/13/63/asset-3271363.jpg",
    "squareImage": "https://static.colruytgroup.com/images/500x500sq/std.lang.all/13/63/asset-3271363.jpg",
    "content": "75cl",
    "walkRouteSequenceNumber": 259,
    "price": {
      "basicPrice": 7.49,
      "recommendedQuantity": "1.0",
      "measurementUnitPrice": 9.99,
      "measurementUnit": "L",
      "isRedPrice": false,
      "pricePerUOM": 9.99,
      "activationDate": "13-03-2024",
      "isPromoActive": "Y",
      "priceChangeCode": "E"
    },
    "isAvailable": true,
    "isPriceAvailable": true,
    "inPromo": true,
    "promotion": [
      {
        "techPromoId": "100941COLR",
        "promotionId": "100941",
        "promotionType": "4",
        "isPersonalized": "N",
        "publicationStartDate": "13-03-2024",
        "publicationEndDate": "26-03-2024"
      }
    ],
    "gtin": [
      "03418230008302",
      "03418230008296"
    ],
    "topCategoryName": "Wijn",
    "topCategoryId": "421",
    "businessDomain": "RETAIL_BE",
    "IsPrivateLabel": false,
    "IsBiffe": false,
    "WeightconversionFactor": "0",
    "IsWeightArticle": false,
    "IsBio": true,
    "CountryOfOrigin": "FRANKRIJK",
    "IsExclusivelySoldInLuxembourg": false,
    "OrderUnit": "P",
    "ShortName": "MINERVOIS BIO 75CL",
    "IsNew": false,
    "RecentQuanityOfStockUnits": "6,1",
    "LongName": "ARTISANS PARTISANS Un Air d'Ici Bio 75cl",
    "AlcoholVolume": "14",
    "FicCode": "E"
  },
  {
    "productId": "355953",
    "technicalArticleNumber": "3859276",
    "commercialArticleNumber": "41875",
    "name": "Rioja Torrealdea Reserva",
    "description": "Rode wijn uit de Rioja\nReserva betekent 2 jaar vatrijping en\néén jaar flesrijping (of langer)\nalvorens die op de markt mag komen",
    "thumbNail": "https://static.colruytgroup.com/images/200x200/std.lang.all/14/30/asset-1521430.jpg",
    "fullImage": "https://static.colruytgroup.com/images/500x500/std.lang.all/14/30/asset-1521430.jpg",
    "squareImage": "https://static.colruytgroup.com/images/500x500sq/std.lang.all/14/30/asset-1521430.jpg",
    "content": "75cl",
    "walkRouteSequenceNumber": 319,
    "price": {
      "basicPrice": 7.99,
      "recommendedQuantity": "1.0",
      "measurementUnitPrice": 10.66,
      "measurementUnit": "L",
      "isRedPrice": false,
      "pricePerUOM": 10.66,
      "activationDate": "14-03-2024",
      "recordSource": "Offline",
      "isPromoActive": "N",
      "priceChangeCode": "H"
    },
    "isAvailable": true,
    "isPriceAvailable": true,
    "inPromo": false,
    "gtin": [
      "28423513000446",
      "08423513002439"
    ],
    "topCategoryName": "Wijn",
    "topCategoryId": "421",
    "businessDomain": "RETAIL_BE",
    "IsPrivateLabel": false,
    "IsBiffe": false,
    "WeightconversionFactor": "0",
    "IsWeightArticle": false,
    "IsBio": false,
    "CountryOfOrigin": "SPANJE",
    "IsExclusivelySoldInLuxembourg": false,
    "OrderUnit": "P",
    "ShortName": "RIOJA TORREALDEA RESERV",
    "IsNew": false,
    "EcoscoreLabel": "C",
    "RecentQuanityOfStockUnits": "1,6",
    "LongName": "Rioja Torrealdea Reserva 75cl",
    "AlcoholVolume": "14",
    "FicCode": "E",
    "EcoscoreValue": "45"
  },
  {
    "productId": "185626",
    "technicalArticleNumber": "3461269",
    "commercialArticleNumber": "14714",
    "name": "Casa Mayor Chard.Res Rio Andes",
    "description": "*Chili, Colchagua\n*Chardonnay\n*Bewaring: 2 à 3jaar\n*Schenktemp: 8 à 10°\n*Rijk,krachtig",
    "thumbNail": "https://static.colruytgroup.com/images/200x200/std.lang.all/81/76/asset-2078176.jpg",
    "fullImage": "https://static.colruytgroup.com/images/500x500/std.lang.all/81/76/asset-2078176.jpg",
    "squareImage": "https://static.colruytgroup.com/images/500x500sq/std.lang.all/81/76/asset-2078176.jpg",
    "content": "75cl",
    "walkRouteSequenceNumber": 361,
    "price": {
      "basicPrice": 6.95,
      "recommendedQuantity": "1.0",
      "measurementUnitPrice": 9.27,
      "measurementUnit": "L",
      "isRedPrice": false,
      "pricePerUOM": 9.27,
      "activationDate": "14-02-2024",
      "isPromoActive": "N",
      "priceChangeCode": "E"
    },
    "isAvailable": true,
    "isPriceAvailable": true,
    "inPromo": false,
    "gtin": [
      "27804454000787",
      "07804454000783"
    ],
    "topCategoryName": "Wijn",
    "topCategoryId": "421",
    "businessDomain": "RETAIL_BE",
    "IsPrivateLabel": false,
    "IsBiffe": false,
    "WeightconversionFactor": "0",
    "IsWeightArticle": false,
    "IsBio": false,
    "CountryOfOrigin": "CHILI",
    "IsExclusivelySoldInLuxembourg": false,
    "OrderUnit": "P",
    "ShortName": "CMAYOR CHARD RES ANDES",
    "InSeason": true,
    "IsNew": false,
    "RecentQuanityOfStockUnits": "1,6",
    "LongName": "Casa Mayor Chard.Res Rio Andes 75cl",
    "AlcoholVolume": "13.6",
    "StartSeasonDate": "07/11/2022",
    "FicCode": "E"
  },
  {
    "productId": "6103",
    "technicalArticleNumber": "1161381",
    "commercialArticleNumber": "1518",
    "name": "Bio Montepulciano San Francesco",
    "description": "Italië - Montepulciano.\nSchitterende Montepulciano met een\nintens donkere kleur. Aroma's van\nzwart fruit, viooltjes en zoethout.\nPittig, met veel fruit en kruidigheid",
    "thumbNail": "https://static.colruytgroup.com/images/200x200/std.lang.all/80/14/asset-3248014.jpg",
    "fullImage": "https://static.colruytgroup.com/images/500x500/std.lang.all/80/14/asset-3248014.jpg",
    "squareImage": "https://static.colruytgroup.com/images/500x500sq/std.lang.all/80/14/asset-3248014.jpg",
    "content": "75cl",
    "walkRouteSequenceNumber": 315,
    "price": {
      "basicPrice": 8.95,
      "recommendedQuantity": "1.0",
      "quantityPrice": 8.23,
      "quantityPriceQuantity": "6.0",
      "measurementUnitPrice": 11.94,
      "measurementUnitQuantityPrice": 10.98,
      "measurementUnit": "L",
      "isRedPrice": false,
      "pricePerUOM": 11.94,
      "activationDate": "28-02-2024",
      "isPromoActive": "N",
      "priceChangeCode": "E",
      "quantityPricePerUOM": 10.98,
      "quantityActivationDate": "28-02-2024",
      "quantityPriceChangeCode": "E"
    },
    "isAvailable": true,
    "isPriceAvailable": true,
    "inPromo": false,
    "gtin": [
      "08032853720912",
      "08032853720929",
      "08028552332716"
    ],
    "topCategoryName": "Wijn",
    "topCategoryId": "421",
    "businessDomain": "RETAIL_BE",
    "IsPrivateLabel": false,
    "IsBiffe": false,
    "WeightconversionFactor": "0",
    "IsWeightArticle": false,
    "IsBio": true,
    "CountryOfOrigin": "ITALIË",
    "IsExclusivelySoldInLuxembourg": false,
    "OrderUnit": "P",
    "ShortName": "BIO MONTEPULCIANO ABRUZ",
    "InSeason": true,
    "IsNew": false,
    "EcoscoreLabel": "D",
    "RecentQuanityOfStockUnits": "1,6",
    "LongName": "Bio Montepulciano San Francesco 75cl",
    "AlcoholVolume": "12",
    "StartSeasonDate": "08/11/2012",
    "FicCode": "E",
    "EcoscoreValue": "22"
  },
  {
    "productId": "883091",
    "technicalArticleNumber": "4741219",
    "commercialArticleNumber": "20339",
    "name": "Falanghina del Sannio",
    "description": "ITALIE DROOG WIT\nStreek van Campania. Voor 100 % uit de\nFalanghina-druif. Soepele harmonieuze\nwijn. Floraal en fruitig.\nHeerlijk bij vis en wit vlees.",
    "brand": "LA GUARDIENSE",
    "seoBrand": "La Guardiense",
    "thumbNail": "https://static.colruytgroup.com/images/200x200/std.lang.all/70/47/asset-3267047.jpg",
    "fullImage": "https://static.colruytgroup.com/images/500x500/std.lang.all/70/47/asset-3267047.jpg",
    "squareImage": "https://static.colruytgroup.com/images/500x500sq/std.lang.all/70/47/asset-3267047.jpg",
    "content": "75cl",
    "walkRouteSequenceNumber": 280,
    "price": {
      "basicPrice": 6.95,
      "recommendedQuantity": "1.0",
      "quantityPrice": 6.67,
      "quantityPriceQuantity": "6.0",
      "measurementUnitPrice": 9.27,
      "measurementUnitQuantityPrice": 8.9,
      "measurementUnit": "L",
      "isRedPrice": false,
      "pricePerUOM": 9.27,
      "activationDate": "13-03-2024",
      "isPromoActive": "Y",
      "priceChangeCode": "E",
      "quantityPricePerUOM": 8.9,
      "quantityActivationDate": "13-03-2024",
      "quantityPriceChangeCode": "E"
    },
    "isAvailable": true,
    "isPriceAvailable": true,
    "inPromo": false,
    "gtin": [
      "08010145065033",
      "08010145065040"
    ],
    "topCategoryName": "Wijn",
    "topCategoryId": "421",
    "businessDomain": "RETAIL_BE",
    "IsPrivateLabel": false,
    "IsBiffe": false,
    "WeightconversionFactor": "0",
    "IsWeightArticle": false,
    "IsBio": false,
    "CountryOfOrigin": "ITALIË",
    "IsExclusivelySoldInLuxembourg": false,
    "OrderUnit": "P",
    "ShortName": "FALANGHINA SANNIO 75CL",
    "IsNew": false,
    "RecentQuanityOfStockUnits": "6,1",
    "LongName": "LA GUARDIENSE Falanghina del Sannio 75cl",
    "AlcoholVolume": "12.5",
    "FicCode": "E"
  },
  {
    "productId": "1020134",
    "technicalArticleNumber": "4789052",
    "commercialArticleNumber": "10901",
    "name": "D.O. Albarino Rias baixas",
    "brand": "LOLO",
    "seoBrand": "LOLO",
    "thumbNail": "https://static.colruytgroup.com/images/200x200/std.lang.all/25/63/asset-3432563.jpg",
    "fullImage": "https://static.colruytgroup.com/images/500x500/std.lang.all/25/63/asset-3432563.jpg",
    "squareImage": "https://static.colruytgroup.com/images/500x500sq/std.lang.all/25/63/asset-3432563.jpg",
    "content": "75cl",
    "walkRouteSequenceNumber": 284,
    "price": {
      "basicPrice": 7.99,
      "recommendedQuantity": "1.0",
      "measurementUnitPrice": 10.66,
      "measurementUnit": "L",
      "isRedPrice": false,
      "pricePerUOM": 10.66,
      "activationDate": "13-03-2024",
      "recordSource": "Offline",
      "isPromoActive": "N",
      "priceChangeCode": "E"
    },
    "isAvailable": true,
    "isPriceAvailable": true,
    "inPromo": false,
    "gtin": [
      "08437008356075",
      "18437008356072"
    ],
    "topCategoryName": "Wijn",
    "topCategoryId": "421",
    "businessDomain": "RETAIL_BE",
    "IsPrivateLabel": false,
    "IsBiffe": false,
    "WeightconversionFactor": "0",
    "IsWeightArticle": false,
    "IsBio": false,
    "CountryOfOrigin": "SPANJE",
    "IsExclusivelySoldInLuxembourg": false,
    "OrderUnit": "P",
    "ShortName": "LOLO ALBARINO BAIXAS",
    "IsNew": true,
    "RecentQuanityOfStockUnits": "1,6",
    "LongName": "LOLO D.O. Albarino Rias baixas 75cl",
    "AlcoholVolume": "12.4",
    "FicCode": "E"
  },
  {
    "productId": "700423",
    "technicalArticleNumber": "4432107",
    "commercialArticleNumber": "13168",
    "name": "2018",
    "description": "Onze exclusiviteit (al meer dan\n60 jaar) uit Haut-Médoc. Een vaste\nwaarde en garantie voor onberispelijke\nprijs/kwaliteit verhouding.",
    "brand": "CHÂTEAU COUFRAN",
    "seoBrand": "Château Coufran",
    "thumbNail": "https://static.colruytgroup.com/images/200x200/std.lang.all/42/70/asset-2844270.jpg",
    "fullImage": "https://static.colruytgroup.com/images/500x500/std.lang.all/42/70/asset-2844270.jpg",
    "squareImage": "https://static.colruytgroup.com/images/500x500sq/std.lang.all/42/70/asset-2844270.jpg",
    "content": "75cl",
    "walkRouteSequenceNumber": 50,
    "price": {
      "basicPrice": 15.95,
      "recommendedQuantity": "1.0",
      "measurementUnitPrice": 21.27,
      "measurementUnit": "L",
      "isRedPrice": false,
      "pricePerUOM": 21.27,
      "activationDate": "02-01-2024",
      "isPromoActive": "N",
      "priceChangeCode": "E"
    },
    "isAvailable": true,
    "isPriceAvailable": true,
    "inPromo": false,
    "gtin": [
      "03289365018128",
      "03289360018123"
    ],
    "topCategoryName": "Wijn",
    "topCategoryId": "421",
    "businessDomain": "RETAIL_BE",
    "IsPrivateLabel": false,
    "IsBiffe": false,
    "WeightconversionFactor": "0",
    "IsWeightArticle": false,
    "IsBio": false,
    "CountryOfOrigin": "FRANKRIJK",
    "IsExclusivelySoldInLuxembourg": false,
    "OrderUnit": "P",
    "ShortName": "CH COUFRAN 2018 75CL",
    "IsNew": false,
    "RecentQuanityOfStockUnits": "1,6",
    "LongName": "CHÂTEAU COUFRAN 2018 75cl",
    "AlcoholVolume": "14.5",
    "FicCode": "E"
  },
  {
    "productId": "779131",
    "technicalArticleNumber": "4573067",
    "commercialArticleNumber": "28613",
    "name": "Bicicleta Merlot Chili",
    "description": "CHILI ROOD KWALITEITSWIJN\nRuikend naar kers, braam en chocolade.\nSoepele fruitige smaak, zachte\nafdronk. Aanbevolen bij wit vlees,\nveggie, kruidige vleesschotels, kaas.",
    "thumbNail": "https://static.colruytgroup.com/images/200x200/std.lang.all/58/42/asset-2885842.jpg",
    "fullImage": "https://static.colruytgroup.com/images/500x500/std.lang.all/58/42/asset-2885842.jpg",
    "squareImage": "https://static.colruytgroup.com/images/500x500sq/std.lang.all/58/42/asset-2885842.jpg",
    "content": "75cl",
    "walkRouteSequenceNumber": 409,
    "price": {
      "basicPrice": 5.99,
      "recommendedQuantity": "1.0",
      "quantityPrice": 5.75,
      "quantityPriceQuantity": "6.0",
      "measurementUnitPrice": 7.99,
      "measurementUnitQuantityPrice": 7.67,
      "measurementUnit": "L",
      "isRedPrice": false,
      "pricePerUOM": 7.99,
      "activationDate": "31-01-2024",
      "recordSource": "Offline",
      "isPromoActive": "N",
      "priceChangeCode": "E",
      "quantityPricePerUOM": 7.67,
      "quantityActivationDate": "31-01-2024",
      "quantityPriceChangeCode": "H"
    },
    "isAvailable": true,
    "isPriceAvailable": true,
    "inPromo": false,
    "gtin": [
      "07804320462004",
      "07804320117379",
      "37804320462005"
    ],
    "topCategoryName": "Wijn",
    "topCategoryId": "421",
    "businessDomain": "RETAIL_BE",
    "IsPrivateLabel": false,
    "IsBiffe": false,
    "WeightconversionFactor": "0",
    "IsWeightArticle": false,
    "IsBio": false,
    "CountryOfOrigin": "CHILI",
    "IsExclusivelySoldInLuxembourg": false,
    "OrderUnit": "P",
    "ShortName": "BICICLETA MERLOT",
    "IsNew": false,
    "RecentQuanityOfStockUnits": "1,6,6",
    "LongName": "Bicicleta Merlot Chili 75cl",
    "AlcoholVolume": "13.1",
    "FicCode": "E"
  },
  {
    "productId": "1151",
    "technicalArticleNumber": "17673",
    "commercialArticleNumber": "17673",
    "name": "l'Excellence de Signargues",
    "description": "FRANKRIJK RHONE ROOD\nKrachtig en volumineus, met subtiele\nneus van fruit en viooltjes. Past zeer\ngoed bij gebraad, rood vlees, wild en\nkaasschotels. Bewaring: 3-4 jaar.",
    "thumbNail": "https://static.colruytgroup.com/images/200x200/std.lang.all/61/03/asset-2896103.jpg",
    "fullImage": "https://static.colruytgroup.com/images/500x500/std.lang.all/61/03/asset-2896103.jpg",
    "squareImage": "https://static.colruytgroup.com/images/500x500sq/std.lang.all/61/03/asset-2896103.jpg",
    "content": "75cl",
    "walkRouteSequenceNumber": 196,
    "price": {
      "basicPrice": 6.95,
      "recommendedQuantity": "1.0",
      "measurementUnitPrice": 9.27,
      "measurementUnit": "L",
      "isRedPrice": false,
      "pricePerUOM": 9.27,
      "activationDate": "14-03-2024",
      "isPromoActive": "N",
      "priceChangeCode": "H"
    },
    "isAvailable": true,
    "isPriceAvailable": true,
    "inPromo": false,
    "gtin": [
      "03268174004003",
      "03268171097312",
      "03268171097367"
    ],
    "topCategoryName": "Wijn",
    "topCategoryId": "421",
    "businessDomain": "RETAIL_BE",
    "IsPrivateLabel": false,
    "IsBiffe": false,
    "WeightconversionFactor": "0",
    "IsWeightArticle": false,
    "IsBio": false,
    "CountryOfOrigin": "FRANKRIJK",
    "IsExclusivelySoldInLuxembourg": false,
    "OrderUnit": "P",
    "ShortName": "EXCELLENCE D/SIGNARGUES",
    "IsNew": false,
    "RecentQuanityOfStockUnits": "1,6",
    "LongName": "l'Excellence de Signargues 75cl",
    "AlcoholVolume": "13.5",
    "FicCode": "E"
  },
  {
    "productId": "857625",
    "technicalArticleNumber": "4707676",
    "commercialArticleNumber": "31565",
    "name": "White",
    "description": "PORTUGAL WIT\nTypische lichte pareling. Licht in\nalcohol en frisse smaak.\nKoel serveren.",
    "brand": "MATEUS",
    "seoBrand": "Mateus",
    "thumbNail": "https://static.colruytgroup.com/images/200x200/std.lang.all/97/66/asset-3179766.jpg",
    "fullImage": "https://static.colruytgroup.com/images/500x500/std.lang.all/97/66/asset-3179766.jpg",
    "squareImage": "https://static.colruytgroup.com/images/500x500sq/std.lang.all/97/66/asset-3179766.jpg",
    "content": "75cl",
    "walkRouteSequenceNumber": 308,
    "price": {
      "basicPrice": 6.49,
      "recommendedQuantity": "1.0",
      "quantityPrice": 6.23,
      "quantityPriceQuantity": "6.0",
      "measurementUnitPrice": 8.66,
      "measurementUnitQuantityPrice": 8.31,
      "measurementUnit": "L",
      "isRedPrice": false,
      "pricePerUOM": 8.66,
      "activationDate": "05-08-2023",
      "recordSource": "Offline",
      "isPromoActive": "N",
      "priceChangeCode": "E",
      "quantityPricePerUOM": 8.31,
      "quantityActivationDate": "05-08-2023",
      "quantityPriceChangeCode": "E"
    },
    "isAvailable": true,
    "isPriceAvailable": true,
    "inPromo": false,
    "gtin": [
      "05601012021509",
      "55601012021504"
    ],
    "topCategoryName": "Wijn",
    "topCategoryId": "421",
    "businessDomain": "RETAIL_BE",
    "IsPrivateLabel": false,
    "IsBiffe": false,
    "WeightconversionFactor": "0",
    "IsWeightArticle": false,
    "IsBio": false,
    "CountryOfOrigin": "PORTUGAL",
    "IsExclusivelySoldInLuxembourg": false,
    "OrderUnit": "P",
    "ShortName": "MATE WIT 75CL",
    "IsNew": false,
    "EcoscoreLabel": "D",
    "RecentQuanityOfStockUnits": "1,6",
    "LongName": "MATEUS White 75cl",
    "AlcoholVolume": "10",
    "FicCode": "E",
    "EcoscoreValue": "23"
  },
  {
    "productId": "1183",
    "technicalArticleNumber": "17238",
    "commercialArticleNumber": "17238",
    "name": "Château Crillon Ventoux rood",
    "description": "FRANKRIJK ZUIDEN ROOD\nWijn uit de Ventoux-streek.\nFruitig, ietwat kruidige wijn met\npit. Kan tot 3 jaar worden bewaard.\nMILIEUBIJDRAGE: herbruikbare fles.",
    "thumbNail": "https://static.colruytgroup.com/images/200x200/std.lang.all/38/42/asset-933842.jpg",
    "fullImage": "https://static.colruytgroup.com/images/500x500/std.lang.all/38/42/asset-933842.jpg",
    "squareImage": "https://static.colruytgroup.com/images/500x500sq/std.lang.all/38/42/asset-933842.jpg",
    "content": "75cl",
    "walkRouteSequenceNumber": 271,
    "price": {
      "basicPrice": 4.35,
      "recommendedQuantity": "1.0",
      "quantityPrice": 4.18,
      "quantityPriceQuantity": "6.0",
      "measurementUnitPrice": 5.8,
      "measurementUnitQuantityPrice": 5.58,
      "measurementUnit": "L",
      "isRedPrice": false,
      "pricePerUOM": 5.8,
      "activationDate": "18-03-2024",
      "recordSource": "Folder",
      "isPromoActive": "N",
      "priceChangeCode": "E",
      "quantityPricePerUOM": 5.58,
      "quantityActivationDate": "18-03-2024",
      "quantityPriceChangeCode": "H"
    },
    "isAvailable": true,
    "isPriceAvailable": true,
    "inPromo": false,
    "gtin": [
      "05400141202953",
      "15400141172383",
      "15400141976752"
    ],
    "topCategoryName": "Wijn",
    "topCategoryId": "421",
    "businessDomain": "RETAIL_BE",
    "IsPrivateLabel": false,
    "IsBiffe": false,
    "WeightconversionFactor": "0",
    "IsWeightArticle": false,
    "IsBio": false,
    "CountryOfOrigin": "FRANKRIJK",
    "IsExclusivelySoldInLuxembourg": false,
    "OrderUnit": "P",
    "ShortName": "CH CRILLON ROOD VENTOUX",
    "InSeason": true,
    "IsNew": false,
    "EcoscoreLabel": "C",
    "RecentQuanityOfStockUnits": "1,6",
    "LongName": "Château Crillon Ventoux rood 75cl",
    "AlcoholVolume": "13",
    "StartSeasonDate": "23/03/2015",
    "FicCode": "E",
    "DepositValue": [
      0.3
    ],
    "EcoscoreValue": "56"
  },
  {
    "productId": "133688",
    "technicalArticleNumber": "3156428",
    "commercialArticleNumber": "3697",
    "name": "Ch Galot la Chapelle Castillon bdx",
    "description": "FRANKRIJK BORDEAUX ROOD Castillon\nPrachtige wijn met weelderig, fruitig\nen houtig boeket. Krachtig, aangenaam,\nvol en vlezig, om jong te drinken.\nBewaring 2 tot 3 jaar. QFF",
    "thumbNail": "https://static.colruytgroup.com/images/200x200/std.lang.all/83/89/asset-378389.jpg",
    "fullImage": "https://static.colruytgroup.com/images/500x500/std.lang.all/83/89/asset-378389.jpg",
    "squareImage": "https://static.colruytgroup.com/images/500x500sq/std.lang.all/83/89/asset-378389.jpg",
    "content": "75cl",
    "walkRouteSequenceNumber": 64,
    "price": {
      "basicPrice": 6.99,
      "recommendedQuantity": "1.0",
      "measurementUnitPrice": 9.32,
      "measurementUnit": "L",
      "isRedPrice": false,
      "pricePerUOM": 9.32,
      "activationDate": "29-11-2023",
      "recordSource": "Offline",
      "isPromoActive": "N",
      "priceChangeCode": "E"
    },
    "isAvailable": true,
    "isPriceAvailable": true,
    "inPromo": false,
    "gtin": [
      "03700401904415",
      "03700401904422",
      "03700401901612",
      "03700401901384",
      "03700401902633",
      "03700401902626",
      "03700401902152",
      "03700401901834",
      "03700401902145",
      "03700401903494",
      "03700401903487",
      "03700401903968",
      "03700401903951"
    ],
    "topCategoryName": "Wijn",
    "topCategoryId": "421",
    "businessDomain": "RETAIL_BE",
    "IsPrivateLabel": false,
    "IsBiffe": false,
    "WeightconversionFactor": "0",
    "IsWeightArticle": false,
    "IsBio": false,
    "CountryOfOrigin": "FRANKRIJK",
    "IsExclusivelySoldInLuxembourg": false,
    "OrderUnit": "P",
    "ShortName": "CH GALOT CHAPELLE",
    "IsNew": false,
    "RecentQuanityOfStockUnits": "1,6,1,1",
    "LongName": "Ch Galot la Chapelle Castillon bdx 75cl",
    "AlcoholVolume": "13.5",
    "FicCode": "E"
  },
  {
    "productId": "612127",
    "technicalArticleNumber": "4285963",
    "commercialArticleNumber": "19099",
    "name": "Château Logis de Sipian",
    "description": "Médoc. Fruitige rode wijn op houten\nvaten gerijpt.\nKan tot 5 jaar bewaren",
    "thumbNail": "https://static.colruytgroup.com/images/200x200/std.lang.all/89/83/asset-2148983.jpg",
    "fullImage": "https://static.colruytgroup.com/images/500x500/std.lang.all/89/83/asset-2148983.jpg",
    "squareImage": "https://static.colruytgroup.com/images/500x500sq/std.lang.all/89/83/asset-2148983.jpg",
    "content": "75cl",
    "walkRouteSequenceNumber": 55,
    "price": {
      "basicPrice": 7.95,
      "recommendedQuantity": "1.0",
      "quantityPrice": 7.63,
      "quantityPriceQuantity": "6.0",
      "measurementUnitPrice": 10.6,
      "measurementUnitQuantityPrice": 10.18,
      "measurementUnit": "L",
      "isRedPrice": false,
      "pricePerUOM": 10.6,
      "activationDate": "18-03-2024",
      "recordSource": "Online",
      "isPromoActive": "N",
      "priceChangeCode": "E",
      "quantityPricePerUOM": 10.18,
      "quantityActivationDate": "18-03-2024",
      "quantityPriceChangeCode": "H"
    },
    "isAvailable": true,
    "isPriceAvailable": true,
    "inPromo": false,
    "gtin": [
      "03423290211791",
      "03423290211807",
      "03423290216758"
    ],
    "topCategoryName": "Wijn",
    "topCategoryId": "421",
    "businessDomain": "RETAIL_BE",
    "IsPrivateLabel": false,
    "IsBiffe": false,
    "WeightconversionFactor": "0",
    "IsWeightArticle": false,
    "IsBio": false,
    "CountryOfOrigin": "FRANKRIJK",
    "IsExclusivelySoldInLuxembourg": false,
    "OrderUnit": "P",
    "ShortName": "CH LOGIS SIPIAN",
    "IsNew": false,
    "RecentQuanityOfStockUnits": "1,6",
    "LongName": "Château Logis de Sipian 75cl",
    "AlcoholVolume": "13.5",
    "FicCode": "E"
  },
  {
    "productId": "612127",
    "technicalArticleNumber": "4285963",
    "commercialArticleNumber": "19099",
    "name": "Château Logis de Sipian",
    "description": "Médoc. Fruitige rode wijn op houten\nvaten gerijpt.\nKan tot 5 jaar bewaren",
    "thumbNail": "https://static.colruytgroup.com/images/200x200/std.lang.all/89/83/asset-2148983.jpg",
    "fullImage": "https://static.colruytgroup.com/images/500x500/std.lang.all/89/83/asset-2148983.jpg",
    "squareImage": "https://static.colruytgroup.com/images/500x500sq/std.lang.all/89/83/asset-2148983.jpg",
    "content": "75cl",
    "walkRouteSequenceNumber": 55,
    "price": {
      "basicPrice": 7.95,
      "recommendedQuantity": "1.0",
      "quantityPrice": 7.63,
      "quantityPriceQuantity": "6.0",
      "measurementUnitPrice": 10.6,
      "measurementUnitQuantityPrice": 10.18,
      "measurementUnit": "L",
      "isRedPrice": false,
      "pricePerUOM": 10.6,
      "activationDate": "18-03-2024",
      "recordSource": "Online",
      "isPromoActive": "N",
      "priceChangeCode": "E",
      "quantityPricePerUOM": 10.18,
      "quantityActivationDate": "18-03-2024",
      "quantityPriceChangeCode": "H"
    },
    "isAvailable": true,
    "isPriceAvailable": true,
    "inPromo": false,
    "gtin": [
      "03423290211791",
      "03423290211807",
      "03423290216758"
    ],
    "topCategoryName": "Wijn",
    "topCategoryId": "421",
    "businessDomain": "RETAIL_BE",
    "IsPrivateLabel": false,
    "IsBiffe": false,
    "WeightconversionFactor": "0",
    "IsWeightArticle": false,
    "IsBio": false,
    "CountryOfOrigin": "FRANKRIJK",
    "IsExclusivelySoldInLuxembourg": false,
    "OrderUnit": "P",
    "ShortName": "CH LOGIS SIPIAN",
    "IsNew": false,
    "RecentQuanityOfStockUnits": "1,6",
    "LongName": "Château Logis de Sipian 75cl",
    "AlcoholVolume": "13.5",
    "FicCode": "E"
  },
  {
    "productId": "463370",
    "technicalArticleNumber": "3950209",
    "commercialArticleNumber": "1850",
    "name": "Loios Vinho Regional Alentejano",
    "description": "Portugal, rood\nTypische druivensoorten\nzuid Portugal, veel zon\nModern, fruitig, kruidig",
    "thumbNail": "https://static.colruytgroup.com/images/200x200/std.lang.all/76/36/asset-2877636.jpg",
    "fullImage": "https://static.colruytgroup.com/images/500x500/std.lang.all/76/36/asset-2877636.jpg",
    "squareImage": "https://static.colruytgroup.com/images/500x500sq/std.lang.all/76/36/asset-2877636.jpg",
    "content": "75cl",
    "walkRouteSequenceNumber": 412,
    "price": {
      "basicPrice": 4.99,
      "recommendedQuantity": "1.0",
      "measurementUnitPrice": 6.66,
      "measurementUnit": "L",
      "isRedPrice": false,
      "pricePerUOM": 6.66,
      "activationDate": "12-03-2024",
      "recordSource": "Offline",
      "isPromoActive": "N",
      "priceChangeCode": "E"
    },
    "isAvailable": true,
    "isPriceAvailable": true,
    "inPromo": false,
    "gtin": [
      "05604135001144",
      "15604135001141"
    ],
    "topCategoryName": "Wijn",
    "topCategoryId": "421",
    "businessDomain": "RETAIL_BE",
    "IsPrivateLabel": false,
    "IsBiffe": false,
    "WeightconversionFactor": "0",
    "IsWeightArticle": false,
    "IsBio": false,
    "CountryOfOrigin": "PORTUGAL",
    "IsExclusivelySoldInLuxembourg": false,
    "OrderUnit": "P",
    "ShortName": "LOIOS V. R. ALENTEJANO",
    "IsNew": false,
    "RecentQuanityOfStockUnits": "1,6",
    "LongName": "Loios Vinho Regional Alentejano 75cl",
    "AlcoholVolume": "14",
    "FicCode": "E"
  },
  {
    "productId": "348816",
    "technicalArticleNumber": "3859964",
    "commercialArticleNumber": "41996",
    "name": "BIO Château Pauly la Martinette",
    "description": "Biologische Bordeauxwijn\nEen zeer mooie en fruitige kwaliteit\nin zijn gamma.\nKan jong gedronken worden en nog tot 2\njaar bewaren.",
    "thumbNail": "https://static.colruytgroup.com/images/200x200/std.lang.all/88/28/asset-1508828.jpg",
    "fullImage": "https://static.colruytgroup.com/images/500x500/std.lang.all/88/28/asset-1508828.jpg",
    "squareImage": "https://static.colruytgroup.com/images/500x500sq/std.lang.all/88/28/asset-1508828.jpg",
    "content": "75cl",
    "walkRouteSequenceNumber": 140,
    "price": {
      "basicPrice": 6.75,
      "recommendedQuantity": "1.0",
      "quantityPrice": 6.48,
      "quantityPriceQuantity": "6.0",
      "measurementUnitPrice": 9,
      "measurementUnitQuantityPrice": 8.64,
      "measurementUnit": "L",
      "isRedPrice": false,
      "pricePerUOM": 9,
      "activationDate": "29-11-2023",
      "isPromoActive": "N",
      "priceChangeCode": "H",
      "quantityPricePerUOM": 8.64,
      "quantityActivationDate": "29-11-2023",
      "quantityPriceChangeCode": "H"
    },
    "isAvailable": true,
    "isPriceAvailable": true,
    "inPromo": false,
    "gtin": [
      "03700325914682",
      "03700325914675",
      "03700325912435",
      "03700325912442",
      "03700325911438",
      "03700325910752",
      "03700325911421",
      "03700325914910",
      "03700325914903"
    ],
    "topCategoryName": "Wijn",
    "topCategoryId": "421",
    "businessDomain": "RETAIL_BE",
    "IsPrivateLabel": false,
    "IsBiffe": false,
    "WeightconversionFactor": "0",
    "IsWeightArticle": false,
    "IsBio": true,
    "CountryOfOrigin": "FRANKRIJK",
    "IsExclusivelySoldInLuxembourg": false,
    "OrderUnit": "P",
    "ShortName": "BIO CH PAULY MART.",
    "IsNew": false,
    "RecentQuanityOfStockUnits": "1,6,1,1",
    "LongName": "BIO Château Pauly la Martinette 75cl",
    "AlcoholVolume": "14",
    "FicCode": "E"
  },
  {
    "productId": "85969",
    "technicalArticleNumber": "2931684",
    "commercialArticleNumber": "38616",
    "name": "prosecco extra dry",
    "description": "Ontstaat uit de zachte persing van de\ndruiven en de gisting bij een\ngecontroleerde temperatuur. Voor de\n2de gisting wordt de methode Charmat\ngebruikt.",
    "brand": "RICCADONNA",
    "seoBrand": "Riccadonna",
    "thumbNail": "https://static.colruytgroup.com/images/200x200/std.lang.all/32/52/asset-1843252.jpg",
    "fullImage": "https://static.colruytgroup.com/images/500x500/std.lang.all/32/52/asset-1843252.jpg",
    "squareImage": "https://static.colruytgroup.com/images/500x500sq/std.lang.all/32/52/asset-1843252.jpg",
    "content": "75cl",
    "walkRouteSequenceNumber": 690,
    "price": {
      "basicPrice": 10.15,
      "recommendedQuantity": "1.0",
      "measurementUnitPrice": 13.54,
      "measurementUnit": "L",
      "isRedPrice": false,
      "pricePerUOM": 13.54,
      "activationDate": "20-02-2024",
      "recordSource": "Offline",
      "isPromoActive": "N",
      "priceChangeCode": "E"
    },
    "isAvailable": true,
    "isPriceAvailable": true,
    "inPromo": false,
    "gtin": [
      "18000368202602",
      "08000368202605"
    ],
    "topCategoryName": "Wijn",
    "topCategoryId": "421",
    "businessDomain": "RETAIL_BE",
    "IsPrivateLabel": false,
    "IsBiffe": false,
    "WeightconversionFactor": "0",
    "IsWeightArticle": false,
    "IsBio": false,
    "CountryOfOrigin": "ITALIË",
    "IsExclusivelySoldInLuxembourg": false,
    "OrderUnit": "P",
    "ShortName": "RICCADONNA PROSEC. 75CL",
    "IsNew": false,
    "EcoscoreLabel": "C",
    "RecentQuanityOfStockUnits": "6,1",
    "LongName": "RICCADONNA prosecco extra dry 75cl",
    "AlcoholVolume": "11",
    "FicCode": "E",
    "EcoscoreValue": "46"
  },
  {
    "productId": "611581",
    "technicalArticleNumber": "4285238",
    "commercialArticleNumber": "13774",
    "name": "Vacqueyras Nos Terroirs Bio",
    "description": "FRANKRIJK RHONE ROOD\nWijn van biologisch geteelde druiven.\nFijne stijl met een mooi evenwicht\ntussen het fruit en de kruiden. Ideaal\nbij mediterraanse keuken.",
    "thumbNail": "https://static.colruytgroup.com/images/200x200/std.lang.all/09/57/asset-2210957.jpg",
    "fullImage": "https://static.colruytgroup.com/images/500x500/std.lang.all/09/57/asset-2210957.jpg",
    "squareImage": "https://static.colruytgroup.com/images/500x500sq/std.lang.all/09/57/asset-2210957.jpg",
    "content": "75cl",
    "walkRouteSequenceNumber": 195,
    "price": {
      "basicPrice": 12.49,
      "recommendedQuantity": "1.0",
      "quantityPrice": 11.99,
      "quantityPriceQuantity": "6.0",
      "measurementUnitPrice": 16.66,
      "measurementUnitQuantityPrice": 15.99,
      "measurementUnit": "L",
      "isRedPrice": false,
      "pricePerUOM": 16.66,
      "activationDate": "14-03-2024",
      "isPromoActive": "N",
      "priceChangeCode": "H",
      "quantityPricePerUOM": 15.99,
      "quantityActivationDate": "14-03-2024",
      "quantityPriceChangeCode": "H"
    },
    "isAvailable": true,
    "isPriceAvailable": true,
    "inPromo": false,
    "gtin": [
      "03506707050029",
      "03506707050012"
    ],
    "topCategoryName": "Wijn",
    "topCategoryId": "421",
    "businessDomain": "RETAIL_BE",
    "IsPrivateLabel": false,
    "IsBiffe": false,
    "WeightconversionFactor": "0",
    "IsWeightArticle": false,
    "IsBio": true,
    "CountryOfOrigin": "FRANKRIJK",
    "IsExclusivelySoldInLuxembourg": false,
    "OrderUnit": "P",
    "ShortName": "VACQUEYRAS NOS TERR.BIO",
    "IsNew": false,
    "RecentQuanityOfStockUnits": "1,6",
    "LongName": "Vacqueyras Nos Terroirs Bio 75cl",
    "AlcoholVolume": "14.5",
    "FicCode": "E"
  },
  {
    "productId": "713954",
    "technicalArticleNumber": "4457729",
    "commercialArticleNumber": "16220",
    "name": "witte wijn Chardonnay 0%",
    "brand": "VINTENSE",
    "seoBrand": "Vintense",
    "thumbNail": "https://static.colruytgroup.com/images/200x200/std.lang.all/60/45/asset-2516045.jpg",
    "fullImage": "https://static.colruytgroup.com/images/500x500/std.lang.all/60/45/asset-2516045.jpg",
    "squareImage": "https://static.colruytgroup.com/images/500x500sq/std.lang.all/60/45/asset-2516045.jpg",
    "content": "20cl",
    "walkRouteSequenceNumber": 587,
    "price": {
      "basicPrice": 2.15,
      "recommendedQuantity": "1.0",
      "quantityPrice": 2.06,
      "quantityPriceQuantity": "24.0",
      "measurementUnitPrice": 10.75,
      "measurementUnitQuantityPrice": 10.3,
      "measurementUnit": "L",
      "isRedPrice": false,
      "pricePerUOM": 10.75,
      "activationDate": "01-03-2024",
      "recordSource": "Offline",
      "isPromoActive": "N",
      "priceChangeCode": "E",
      "quantityPricePerUOM": 10.3,
      "quantityActivationDate": "01-03-2024",
      "quantityPriceChangeCode": "E"
    },
    "isAvailable": true,
    "isPriceAvailable": true,
    "inPromo": false,
    "gtin": [
      "05415270200169",
      "05415270100315"
    ],
    "topCategoryName": "Wijn",
    "topCategoryId": "421",
    "businessDomain": "RETAIL_BE",
    "IsPrivateLabel": false,
    "IsBiffe": false,
    "WeightconversionFactor": "0",
    "IsWeightArticle": false,
    "nutriscoreLabel": "C",
    "IsBio": false,
    "CountryOfOrigin": "BELGIË",
    "IsExclusivelySoldInLuxembourg": false,
    "OrderUnit": "P",
    "ShortName": "VINT CHARDONNAY 0% 20CL",
    "IsNew": false,
    "EcoscoreLabel": "D",
    "RecentQuanityOfStockUnits": "1,24",
    "LongName": "VINTENSE witte wijn Chardonnay 0% 20cl",
    "FicCode": "E",
    "EcoscoreValue": "23"
  },
  {
    "productId": "863797",
    "technicalArticleNumber": "4715472",
    "commercialArticleNumber": "31954",
    "name": "Air Libre Grenache Blanc nature Bio",
    "description": "Vin de France Bio. Grenache blanc\nvinification Nature. Aroma's van rijp\ngeel fruit, rond en fris.\nIdeaal bij salades, aperitieven,\ngevogelte en vis.",
    "thumbNail": "https://static.colruytgroup.com/images/200x200/std.lang.all/37/42/asset-3193742.jpg",
    "fullImage": "https://static.colruytgroup.com/images/500x500/std.lang.all/37/42/asset-3193742.jpg",
    "squareImage": "https://static.colruytgroup.com/images/500x500sq/std.lang.all/37/42/asset-3193742.jpg",
    "content": "75cl",
    "walkRouteSequenceNumber": 223,
    "price": {
      "basicPrice": 7.59,
      "recommendedQuantity": "1.0",
      "measurementUnitPrice": 10.12,
      "measurementUnit": "L",
      "isRedPrice": false,
      "pricePerUOM": 10.12,
      "activationDate": "13-03-2024",
      "isPromoActive": "Y",
      "priceChangeCode": "E"
    },
    "isAvailable": true,
    "isPriceAvailable": true,
    "inPromo": true,
    "promotion": [
      {
        "techPromoId": "100941COLR",
        "promotionId": "100941",
        "promotionType": "4",
        "isPersonalized": "N",
        "publicationStartDate": "13-03-2024",
        "publicationEndDate": "26-03-2024"
      }
    ],
    "gtin": [
      "03418230008135",
      "03418230008142"
    ],
    "topCategoryName": "Wijn",
    "topCategoryId": "421",
    "businessDomain": "RETAIL_BE",
    "IsPrivateLabel": false,
    "IsBiffe": false,
    "WeightconversionFactor": "0",
    "IsWeightArticle": false,
    "IsBio": true,
    "CountryOfOrigin": "FRANKRIJK",
    "IsExclusivelySoldInLuxembourg": false,
    "OrderUnit": "P",
    "ShortName": "GRENA.NATURE WIT BIO75C",
    "IsNew": false,
    "RecentQuanityOfStockUnits": "1,6",
    "LongName": "Air Libre Grenache Blanc nature Bio 75cl",
    "AlcoholVolume": "12.5",
    "FicCode": "E"
  },
  {
    "productId": "883901",
    "technicalArticleNumber": "4742447",
    "commercialArticleNumber": "32430",
    "name": "Esparou Vin Orange Vin de France",
    "description": "Oranje wijn. Witte maceratiewijn.\nZeer aromatisch, levendig en droog\nmet lavendel, perzik- en\nsinaasappelaroma's. Ideaal voor\naperitief, wok, kazen.",
    "thumbNail": "https://static.colruytgroup.com/images/200x200/std.lang.all/14/03/asset-3251403.jpg",
    "fullImage": "https://static.colruytgroup.com/images/500x500/std.lang.all/14/03/asset-3251403.jpg",
    "squareImage": "https://static.colruytgroup.com/images/500x500sq/std.lang.all/14/03/asset-3251403.jpg",
    "content": "75cl",
    "walkRouteSequenceNumber": 226,
    "price": {
      "basicPrice": 6.95,
      "recommendedQuantity": "1.0",
      "measurementUnitPrice": 9.27,
      "measurementUnit": "L",
      "isRedPrice": false,
      "pricePerUOM": 9.27,
      "activationDate": "14-02-2024",
      "isPromoActive": "N",
      "priceChangeCode": "H"
    },
    "isAvailable": true,
    "isPriceAvailable": true,
    "inPromo": false,
    "gtin": [
      "03443660016504",
      "03443660116501"
    ],
    "topCategoryName": "Wijn",
    "topCategoryId": "421",
    "businessDomain": "RETAIL_BE",
    "IsPrivateLabel": false,
    "IsBiffe": false,
    "WeightconversionFactor": "0",
    "IsWeightArticle": false,
    "IsBio": true,
    "CountryOfOrigin": "FRANKRIJK",
    "IsExclusivelySoldInLuxembourg": false,
    "OrderUnit": "P",
    "ShortName": "ESPAROU ORANGE VDF 75CL",
    "IsNew": false,
    "RecentQuanityOfStockUnits": "1,6",
    "LongName": "Esparou Vin Orange Vin de France 75cl",
    "AlcoholVolume": "13",
    "FicCode": "E"
  },
  {
    "productId": "580590",
    "technicalArticleNumber": "4232712",
    "commercialArticleNumber": "14499",
    "name": "Château Agram Corbières AOP",
    "description": "FRANKRIJK LANGUEDOC CORBIERES ROOD",
    "thumbNail": "https://static.colruytgroup.com/images/200x200/std.lang.all/20/67/asset-2172067.jpg",
    "fullImage": "https://static.colruytgroup.com/images/500x500/std.lang.all/20/67/asset-2172067.jpg",
    "squareImage": "https://static.colruytgroup.com/images/500x500sq/std.lang.all/20/67/asset-2172067.jpg",
    "content": "75cl",
    "walkRouteSequenceNumber": 273,
    "price": {
      "basicPrice": 4.25,
      "recommendedQuantity": "1.0",
      "measurementUnitPrice": 5.67,
      "measurementUnit": "L",
      "isRedPrice": false,
      "pricePerUOM": 5.67,
      "activationDate": "26-10-2023",
      "recordSource": "Offline",
      "isPromoActive": "N",
      "priceChangeCode": "L"
    },
    "isAvailable": true,
    "isPriceAvailable": true,
    "inPromo": false,
    "gtin": [
      "03418230005967",
      "03418230005974"
    ],
    "topCategoryName": "Wijn",
    "topCategoryId": "421",
    "businessDomain": "RETAIL_BE",
    "IsPrivateLabel": false,
    "IsBiffe": false,
    "WeightconversionFactor": "0",
    "IsWeightArticle": false,
    "IsBio": false,
    "CountryOfOrigin": "FRANKRIJK",
    "IsExclusivelySoldInLuxembourg": false,
    "OrderUnit": "P",
    "ShortName": "CH AGRAM CORBIERES AOP",
    "IsNew": false,
    "RecentQuanityOfStockUnits": "1,6",
    "LongName": "Château Agram Corbières AOP 75cl",
    "AlcoholVolume": "14",
    "FicCode": "E"
  },
  {
    "productId": "886489",
    "technicalArticleNumber": "4745751",
    "commercialArticleNumber": "32659",
    "name": "Graves wit",
    "description": "FRANKRIJK BORDEAUX GRAVES DROOG WIT\nFris, geparfumeerd en fruitig, pittige\nafdronk. Gekoeld schenken bij vis en\nvoorgerechten.",
    "brand": "LE PEYRAT",
    "seoBrand": "Le Peyrat",
    "thumbNail": "https://ecgproductmw.colruytgroup.com/ecgproductmw/noPicForArticle_2.jpg",
    "fullImage": "https://ecgproductmw.colruytgroup.com/ecgproductmw/noPicForArticle_5.jpg",
    "squareImage": "https://ecgproductmw.colruytgroup.com/ecgproductmw/noPicForArticle_5.jpg",
    "content": "75cl",
    "walkRouteSequenceNumber": 295,
    "price": {
      "basicPrice": 5.99,
      "recommendedQuantity": "1.0",
      "measurementUnitPrice": 7.99,
      "measurementUnit": "L",
      "isRedPrice": false,
      "pricePerUOM": 7.99,
      "activationDate": "12-03-2024",
      "recordSource": "Offline",
      "isPromoActive": "N",
      "priceChangeCode": "E"
    },
    "isAvailable": true,
    "isPriceAvailable": true,
    "inPromo": false,
    "gtin": [
      "05400141427769",
      "15400141427766"
    ],
    "topCategoryName": "Wijn",
    "topCategoryId": "421",
    "businessDomain": "RETAIL_BE",
    "IsPrivateLabel": true,
    "IsBiffe": false,
    "WeightconversionFactor": "0",
    "IsWeightArticle": false,
    "IsBio": false,
    "CountryOfOrigin": "BELGIË",
    "IsExclusivelySoldInLuxembourg": false,
    "OrderUnit": "P",
    "ShortName": "PEYRAT GRAVES WIT OW75C",
    "IsNew": false,
    "EcoscoreLabel": "D",
    "RecentQuanityOfStockUnits": "1,6",
    "LongName": "LE PEYRAT Graves wit 75cl",
    "AlcoholVolume": "12.5",
    "FicCode": "I",
    "EcoscoreValue": "23"
  },
  {
    "productId": "1020120",
    "technicalArticleNumber": "4789038",
    "commercialArticleNumber": "10790",
    "name": "Saint-em.grand cru",
    "brand": "CH.ST-CHRISTOPHE",
    "seoBrand": "Château St-Christophe",
    "thumbNail": "https://static.colruytgroup.com/images/200x200/std.lang.all/74/70/asset-3427470.jpg",
    "fullImage": "https://static.colruytgroup.com/images/500x500/std.lang.all/74/70/asset-3427470.jpg",
    "squareImage": "https://static.colruytgroup.com/images/500x500sq/std.lang.all/74/70/asset-3427470.jpg",
    "content": "75cl",
    "walkRouteSequenceNumber": 22,
    "price": {
      "basicPrice": 10.95,
      "recommendedQuantity": "1.0",
      "quantityPrice": 10.49,
      "quantityPriceQuantity": "2.0",
      "measurementUnitPrice": 14.6,
      "measurementUnitQuantityPrice": 13.99,
      "measurementUnit": "L",
      "isRedPrice": false,
      "pricePerUOM": 14.6,
      "activationDate": "19-03-2024",
      "recordSource": "Offline",
      "isPromoActive": "N",
      "priceChangeCode": "E",
      "quantityPricePerUOM": 13.99,
      "quantityActivationDate": "19-03-2024",
      "quantityPriceChangeCode": "E"
    },
    "isAvailable": true,
    "isPriceAvailable": true,
    "inPromo": false,
    "gtin": [
      "03700325900722",
      "03700325900715"
    ],
    "topCategoryName": "Wijn",
    "topCategoryId": "421",
    "businessDomain": "RETAIL_BE",
    "IsPrivateLabel": false,
    "IsBiffe": false,
    "WeightconversionFactor": "0",
    "IsWeightArticle": false,
    "IsBio": false,
    "CountryOfOrigin": "FRANKRIJK",
    "IsExclusivelySoldInLuxembourg": false,
    "OrderUnit": "P",
    "ShortName": "ST-CHRISTOPHE ST-EM.GC",
    "IsNew": true,
    "RecentQuanityOfStockUnits": "1",
    "LongName": "CH.ST-CHRISTOPHE Saint-em.grand cru 75cl",
    "AlcoholVolume": "12",
    "FicCode": "I"
  },
  {
    "productId": "1234",
    "technicalArticleNumber": "17498",
    "commercialArticleNumber": "17498",
    "name": "Bio Château de Castets",
    "description": "FRANKRIJK BORDEAUX ROOD\nPremières Côtes de Blaye. Mooie wijn\nmet een rijk boeket, rond en vol. Kan\n2 tot 5 jaar worden bewaard. Lichtjes\ngechambreerd schenken.",
    "thumbNail": "https://static.colruytgroup.com/images/200x200/std.lang.all/86/53/asset-378653.jpg",
    "fullImage": "https://static.colruytgroup.com/images/500x500/std.lang.all/86/53/asset-378653.jpg",
    "squareImage": "https://static.colruytgroup.com/images/500x500sq/std.lang.all/86/53/asset-378653.jpg",
    "content": "75cl",
    "walkRouteSequenceNumber": 99,
    "price": {
      "basicPrice": 7.85,
      "recommendedQuantity": "1.0",
      "quantityPrice": 7.54,
      "quantityPriceQuantity": "6.0",
      "measurementUnitPrice": 10.47,
      "measurementUnitQuantityPrice": 10.06,
      "measurementUnit": "L",
      "isRedPrice": false,
      "pricePerUOM": 10.47,
      "activationDate": "28-02-2024",
      "isPromoActive": "N",
      "priceChangeCode": "E",
      "quantityPricePerUOM": 10.06,
      "quantityActivationDate": "28-02-2024",
      "quantityPriceChangeCode": "E"
    },
    "isAvailable": true,
    "isPriceAvailable": true,
    "inPromo": false,
    "gtin": [
      "03148592003843",
      "03148592003614",
      "03148592013347",
      "03148591502620",
      "03148591603662",
      "03148591800337",
      "03148591801334",
      "03148591900464",
      "03148591900945",
      "03148592000156",
      "03148592001740",
      "03148592007032"
    ],
    "topCategoryName": "Wijn",
    "topCategoryId": "421",
    "businessDomain": "RETAIL_BE",
    "IsPrivateLabel": false,
    "IsBiffe": false,
    "WeightconversionFactor": "0",
    "IsWeightArticle": false,
    "IsBio": true,
    "CountryOfOrigin": "FRANKRIJK",
    "IsExclusivelySoldInLuxembourg": false,
    "OrderUnit": "P",
    "ShortName": "BIO CH DE CASTETS BLAYE",
    "InSeason": true,
    "IsNew": false,
    "EcoscoreLabel": "D",
    "RecentQuanityOfStockUnits": "6,1,1",
    "LongName": "Bio Château de Castets 75cl",
    "AlcoholVolume": "12.5",
    "StartSeasonDate": "02/05/2011",
    "FicCode": "E",
    "EcoscoreValue": "22"
  },
  {
    "productId": "858013",
    "technicalArticleNumber": "4708218",
    "commercialArticleNumber": "31617",
    "name": "Spier Good Nat.Shiraz-Cab.Sauv. Bio",
    "description": "*Zuid Afrika\n*Shiraz, Cabernet\nSauvignon, Merlot",
    "thumbNail": "https://static.colruytgroup.com/images/200x200/std.lang.all/95/07/asset-3169507.jpg",
    "fullImage": "https://static.colruytgroup.com/images/500x500/std.lang.all/95/07/asset-3169507.jpg",
    "squareImage": "https://static.colruytgroup.com/images/500x500sq/std.lang.all/95/07/asset-3169507.jpg",
    "content": "75cl",
    "walkRouteSequenceNumber": 402,
    "price": {
      "basicPrice": 7.89,
      "recommendedQuantity": "1.0",
      "measurementUnitPrice": 10.52,
      "measurementUnit": "L",
      "isRedPrice": false,
      "pricePerUOM": 10.52,
      "activationDate": "13-03-2024",
      "isPromoActive": "N",
      "priceChangeCode": "E"
    },
    "isAvailable": true,
    "isPriceAvailable": true,
    "inPromo": false,
    "gtin": [
      "06001522006093",
      "16001522006090"
    ],
    "topCategoryName": "Wijn",
    "topCategoryId": "421",
    "businessDomain": "RETAIL_BE",
    "IsPrivateLabel": false,
    "IsBiffe": false,
    "WeightconversionFactor": "0",
    "IsWeightArticle": false,
    "IsBio": true,
    "CountryOfOrigin": "ZUID-AFRIKA",
    "IsExclusivelySoldInLuxembourg": false,
    "OrderUnit": "P",
    "ShortName": "SPIE SHI-CAB.SAU.BIO75C",
    "IsNew": false,
    "RecentQuanityOfStockUnits": "1,6",
    "LongName": "Spier Good Nat.Shiraz-Cab.Sauv. Bio 75cl",
    "AlcoholVolume": "13.5",
    "FicCode": "E"
  },
  {
    "productId": "9630",
    "technicalArticleNumber": "1123971",
    "commercialArticleNumber": "17539",
    "name": "Domaine Bourdieu Sainte-Anne Bio",
    "description": "FRANKRIJK BORDEAUX DROOG WIT\nMooie aromatische wijn die kort op\neikenhouten vaten heeft gerijpt en\nkaraktervol, aangenaam en lang\nsmaakt. milieubijdrage: biologisch",
    "thumbNail": "https://static.colruytgroup.com/images/200x200/std.lang.all/33/19/asset-393319.jpg",
    "fullImage": "https://static.colruytgroup.com/images/500x500/std.lang.all/33/19/asset-393319.jpg",
    "squareImage": "https://static.colruytgroup.com/images/500x500sq/std.lang.all/33/19/asset-393319.jpg",
    "content": "75cl",
    "walkRouteSequenceNumber": 109,
    "price": {
      "basicPrice": 6.99,
      "recommendedQuantity": "1.0",
      "quantityPrice": 6.71,
      "quantityPriceQuantity": "6.0",
      "measurementUnitPrice": 9.32,
      "measurementUnitQuantityPrice": 8.95,
      "measurementUnit": "L",
      "isRedPrice": false,
      "pricePerUOM": 9.32,
      "activationDate": "30-01-2024",
      "isPromoActive": "N",
      "priceChangeCode": "H",
      "quantityPricePerUOM": 8.95,
      "quantityActivationDate": "30-01-2024",
      "quantityPriceChangeCode": "H"
    },
    "isAvailable": true,
    "isPriceAvailable": true,
    "inPromo": false,
    "gtin": [
      "03513342101009",
      "03513342101061",
      "03513342401994"
    ],
    "topCategoryName": "Wijn",
    "topCategoryId": "421",
    "businessDomain": "RETAIL_BE",
    "IsPrivateLabel": false,
    "IsBiffe": false,
    "WeightconversionFactor": "0",
    "IsWeightArticle": false,
    "IsBio": true,
    "CountryOfOrigin": "FRANKRIJK",
    "IsExclusivelySoldInLuxembourg": false,
    "OrderUnit": "P",
    "ShortName": "BIO WIJN WIT ST ANNE",
    "InSeason": true,
    "IsNew": false,
    "RecentQuanityOfStockUnits": "1,6",
    "LongName": "Domaine Bourdieu Sainte-Anne Bio 75cl",
    "AlcoholVolume": "12.5",
    "StartSeasonDate": "20/01/2010",
    "FicCode": "E"
  },
  {
    "productId": "114445",
    "technicalArticleNumber": "3002696",
    "commercialArticleNumber": "14777",
    "name": "Barbera d'Asti 16 maanden M.Chiarlo",
    "description": "ITALIE ROOD\nKlassewijn uit Piemonte van Michele\nChiarlo. Aarzel niet een karaf te\ngebruiken om de wijn te laten ademen.\nBij konijn, eend, kaasschotel.",
    "thumbNail": "https://static.colruytgroup.com/images/200x200/std.lang.all/35/61/asset-3313561.jpg",
    "fullImage": "https://static.colruytgroup.com/images/500x500/std.lang.all/35/61/asset-3313561.jpg",
    "squareImage": "https://static.colruytgroup.com/images/500x500sq/std.lang.all/35/61/asset-3313561.jpg",
    "content": "75cl",
    "walkRouteSequenceNumber": 313,
    "price": {
      "basicPrice": 9.49,
      "recommendedQuantity": "1.0",
      "quantityPrice": 9.11,
      "quantityPriceQuantity": "6.0",
      "measurementUnitPrice": 12.66,
      "measurementUnitQuantityPrice": 12.15,
      "measurementUnit": "L",
      "isRedPrice": false,
      "pricePerUOM": 12.66,
      "activationDate": "05-04-2023",
      "isPromoActive": "N",
      "priceChangeCode": "H",
      "quantityPricePerUOM": 12.15,
      "quantityActivationDate": "05-04-2023",
      "quantityPriceChangeCode": "E"
    },
    "isAvailable": true,
    "isPriceAvailable": true,
    "inPromo": false,
    "gtin": [
      "08002365026864",
      "08002365026901",
      "08002365026963",
      "08002365026802",
      "08002365026307",
      "08002365026208",
      "08002365026703",
      "08002365026666",
      "08002365026604",
      "08002365026505",
      "08002365026765",
      "08002365026062",
      "08002365026000"
    ],
    "topCategoryName": "Wijn",
    "topCategoryId": "421",
    "businessDomain": "RETAIL_BE",
    "IsPrivateLabel": false,
    "IsBiffe": false,
    "WeightconversionFactor": "0",
    "IsWeightArticle": false,
    "IsBio": false,
    "CountryOfOrigin": "ITALIË",
    "IsExclusivelySoldInLuxembourg": false,
    "OrderUnit": "P",
    "ShortName": "BARBERA ASTI 16 MONTHS",
    "InSeason": true,
    "IsNew": false,
    "RecentQuanityOfStockUnits": "1,1,6",
    "LongName": "Barbera d'Asti 16 maanden M.Chiarlo 75cl",
    "AlcoholVolume": "14",
    "StartSeasonDate": "05/08/2014",
    "FicCode": "E"
  },
  {
    "productId": "786257",
    "technicalArticleNumber": "4587815",
    "commercialArticleNumber": "18131",
    "name": "Riesling Horizon Alsace",
    "description": "FRANKRIJK ALSACE FRUITIG WIT\nBoeket met Lentebloemen, steenfruit\nen pompelmoes. Frisse aanzet en soepel\nin de mond idéaal bij zeevruchten,\nsalades apéro.",
    "thumbNail": "https://static.colruytgroup.com/images/200x200/std.lang.all/84/56/asset-2818456.jpg",
    "fullImage": "https://static.colruytgroup.com/images/500x500/std.lang.all/84/56/asset-2818456.jpg",
    "squareImage": "https://static.colruytgroup.com/images/500x500sq/std.lang.all/84/56/asset-2818456.jpg",
    "content": "75cl",
    "walkRouteSequenceNumber": 305,
    "price": {
      "basicPrice": 7.69,
      "recommendedQuantity": "1.0",
      "quantityPrice": 7.38,
      "quantityPriceQuantity": "6.0",
      "measurementUnitPrice": 10.26,
      "measurementUnitQuantityPrice": 9.84,
      "measurementUnit": "L",
      "isRedPrice": false,
      "pricePerUOM": 10.26,
      "activationDate": "15-11-2023",
      "isPromoActive": "N",
      "priceChangeCode": "H",
      "quantityPricePerUOM": 9.84,
      "quantityActivationDate": "15-11-2023",
      "quantityPriceChangeCode": "E"
    },
    "isAvailable": true,
    "isPriceAvailable": true,
    "inPromo": true,
    "promotion": [
      {
        "techPromoId": "001032COLR",
        "promotionId": "001032",
        "promotionType": "4",
        "isPersonalized": "N",
        "publicationStartDate": "19-03-2024",
        "publicationEndDate": "02-04-2024"
      }
    ],
    "gtin": [
      "03183520705895",
      "03183521228911"
    ],
    "topCategoryName": "Wijn",
    "topCategoryId": "421",
    "businessDomain": "RETAIL_BE",
    "IsPrivateLabel": false,
    "IsBiffe": false,
    "WeightconversionFactor": "0",
    "IsWeightArticle": false,
    "IsBio": false,
    "CountryOfOrigin": "FRANKRIJK",
    "IsExclusivelySoldInLuxembourg": false,
    "OrderUnit": "P",
    "ShortName": "RIESLING HORIZON",
    "IsNew": false,
    "RecentQuanityOfStockUnits": "1",
    "LongName": "Riesling Horizon Alsace 75cl",
    "AlcoholVolume": "12",
    "FicCode": "E"
  },
  {
    "productId": "756688",
    "technicalArticleNumber": "4532501",
    "commercialArticleNumber": "11669",
    "name": "Ch.Langlais Bio Aop Puisseg. St-Em.",
    "description": "FRANKRIJK BORDEAUX ROOD\nSappige en fruitige Puisseguin\nSt-Emillion. Overvloedige aroma's van\nzwart fruit, soepele en volle smaak.",
    "thumbNail": "https://static.colruytgroup.com/images/200x200/std.lang.all/04/53/asset-2700453.jpg",
    "fullImage": "https://static.colruytgroup.com/images/500x500/std.lang.all/04/53/asset-2700453.jpg",
    "squareImage": "https://static.colruytgroup.com/images/500x500sq/std.lang.all/04/53/asset-2700453.jpg",
    "content": "75cl",
    "walkRouteSequenceNumber": 93,
    "price": {
      "basicPrice": 9.99,
      "recommendedQuantity": "1.0",
      "measurementUnitPrice": 13.32,
      "measurementUnit": "L",
      "isRedPrice": false,
      "pricePerUOM": 13.32,
      "activationDate": "01-03-2024",
      "recordSource": "Offline",
      "isPromoActive": "N",
      "priceChangeCode": "E"
    },
    "isAvailable": true,
    "isPriceAvailable": true,
    "inPromo": false,
    "gtin": [
      "03700325900173",
      "03700325913456",
      "03700325913463",
      "03700325914774",
      "03700325914767",
      "03700325900166"
    ],
    "topCategoryName": "Wijn",
    "topCategoryId": "421",
    "businessDomain": "RETAIL_BE",
    "IsPrivateLabel": false,
    "IsBiffe": false,
    "WeightconversionFactor": "0",
    "IsWeightArticle": false,
    "IsBio": true,
    "CountryOfOrigin": "FRANKRIJK",
    "IsExclusivelySoldInLuxembourg": false,
    "OrderUnit": "P",
    "ShortName": "CH LANGLAIS BIO 75CL",
    "IsNew": false,
    "RecentQuanityOfStockUnits": "1,6,1",
    "LongName": "Ch.Langlais Bio Aop Puisseg. St-Em. 75cl",
    "AlcoholVolume": "13.5",
    "FicCode": "E"
  },
  {
    "productId": "713960",
    "technicalArticleNumber": "4457735",
    "commercialArticleNumber": "16269",
    "name": "wijn Merlot 0%",
    "brand": "VINTENSE",
    "seoBrand": "Vintense",
    "thumbNail": "https://static.colruytgroup.com/images/200x200/std.lang.all/62/76/asset-2516276.jpg",
    "fullImage": "https://static.colruytgroup.com/images/500x500/std.lang.all/62/76/asset-2516276.jpg",
    "squareImage": "https://static.colruytgroup.com/images/500x500sq/std.lang.all/62/76/asset-2516276.jpg",
    "content": "20cl",
    "walkRouteSequenceNumber": 589,
    "price": {
      "basicPrice": 2.15,
      "recommendedQuantity": "1.0",
      "quantityPrice": 2.06,
      "quantityPriceQuantity": "24.0",
      "measurementUnitPrice": 10.75,
      "measurementUnitQuantityPrice": 10.3,
      "measurementUnit": "L",
      "isRedPrice": false,
      "pricePerUOM": 10.75,
      "activationDate": "01-03-2024",
      "recordSource": "Offline",
      "isPromoActive": "N",
      "priceChangeCode": "E",
      "quantityPricePerUOM": 10.3,
      "quantityActivationDate": "01-03-2024",
      "quantityPriceChangeCode": "E"
    },
    "isAvailable": true,
    "isPriceAvailable": true,
    "inPromo": false,
    "gtin": [
      "05415270100308",
      "05415270200152"
    ],
    "topCategoryName": "Wijn",
    "topCategoryId": "421",
    "businessDomain": "RETAIL_BE",
    "IsPrivateLabel": false,
    "IsBiffe": false,
    "WeightconversionFactor": "0",
    "IsWeightArticle": false,
    "nutriscoreLabel": "C",
    "IsBio": false,
    "CountryOfOrigin": "BELGIË",
    "IsExclusivelySoldInLuxembourg": false,
    "OrderUnit": "P",
    "ShortName": "VINT MERLOT 0% 20CL",
    "IsNew": false,
    "EcoscoreLabel": "D",
    "RecentQuanityOfStockUnits": "1",
    "LongName": "VINTENSE wijn Merlot 0% 20cl",
    "FicCode": "E",
    "EcoscoreValue": "22"
  },
  {
    "productId": "16731",
    "technicalArticleNumber": "1452377",
    "commercialArticleNumber": "510541",
    "name": "minipomp voor fles van 5L",
    "brand": "CRISTALINE",
    "seoBrand": "Cristaline",
    "thumbNail": "https://static.colruytgroup.com/images/200x200/std.lang.all/93/68/asset-359368.jpg",
    "fullImage": "https://static.colruytgroup.com/images/500x500/std.lang.all/93/68/asset-359368.jpg",
    "squareImage": "https://static.colruytgroup.com/images/500x500sq/std.lang.all/93/68/asset-359368.jpg",
    "walkRouteSequenceNumber": 9573,
    "price": {
      "basicPrice": 10.99,
      "recommendedQuantity": "1.0",
      "measurementUnitPrice": 10.99,
      "measurementUnit": "S",
      "isRedPrice": false,
      "pricePerUOM": 10.99,
      "activationDate": "06-01-2024",
      "recordSource": "Offline",
      "isPromoActive": "N",
      "priceChangeCode": "L"
    },
    "isAvailable": true,
    "isPriceAvailable": true,
    "inPromo": false,
    "gtin": [
      "08694637100114",
      "08694637100121"
    ],
    "topCategoryName": "Wijn",
    "topCategoryId": "421",
    "businessDomain": "NON_FOOD",
    "IsPrivateLabel": false,
    "IsBiffe": false,
    "IsWeightArticle": false,
    "RecentQuanityOfStockUnits": "1",
    "LongName": "CRISTALINE minipomp voor fles van 5L",
    "IsBio": false,
    "CountryOfOrigin": "BELGIË",
    "FicCode": "N",
    "OrderUnit": "P",
    "ShortName": "CRIST.MINIPOMP FLES 5L",
    "IsNew": false
  },
  {
    "productId": "868812",
    "technicalArticleNumber": "4721794",
    "commercialArticleNumber": "16026",
    "name": "Grant Burge B. Ink Australië",
    "description": "AUSTRALIE ROOD\nAustralische rode blend.\nMooie intense rode kleur en\nkruidige neus. Evenwichtige fruitige\nsmaak. Aanbevolen bij rood vlees.",
    "thumbNail": "https://static.colruytgroup.com/images/200x200/std.lang.all/74/15/asset-3197415.jpg",
    "fullImage": "https://static.colruytgroup.com/images/500x500/std.lang.all/74/15/asset-3197415.jpg",
    "squareImage": "https://static.colruytgroup.com/images/500x500sq/std.lang.all/74/15/asset-3197415.jpg",
    "content": "75cl",
    "walkRouteSequenceNumber": 399,
    "price": {
      "basicPrice": 4.85,
      "recommendedQuantity": "1.0",
      "measurementUnitPrice": 6.47,
      "measurementUnit": "L",
      "isRedPrice": true,
      "redPriceReason": "Promo",
      "referencePrice": 5.49,
      "retentionPeriod": 30,
      "pricePerUOM": 6.47,
      "activationDate": "13-03-2024",
      "isPromoActive": "Y",
      "priceChangeCode": "L"
    },
    "isAvailable": true,
    "isPriceAvailable": true,
    "inPromo": false,
    "gtin": [
      "05010134921046",
      "05010134023023"
    ],
    "topCategoryName": "Wijn",
    "topCategoryId": "421",
    "businessDomain": "RETAIL_BE",
    "IsPrivateLabel": false,
    "IsBiffe": false,
    "WeightconversionFactor": "0",
    "IsWeightArticle": false,
    "IsBio": false,
    "CountryOfOrigin": "AUSTRALIË",
    "IsExclusivelySoldInLuxembourg": false,
    "OrderUnit": "P",
    "ShortName": "B.INK AUSTRALIE RED75CL",
    "IsNew": false,
    "RecentQuanityOfStockUnits": "6,1",
    "LongName": "Grant Burge B. Ink Australië 75cl",
    "AlcoholVolume": "14.5",
    "FicCode": "E"
  },
  {
    "productId": "241468",
    "technicalArticleNumber": "3533217",
    "commercialArticleNumber": "41370",
    "name": "Brut 1er Cru",
    "description": "FRANKRIJK CHAMPAGNE DROOG\nEen mooie en evenwichtige champagne.\nZeer fijne kwaliteit. Wordt gemaakt\nvan Chardonnay-, Pinot Noir- en\nPinot Meunier-druiven.",
    "brand": "MARQUIS DE VILLON",
    "seoBrand": "Marquis de Villon",
    "thumbNail": "https://static.colruytgroup.com/images/200x200/std.lang.all/00/16/asset-1950016.jpg",
    "fullImage": "https://static.colruytgroup.com/images/500x500/std.lang.all/00/16/asset-1950016.jpg",
    "squareImage": "https://static.colruytgroup.com/images/500x500sq/std.lang.all/00/16/asset-1950016.jpg",
    "content": "37,5cl",
    "walkRouteSequenceNumber": 428,
    "price": {
      "basicPrice": 16.49,
      "recommendedQuantity": "1.0",
      "measurementUnitPrice": 43.98,
      "measurementUnit": "L",
      "isRedPrice": false,
      "pricePerUOM": 43.98,
      "activationDate": "03-06-2023",
      "isPromoActive": "N",
      "priceChangeCode": "E"
    },
    "isAvailable": true,
    "isPriceAvailable": true,
    "inPromo": false,
    "gtin": [
      "05400141403664",
      "15400141805793"
    ],
    "topCategoryName": "Wijn",
    "topCategoryId": "421",
    "businessDomain": "RETAIL_BE",
    "IsPrivateLabel": true,
    "IsBiffe": false,
    "WeightconversionFactor": "0",
    "IsWeightArticle": false,
    "IsBio": false,
    "CountryOfOrigin": "BELGIË",
    "IsExclusivelySoldInLuxembourg": false,
    "OrderUnit": "P",
    "ShortName": "CHAMP VILLON 1CRU 37.5C",
    "IsNew": false,
    "RecentQuanityOfStockUnits": "1,12",
    "LongName": "MARQUIS DE VILLON Brut 1er Cru 37,5cl",
    "AlcoholVolume": "12.5",
    "FicCode": "I"
  },
  {
    "productId": "716396",
    "technicalArticleNumber": "4462118",
    "commercialArticleNumber": "25250",
    "name": "Château Côtes du Fayan",
    "description": "FRANKRIJK BORDEAUX PUISSEG. ST-EMILION\nVolle en fruitige wijn met een gul\nen fruitig boeket uit\nPuisseguin St-Emilion.",
    "thumbNail": "https://static.colruytgroup.com/images/200x200/std.lang.all/59/40/asset-2665940.jpg",
    "fullImage": "https://static.colruytgroup.com/images/500x500/std.lang.all/59/40/asset-2665940.jpg",
    "squareImage": "https://static.colruytgroup.com/images/500x500sq/std.lang.all/59/40/asset-2665940.jpg",
    "content": "75cl",
    "walkRouteSequenceNumber": 89,
    "price": {
      "basicPrice": 9.75,
      "recommendedQuantity": "1.0",
      "quantityPrice": 8.97,
      "quantityPriceQuantity": "6.0",
      "measurementUnitPrice": 13,
      "measurementUnitQuantityPrice": 11.96,
      "measurementUnit": "L",
      "isRedPrice": false,
      "pricePerUOM": 13,
      "activationDate": "03-06-2023",
      "isPromoActive": "N",
      "priceChangeCode": "E",
      "quantityPricePerUOM": 11.96,
      "quantityActivationDate": "03-06-2023",
      "quantityPriceChangeCode": "L"
    },
    "isAvailable": true,
    "isPriceAvailable": true,
    "inPromo": false,
    "gtin": [
      "03700325913418",
      "03700325913425",
      "03700325914828",
      "03700325914835"
    ],
    "topCategoryName": "Wijn",
    "topCategoryId": "421",
    "businessDomain": "RETAIL_BE",
    "IsPrivateLabel": false,
    "IsBiffe": false,
    "WeightconversionFactor": "0",
    "IsWeightArticle": false,
    "IsBio": false,
    "CountryOfOrigin": "FRANKRIJK",
    "IsExclusivelySoldInLuxembourg": false,
    "OrderUnit": "P",
    "ShortName": "CH COTES DU FAYAN 75CL",
    "IsNew": false,
    "RecentQuanityOfStockUnits": "6,1,1",
    "LongName": "Château Côtes du Fayan 75cl",
    "AlcoholVolume": "14",
    "FicCode": "E"
  },
  {
    "productId": "664870",
    "technicalArticleNumber": "4373041",
    "commercialArticleNumber": "20853",
    "name": "Belfontaine St Estèphe",
    "thumbNail": "https://static.colruytgroup.com/images/200x200/std.lang.all/67/28/asset-2956728.jpg",
    "fullImage": "https://static.colruytgroup.com/images/500x500/std.lang.all/67/28/asset-2956728.jpg",
    "squareImage": "https://static.colruytgroup.com/images/500x500sq/std.lang.all/67/28/asset-2956728.jpg",
    "content": "75cl",
    "walkRouteSequenceNumber": 41,
    "price": {
      "basicPrice": 12.95,
      "recommendedQuantity": "1.0",
      "measurementUnitPrice": 17.27,
      "measurementUnit": "L",
      "isRedPrice": false,
      "pricePerUOM": 17.27,
      "activationDate": "22-03-2024",
      "recordSource": "Online",
      "isPromoActive": "N",
      "priceChangeCode": "H"
    },
    "isAvailable": true,
    "isPriceAvailable": true,
    "inPromo": false,
    "gtin": [
      "03292141856203",
      "03292141840196",
      "03292141856197",
      "03292141840202"
    ],
    "topCategoryName": "Wijn",
    "topCategoryId": "421",
    "businessDomain": "RETAIL_BE",
    "IsPrivateLabel": false,
    "IsBiffe": false,
    "WeightconversionFactor": "0",
    "IsWeightArticle": false,
    "IsBio": false,
    "CountryOfOrigin": "FRANKRIJK",
    "IsExclusivelySoldInLuxembourg": false,
    "OrderUnit": "P",
    "ShortName": "BELFONTAINE ESTEP",
    "InSeason": true,
    "IsNew": false,
    "RecentQuanityOfStockUnits": "1,6",
    "LongName": "Belfontaine St Estèphe 75cl",
    "AlcoholVolume": "13.5",
    "StartSeasonDate": "27/06/2022",
    "FicCode": "E"
  },
  {
    "productId": "792702",
    "technicalArticleNumber": "4600118",
    "commercialArticleNumber": "4976",
    "name": "Château du Cap de Haut Graves blanc",
    "description": "BORDEAUX WIT\nFruitige, lichtkruidige geur en smaak.\nDroog en soepel in de smaak. Past bij\nschaal- en schelpdieren, vis en\nslaatjes. Op dronk.",
    "thumbNail": "https://static.colruytgroup.com/images/200x200/std.lang.all/52/98/asset-2845298.jpg",
    "fullImage": "https://static.colruytgroup.com/images/500x500/std.lang.all/52/98/asset-2845298.jpg",
    "squareImage": "https://static.colruytgroup.com/images/500x500sq/std.lang.all/52/98/asset-2845298.jpg",
    "content": "75cl",
    "walkRouteSequenceNumber": 115,
    "price": {
      "basicPrice": 8.49,
      "recommendedQuantity": "1.0",
      "quantityPrice": 8.15,
      "quantityPriceQuantity": "6.0",
      "measurementUnitPrice": 11.32,
      "measurementUnitQuantityPrice": 10.87,
      "measurementUnit": "L",
      "isRedPrice": false,
      "pricePerUOM": 11.32,
      "activationDate": "02-01-2024",
      "isPromoActive": "N",
      "priceChangeCode": "H",
      "quantityPricePerUOM": 10.87,
      "quantityActivationDate": "02-01-2024",
      "quantityPriceChangeCode": "E"
    },
    "isAvailable": true,
    "isPriceAvailable": true,
    "inPromo": false,
    "gtin": [
      "03412911035427",
      "03412911035410"
    ],
    "topCategoryName": "Wijn",
    "topCategoryId": "421",
    "businessDomain": "RETAIL_BE",
    "IsPrivateLabel": false,
    "IsBiffe": false,
    "WeightconversionFactor": "0",
    "IsWeightArticle": false,
    "IsBio": false,
    "CountryOfOrigin": "FRANKRIJK",
    "IsExclusivelySoldInLuxembourg": false,
    "OrderUnit": "P",
    "ShortName": "CH CAP DE HAUT GRAVES",
    "InSeason": true,
    "IsNew": false,
    "RecentQuanityOfStockUnits": "1,6",
    "LongName": "Château du Cap de Haut Graves blanc 75cl",
    "AlcoholVolume": "12.5",
    "StartSeasonDate": "03/04/2023",
    "FicCode": "E"
  },
  {
    "productId": "879831",
    "technicalArticleNumber": "4736558",
    "commercialArticleNumber": "32274",
    "name": "Spier Good Natured Sauvignon Bl.Bio",
    "description": "Wijn uit de beroemde regio\nStellenbosch in Zuid-Afrika. Krokant,\nfris en aromatische wijn. Ideaal\nmet gevogelte en vis, slaatjes.\nVegan.",
    "thumbNail": "https://static.colruytgroup.com/images/200x200/std.lang.all/24/35/asset-3242435.jpg",
    "fullImage": "https://static.colruytgroup.com/images/500x500/std.lang.all/24/35/asset-3242435.jpg",
    "squareImage": "https://static.colruytgroup.com/images/500x500sq/std.lang.all/24/35/asset-3242435.jpg",
    "content": "75cl",
    "walkRouteSequenceNumber": 360,
    "price": {
      "basicPrice": 7.89,
      "recommendedQuantity": "1.0",
      "measurementUnitPrice": 10.52,
      "measurementUnit": "L",
      "isRedPrice": false,
      "pricePerUOM": 10.52,
      "activationDate": "13-03-2024",
      "isPromoActive": "N",
      "priceChangeCode": "H"
    },
    "isAvailable": true,
    "isPriceAvailable": true,
    "inPromo": false,
    "gtin": [
      "16001522006076",
      "06001522006079"
    ],
    "topCategoryName": "Wijn",
    "topCategoryId": "421",
    "businessDomain": "RETAIL_BE",
    "IsPrivateLabel": false,
    "IsBiffe": false,
    "WeightconversionFactor": "0",
    "IsWeightArticle": false,
    "IsBio": true,
    "CountryOfOrigin": "ZUID-AFRIKA",
    "IsExclusivelySoldInLuxembourg": false,
    "OrderUnit": "P",
    "ShortName": "SPIE SAUV.BLC BIO75C",
    "IsNew": false,
    "RecentQuanityOfStockUnits": "1,6",
    "LongName": "Spier Good Natured Sauvignon Bl.Bio 75cl",
    "AlcoholVolume": "12.5",
    "FicCode": "E"
  },
  {
    "productId": "723064",
    "technicalArticleNumber": "4474782",
    "commercialArticleNumber": "1449",
    "name": "Blaye Côtes de Bordeaux",
    "brand": "CH. GIGAULT",
    "seoBrand": "Château Gigault",
    "thumbNail": "https://static.colruytgroup.com/images/200x200/std.lang.all/85/35/asset-2138535.jpg",
    "fullImage": "https://static.colruytgroup.com/images/500x500/std.lang.all/85/35/asset-2138535.jpg",
    "squareImage": "https://static.colruytgroup.com/images/500x500sq/std.lang.all/85/35/asset-2138535.jpg",
    "content": "75cl",
    "walkRouteSequenceNumber": 98,
    "price": {
      "basicPrice": 9.5,
      "recommendedQuantity": "1.0",
      "quantityPrice": 9.12,
      "quantityPriceQuantity": "6.0",
      "measurementUnitPrice": 12.67,
      "measurementUnitQuantityPrice": 12.16,
      "measurementUnit": "L",
      "isRedPrice": false,
      "pricePerUOM": 12.67,
      "activationDate": "04-10-2023",
      "isPromoActive": "N",
      "priceChangeCode": "E",
      "quantityPricePerUOM": 12.16,
      "quantityActivationDate": "04-10-2023",
      "quantityPriceChangeCode": "E"
    },
    "isAvailable": true,
    "isPriceAvailable": true,
    "inPromo": false,
    "gtin": [
      "03770020268113",
      "03770020268106",
      "03770020268595",
      "03770020268601",
      "03770020268922",
      "03770020268939"
    ],
    "topCategoryName": "Wijn",
    "topCategoryId": "421",
    "businessDomain": "RETAIL_BE",
    "IsPrivateLabel": false,
    "IsBiffe": false,
    "WeightconversionFactor": "0",
    "IsWeightArticle": false,
    "IsBio": false,
    "CountryOfOrigin": "FRANKRIJK",
    "IsExclusivelySoldInLuxembourg": false,
    "OrderUnit": "P",
    "ShortName": "CH GIGAULT",
    "IsNew": false,
    "RecentQuanityOfStockUnits": "1,1,6,1",
    "LongName": "CH. GIGAULT Blaye Côtes de Bordeaux 75cl",
    "AlcoholVolume": "14",
    "FicCode": "E"
  },
  {
    "productId": "1201",
    "technicalArticleNumber": "17306",
    "commercialArticleNumber": "17306",
    "name": "Graves rood",
    "description": "FRANKRIJK BORDEAUX GRAVES ROOD\nKaraktervol, rijk boeket.\nIdeaal bij gebraad, pluimwild en kaas\nBewaring: 2 à 3 jaar.\nMILIEUBIJDRAGE: herbruikbare fles.",
    "brand": "LE PEYRAT",
    "seoBrand": "Le Peyrat",
    "thumbNail": "https://static.colruytgroup.com/images/200x200/std.lang.all/25/79/asset-2412579.jpg",
    "fullImage": "https://static.colruytgroup.com/images/500x500/std.lang.all/25/79/asset-2412579.jpg",
    "squareImage": "https://static.colruytgroup.com/images/500x500sq/std.lang.all/25/79/asset-2412579.jpg",
    "content": "75cl",
    "walkRouteSequenceNumber": 60,
    "price": {
      "basicPrice": 6.09,
      "recommendedQuantity": "1.0",
      "measurementUnitPrice": 8.12,
      "measurementUnit": "L",
      "isRedPrice": false,
      "pricePerUOM": 8.12,
      "activationDate": "19-03-2024",
      "recordSource": "Offline",
      "isPromoActive": "N",
      "priceChangeCode": "E"
    },
    "isAvailable": true,
    "isPriceAvailable": true,
    "inPromo": false,
    "gtin": [
      "05400141352412",
      "15400141173069",
      "15400141352419",
      "05400141394429"
    ],
    "topCategoryName": "Wijn",
    "topCategoryId": "421",
    "businessDomain": "RETAIL_BE",
    "IsPrivateLabel": true,
    "IsBiffe": false,
    "WeightconversionFactor": "0",
    "IsWeightArticle": false,
    "IsBio": false,
    "CountryOfOrigin": "FRANKRIJK",
    "IsExclusivelySoldInLuxembourg": false,
    "OrderUnit": "P",
    "ShortName": "LE PEYRAT ROOD",
    "InSeason": true,
    "IsNew": false,
    "EcoscoreLabel": "C",
    "RecentQuanityOfStockUnits": "1,6,6",
    "LongName": "LE PEYRAT Graves rood 75cl",
    "AlcoholVolume": "12.5",
    "StartSeasonDate": "25/06/2012",
    "FicCode": "I",
    "DepositValue": [
      0.3
    ],
    "EcoscoreValue": "56"
  },
  {
    "productId": "12049",
    "technicalArticleNumber": "1417398",
    "commercialArticleNumber": "17985",
    "name": "Beaujolais Villages Sarmentelles VV",
    "description": "FRANKRIJK BEAUJOLAIS ROOD\nMooie aroma's van jong rood fruit.\nFrisse,volle wijn met typische\ngamay impressies. Bij charcuterie\nschotels,wit vlees en lichte vis.",
    "thumbNail": "https://static.colruytgroup.com/images/200x200/std.lang.all/20/50/asset-3222050.jpg",
    "fullImage": "https://static.colruytgroup.com/images/500x500/std.lang.all/20/50/asset-3222050.jpg",
    "squareImage": "https://static.colruytgroup.com/images/500x500sq/std.lang.all/20/50/asset-3222050.jpg",
    "content": "75cl",
    "walkRouteSequenceNumber": 214,
    "price": {
      "basicPrice": 6.99,
      "recommendedQuantity": "1.0",
      "measurementUnitPrice": 9.32,
      "measurementUnit": "L",
      "isRedPrice": false,
      "pricePerUOM": 9.32,
      "activationDate": "02-02-2024",
      "recordSource": "Offline",
      "isPromoActive": "N",
      "priceChangeCode": "E"
    },
    "isAvailable": true,
    "isPriceAvailable": true,
    "inPromo": false,
    "gtin": [
      "23298661002926",
      "03298660025649"
    ],
    "topCategoryName": "Wijn",
    "topCategoryId": "421",
    "businessDomain": "RETAIL_BE",
    "IsPrivateLabel": false,
    "IsBiffe": false,
    "WeightconversionFactor": "0",
    "IsWeightArticle": false,
    "IsBio": false,
    "CountryOfOrigin": "FRANKRIJK",
    "IsExclusivelySoldInLuxembourg": false,
    "OrderUnit": "P",
    "ShortName": "BEAUJOL VILL. SARMEN.VV",
    "IsNew": false,
    "RecentQuanityOfStockUnits": "1,6",
    "LongName": "Beaujolais Villages Sarmentelles VV 75cl",
    "AlcoholVolume": "12.5",
    "FicCode": "E"
  },
  {
    "productId": "865882",
    "technicalArticleNumber": "4718146",
    "commercialArticleNumber": "5450",
    "name": "Grenache Bee Friendly IGP Céven.Bio",
    "description": "Grenache Cévennes Bio.\nLichte, ronde, fruitige en\ngastronomische wijn. Gecertificeerd\nbiologisch en bijvriendelijk.",
    "thumbNail": "https://static.colruytgroup.com/images/200x200/std.lang.all/75/93/asset-3237593.jpg",
    "fullImage": "https://static.colruytgroup.com/images/500x500/std.lang.all/75/93/asset-3237593.jpg",
    "squareImage": "https://static.colruytgroup.com/images/500x500sq/std.lang.all/75/93/asset-3237593.jpg",
    "content": "75cl",
    "walkRouteSequenceNumber": 263,
    "price": {
      "basicPrice": 7.89,
      "recommendedQuantity": "1.0",
      "measurementUnitPrice": 10.52,
      "measurementUnit": "L",
      "isRedPrice": false,
      "pricePerUOM": 10.52,
      "activationDate": "15-11-2023",
      "isPromoActive": "N",
      "priceChangeCode": "E"
    },
    "isAvailable": true,
    "isPriceAvailable": true,
    "inPromo": false,
    "gtin": [
      "03514123339543",
      "03514123129311"
    ],
    "topCategoryName": "Wijn",
    "topCategoryId": "421",
    "businessDomain": "RETAIL_BE",
    "IsPrivateLabel": false,
    "IsBiffe": false,
    "WeightconversionFactor": "0",
    "IsWeightArticle": false,
    "IsBio": true,
    "CountryOfOrigin": "FRANKRIJK",
    "IsExclusivelySoldInLuxembourg": false,
    "OrderUnit": "P",
    "ShortName": "GRENACHE CEVENN.BIO75CL",
    "IsNew": false,
    "RecentQuanityOfStockUnits": "1",
    "LongName": "Grenache Bee Friendly IGP Céven.Bio 75cl",
    "AlcoholVolume": "13.5",
    "FicCode": "E"
  },
  {
    "productId": "57877",
    "technicalArticleNumber": "2276985",
    "commercialArticleNumber": "3781",
    "name": "Cava Reserva Brut Esp.",
    "description": "SPANJE SCHUIMWIJN DROOG.\nTop Cava, vervaardigd van Xarel.lo en\nChardonnay die manueel geoogst werden\nIntens en fruitig aroma, heel fris en\nmooi fruitig in de mond.",
    "brand": "MAS PERE",
    "seoBrand": "Mas Pere",
    "thumbNail": "https://static.colruytgroup.com/images/200x200/std.lang.all/76/02/asset-3217602.jpg",
    "fullImage": "https://static.colruytgroup.com/images/500x500/std.lang.all/76/02/asset-3217602.jpg",
    "squareImage": "https://static.colruytgroup.com/images/500x500sq/std.lang.all/76/02/asset-3217602.jpg",
    "content": "75cl",
    "walkRouteSequenceNumber": 515,
    "price": {
      "basicPrice": 10.99,
      "recommendedQuantity": "1.0",
      "measurementUnitPrice": 14.66,
      "measurementUnit": "L",
      "isRedPrice": false,
      "pricePerUOM": 14.66,
      "activationDate": "03-01-2024",
      "isPromoActive": "N",
      "priceChangeCode": "H"
    },
    "isAvailable": true,
    "isPriceAvailable": true,
    "inPromo": false,
    "gtin": [
      "05400141999815",
      "08426998236757",
      "08426998236061"
    ],
    "topCategoryName": "Wijn",
    "topCategoryId": "421",
    "businessDomain": "RETAIL_BE",
    "IsPrivateLabel": false,
    "IsBiffe": false,
    "WeightconversionFactor": "0",
    "IsWeightArticle": false,
    "IsBio": false,
    "CountryOfOrigin": "BELGIË",
    "IsExclusivelySoldInLuxembourg": false,
    "OrderUnit": "P",
    "ShortName": "M PERE CAVA ESPEC 75",
    "InSeason": true,
    "IsNew": false,
    "RecentQuanityOfStockUnits": "1,6",
    "LongName": "MAS PERE Cava Reserva Brut Esp. 75cl",
    "AlcoholVolume": "11.5",
    "StartSeasonDate": "27/10/2017",
    "FicCode": "E"
  },
  {
    "productId": "66392",
    "technicalArticleNumber": "2751644",
    "commercialArticleNumber": "1873",
    "name": "Cava Brut Nature Reserva",
    "description": "SPANJE SCHUIMWIJN BRUT NATURE\nTop Cava, vervaardigd van Xarel.lo ,\nMacabeo,parellada en pinot noir\nIntens en fruitig aroma, heel fris en\nmooi fruitig in de mond.",
    "brand": "MAS PERE",
    "seoBrand": "Mas Pere",
    "thumbNail": "https://static.colruytgroup.com/images/200x200/std.lang.all/67/14/asset-2976714.jpg",
    "fullImage": "https://static.colruytgroup.com/images/500x500/std.lang.all/67/14/asset-2976714.jpg",
    "squareImage": "https://static.colruytgroup.com/images/500x500sq/std.lang.all/67/14/asset-2976714.jpg",
    "content": "75cl",
    "walkRouteSequenceNumber": 512,
    "price": {
      "basicPrice": 10.69,
      "recommendedQuantity": "1.0",
      "quantityPrice": 10.26,
      "quantityPriceQuantity": "6.0",
      "measurementUnitPrice": 14.26,
      "measurementUnitQuantityPrice": 13.68,
      "measurementUnit": "L",
      "isRedPrice": false,
      "pricePerUOM": 14.26,
      "activationDate": "03-01-2024",
      "isPromoActive": "N",
      "priceChangeCode": "H",
      "quantityPricePerUOM": 13.68,
      "quantityActivationDate": "03-01-2024",
      "quantityPriceChangeCode": "H"
    },
    "isAvailable": true,
    "isPriceAvailable": true,
    "inPromo": false,
    "gtin": [
      "08426998250753",
      "08426998250067"
    ],
    "topCategoryName": "Wijn",
    "topCategoryId": "421",
    "businessDomain": "RETAIL_BE",
    "IsPrivateLabel": false,
    "IsBiffe": false,
    "WeightconversionFactor": "0",
    "IsWeightArticle": false,
    "IsBio": false,
    "CountryOfOrigin": "SPANJE",
    "IsExclusivelySoldInLuxembourg": false,
    "OrderUnit": "P",
    "ShortName": "MAS PERE CAVA BRUT NATU",
    "IsNew": false,
    "RecentQuanityOfStockUnits": "6,1",
    "LongName": "MAS PERE Cava Brut Nature Reserva 75cl",
    "AlcoholVolume": "11.5",
    "FicCode": "E"
  },
  {
    "productId": "48928",
    "technicalArticleNumber": "2414957",
    "commercialArticleNumber": "36828",
    "name": "Vintage Reserva 12%",
    "description": "Freixenet Vintage Reserva brut\nnatuur is een Cava van zeer hoge\nkwaliteit. Deze Cava op basis van\nMacabeo,Parellada genoot een rijping\nvan 18 tot 24 maanden. 12% alc.vol.",
    "brand": "FREIXENET",
    "seoBrand": "Freixenet",
    "thumbNail": "https://static.colruytgroup.com/images/200x200/std.lang.all/26/98/asset-2452698.jpg",
    "fullImage": "https://static.colruytgroup.com/images/500x500/std.lang.all/26/98/asset-2452698.jpg",
    "squareImage": "https://static.colruytgroup.com/images/500x500sq/std.lang.all/26/98/asset-2452698.jpg",
    "content": "75cl",
    "walkRouteSequenceNumber": 524,
    "price": {
      "basicPrice": 11.99,
      "recommendedQuantity": "1.0",
      "quantityPrice": 11.51,
      "quantityPriceQuantity": "6.0",
      "measurementUnitPrice": 15.99,
      "measurementUnitQuantityPrice": 15.35,
      "measurementUnit": "L",
      "isRedPrice": false,
      "pricePerUOM": 15.99,
      "activationDate": "17-02-2024",
      "isPromoActive": "N",
      "priceChangeCode": "E",
      "quantityPricePerUOM": 15.35,
      "quantityActivationDate": "17-02-2024",
      "quantityPriceChangeCode": "E"
    },
    "isAvailable": true,
    "isPriceAvailable": true,
    "inPromo": false,
    "gtin": [
      "08410036000097",
      "08410036100193"
    ],
    "topCategoryName": "Wijn",
    "topCategoryId": "421",
    "businessDomain": "RETAIL_BE",
    "IsPrivateLabel": false,
    "IsBiffe": false,
    "WeightconversionFactor": "0",
    "IsWeightArticle": false,
    "IsBio": false,
    "CountryOfOrigin": "SPANJE",
    "IsExclusivelySoldInLuxembourg": false,
    "OrderUnit": "P",
    "ShortName": "FREIXENET VINTAGE75C",
    "InSeason": true,
    "IsNew": false,
    "EcoscoreLabel": "C",
    "RecentQuanityOfStockUnits": "1,6",
    "LongName": "FREIXENET Vintage Reserva 12% 75cl",
    "AlcoholVolume": "12",
    "StartSeasonDate": "17/04/2015",
    "FicCode": "E",
    "EcoscoreValue": "45"
  },
  {
    "productId": "1176",
    "technicalArticleNumber": "17844",
    "commercialArticleNumber": "17844",
    "name": "champagne brut",
    "description": "FRANKRIJK CHAMPAGNE DROOG\nHeel droge champagne uit Reims. Heeft\nten minste 3 jaar gerijpt. Koel en\nfris serveren, maar niet ijskoud, zo\nblijft het rijke boeket behouden.",
    "brand": "PIPER HEIDSIECK",
    "seoBrand": "Piper-Heidsieck",
    "thumbNail": "https://static.colruytgroup.com/images/200x200/std.lang.all/85/63/asset-3328563.jpg",
    "fullImage": "https://static.colruytgroup.com/images/500x500/std.lang.all/85/63/asset-3328563.jpg",
    "squareImage": "https://static.colruytgroup.com/images/500x500sq/std.lang.all/85/63/asset-3328563.jpg",
    "content": "75cl",
    "walkRouteSequenceNumber": 461,
    "price": {
      "basicPrice": 37.49,
      "recommendedQuantity": "1.0",
      "measurementUnitPrice": 49.99,
      "measurementUnit": "L",
      "isRedPrice": false,
      "pricePerUOM": 49.99,
      "activationDate": "23-03-2024",
      "recordSource": "Offline",
      "isPromoActive": "N",
      "priceChangeCode": "E"
    },
    "isAvailable": true,
    "isPriceAvailable": true,
    "inPromo": false,
    "gtin": [
      "03018333009482",
      "03018333005804",
      "03018333006818",
      "03018334100003",
      "03018334100010"
    ],
    "topCategoryName": "Wijn",
    "topCategoryId": "421",
    "businessDomain": "RETAIL_BE",
    "IsPrivateLabel": false,
    "IsBiffe": false,
    "WeightconversionFactor": "0",
    "IsWeightArticle": false,
    "IsBio": false,
    "CountryOfOrigin": "FRANKRIJK",
    "IsExclusivelySoldInLuxembourg": false,
    "OrderUnit": "P",
    "ShortName": "PIPER HEIDS BRUT 75CL",
    "InSeason": true,
    "IsNew": false,
    "EcoscoreLabel": "D",
    "RecentQuanityOfStockUnits": "1,6",
    "LongName": "PIPER HEIDSIECK champagne brut 75cl",
    "AlcoholVolume": "12",
    "StartSeasonDate": "23/12/2022",
    "FicCode": "E",
    "EcoscoreValue": "23"
  },
  {
    "productId": "2721",
    "technicalArticleNumber": "1012877",
    "commercialArticleNumber": "17156",
    "name": "Hautes Côtes de Beaune",
    "description": "FRANKRIJK BOURGOGNE ROOD\nFruitige aroma's van krieken.\nRonde en smaakvolle wijn. Aanbe-\nvolen bij gevogelte en rood vlees.",
    "thumbNail": "https://static.colruytgroup.com/images/200x200/std.lang.all/30/23/asset-363023.jpg",
    "fullImage": "https://static.colruytgroup.com/images/500x500/std.lang.all/30/23/asset-363023.jpg",
    "squareImage": "https://static.colruytgroup.com/images/500x500sq/std.lang.all/30/23/asset-363023.jpg",
    "content": "75cl",
    "walkRouteSequenceNumber": 208,
    "price": {
      "basicPrice": 12.85,
      "recommendedQuantity": "1.0",
      "measurementUnitPrice": 17.14,
      "measurementUnit": "L",
      "isRedPrice": false,
      "pricePerUOM": 17.14,
      "activationDate": "18-03-2024",
      "recordSource": "Offline",
      "isPromoActive": "N",
      "priceChangeCode": "H"
    },
    "isAvailable": true,
    "isPriceAvailable": true,
    "inPromo": false,
    "gtin": [
      "03296311170908",
      "03296311670903",
      "03296311670101",
      "03296311670002",
      "03296311170809",
      "03296311170700",
      "03296311170502",
      "03296311170106",
      "03296311170007",
      "03296311670705",
      "03296311670804",
      "03296311670200",
      "03296311170205"
    ],
    "topCategoryName": "Wijn",
    "topCategoryId": "421",
    "businessDomain": "RETAIL_BE",
    "IsPrivateLabel": false,
    "IsBiffe": false,
    "WeightconversionFactor": "0",
    "IsWeightArticle": false,
    "IsBio": false,
    "CountryOfOrigin": "FRANKRIJK",
    "IsExclusivelySoldInLuxembourg": false,
    "OrderUnit": "P",
    "ShortName": "HAUTES COTES DE BEAUNE",
    "IsNew": false,
    "RecentQuanityOfStockUnits": "1,1,1,6,1",
    "LongName": "Hautes Côtes de Beaune 75cl",
    "AlcoholVolume": "13",
    "FicCode": "E"
  },
  {
    "productId": "1141",
    "technicalArticleNumber": "17180",
    "commercialArticleNumber": "17180",
    "name": "Graves wit",
    "description": "FRANKRIJK BORDEAUX GRAVES DROOG WIT\nFris, geparfumeerd en fruitig, pittige\nafdronk. Gekoeld schenken bij vis en\nvoorgerechten.\nMILIEUBIJDRAGE: herbruikbare fles.",
    "brand": "LE PEYRAT",
    "seoBrand": "Le Peyrat",
    "thumbNail": "https://static.colruytgroup.com/images/200x200/std.lang.all/29/64/asset-2412964.jpg",
    "fullImage": "https://static.colruytgroup.com/images/500x500/std.lang.all/29/64/asset-2412964.jpg",
    "squareImage": "https://static.colruytgroup.com/images/500x500sq/std.lang.all/29/64/asset-2412964.jpg",
    "content": "75cl",
    "walkRouteSequenceNumber": 131,
    "price": {
      "basicPrice": 5.99,
      "recommendedQuantity": "1.0",
      "measurementUnitPrice": 7.99,
      "measurementUnit": "L",
      "isRedPrice": false,
      "pricePerUOM": 7.99,
      "activationDate": "12-03-2024",
      "recordSource": "Offline",
      "isPromoActive": "N",
      "priceChangeCode": "E"
    },
    "isAvailable": true,
    "isPriceAvailable": true,
    "inPromo": false,
    "gtin": [
      "05400141171808",
      "05400141394412",
      "15400141171805",
      "15400141352303",
      "05400141352306"
    ],
    "topCategoryName": "Wijn",
    "topCategoryId": "421",
    "businessDomain": "RETAIL_BE",
    "IsPrivateLabel": true,
    "IsBiffe": false,
    "WeightconversionFactor": "0",
    "IsWeightArticle": false,
    "IsBio": false,
    "CountryOfOrigin": "FRANKRIJK",
    "IsExclusivelySoldInLuxembourg": false,
    "OrderUnit": "P",
    "ShortName": "LE PEYRAT GRAVES WIT",
    "InSeason": true,
    "IsNew": false,
    "EcoscoreLabel": "C",
    "RecentQuanityOfStockUnits": "1",
    "LongName": "LE PEYRAT Graves wit 75cl",
    "AlcoholVolume": "11.5",
    "StartSeasonDate": "27/03/2019",
    "FicCode": "I",
    "DepositValue": [
      0.3
    ],
    "EcoscoreValue": "57"
  },
  {
    "productId": "32787",
    "technicalArticleNumber": "1683070",
    "commercialArticleNumber": "17473",
    "name": "By Barthès Bandol AOP Rosé",
    "description": "FRANKRIJK BANDOL ROOS ROSE\nKruidige en fruitige aromas.Gebalde\nen frisse aanzet,mollige afdronk.\nEen van de beste rosés. Als aperitief,\nbij slaatjes en meditarrane keuken.",
    "thumbNail": "https://static.colruytgroup.com/images/200x200/std.lang.all/47/23/asset-1204723.jpg",
    "fullImage": "https://static.colruytgroup.com/images/500x500/std.lang.all/47/23/asset-1204723.jpg",
    "squareImage": "https://static.colruytgroup.com/images/500x500sq/std.lang.all/47/23/asset-1204723.jpg",
    "content": "75cl",
    "walkRouteSequenceNumber": 482,
    "price": {
      "basicPrice": 9.35,
      "recommendedQuantity": "1.0",
      "measurementUnitPrice": 12.47,
      "measurementUnit": "L",
      "isRedPrice": false,
      "pricePerUOM": 12.47,
      "activationDate": "20-03-2024",
      "recordSource": "Offline",
      "isPromoActive": "N",
      "priceChangeCode": "H"
    },
    "isAvailable": true,
    "isPriceAvailable": true,
    "inPromo": false,
    "gtin": [
      "03760129100094",
      "03760129100087"
    ],
    "topCategoryName": "Wijn",
    "topCategoryId": "421",
    "businessDomain": "RETAIL_BE",
    "IsPrivateLabel": false,
    "IsBiffe": false,
    "WeightconversionFactor": "0",
    "IsWeightArticle": false,
    "IsBio": false,
    "CountryOfOrigin": "FRANKRIJK",
    "IsExclusivelySoldInLuxembourg": false,
    "OrderUnit": "P",
    "ShortName": "BANDOL ROSE BARTHES",
    "InSeason": true,
    "IsNew": false,
    "EcoscoreLabel": "D",
    "RecentQuanityOfStockUnits": "1,6",
    "LongName": "By Barthès Bandol AOP Rosé 75cl",
    "AlcoholVolume": "13.5",
    "StartSeasonDate": "03/11/2016",
    "FicCode": "E",
    "EcoscoreValue": "25"
  },
  {
    "productId": "135187",
    "technicalArticleNumber": "3175542",
    "commercialArticleNumber": "1548",
    "name": "CasaMayor Rosé Cabernet Sauv.",
    "description": "Lichte kersenrode kleur. Lekkere geur\nvan rood fruit. Soepele en fruitige\nsmaak, droog. Heerlijk als apero, bij\nslaatjes, wit vlees, pasta's, barbecue\nJong drinken. Koel schenken.",
    "thumbNail": "https://static.colruytgroup.com/images/200x200/std.lang.all/43/24/asset-914324.jpg",
    "fullImage": "https://static.colruytgroup.com/images/500x500/std.lang.all/43/24/asset-914324.jpg",
    "squareImage": "https://static.colruytgroup.com/images/500x500sq/std.lang.all/43/24/asset-914324.jpg",
    "content": "75cl",
    "walkRouteSequenceNumber": 443,
    "price": {
      "basicPrice": 6.49,
      "recommendedQuantity": "1.0",
      "quantityPrice": 6.15,
      "quantityPriceQuantity": "6.0",
      "measurementUnitPrice": 8.66,
      "measurementUnitQuantityPrice": 8.2,
      "measurementUnit": "L",
      "isRedPrice": false,
      "pricePerUOM": 8.66,
      "activationDate": "17-02-2024",
      "recordSource": "Offline",
      "isPromoActive": "N",
      "priceChangeCode": "E",
      "quantityPricePerUOM": 8.2,
      "quantityActivationDate": "17-02-2024",
      "quantityPriceChangeCode": "E"
    },
    "isAvailable": true,
    "isPriceAvailable": true,
    "inPromo": false,
    "gtin": [
      "07804454002268",
      "17804454002265"
    ],
    "topCategoryName": "Wijn",
    "topCategoryId": "421",
    "businessDomain": "RETAIL_BE",
    "IsPrivateLabel": false,
    "IsBiffe": false,
    "WeightconversionFactor": "0",
    "IsWeightArticle": false,
    "IsBio": false,
    "CountryOfOrigin": "CHILI",
    "IsExclusivelySoldInLuxembourg": false,
    "OrderUnit": "P",
    "ShortName": "CASA MAYOR ROSE CAB SAU",
    "IsNew": false,
    "RecentQuanityOfStockUnits": "1,6",
    "LongName": "CasaMayor Rosé Cabernet Sauv. 75cl",
    "AlcoholVolume": "12.5",
    "FicCode": "E"
  },
  {
    "productId": "677598",
    "technicalArticleNumber": "4394869",
    "commercialArticleNumber": "20177",
    "name": "Languedoc AOP Roc des Francs",
    "description": "Zonnige rode wijn uit de Languedoc.\nFruitig, soepel en niet te gecorseerd.\nDrinken op keldertemperatuur,\nbij de dagelijkse maaltijd.",
    "thumbNail": "https://static.colruytgroup.com/images/200x200/std.lang.all/62/63/asset-3456263.jpg",
    "fullImage": "https://static.colruytgroup.com/images/500x500/std.lang.all/62/63/asset-3456263.jpg",
    "squareImage": "https://static.colruytgroup.com/images/500x500sq/std.lang.all/62/63/asset-3456263.jpg",
    "content": "75cl",
    "walkRouteSequenceNumber": 272,
    "price": {
      "basicPrice": 4.49,
      "recommendedQuantity": "1.0",
      "measurementUnitPrice": 5.99,
      "measurementUnit": "L",
      "isRedPrice": false,
      "pricePerUOM": 5.99,
      "activationDate": "02-01-2024",
      "recordSource": "Offline",
      "isPromoActive": "N",
      "priceChangeCode": "E"
    },
    "isAvailable": true,
    "isPriceAvailable": true,
    "inPromo": false,
    "gtin": [
      "03569400012190",
      "03569401012199",
      "03569409012191"
    ],
    "topCategoryName": "Wijn",
    "topCategoryId": "421",
    "businessDomain": "RETAIL_BE",
    "IsPrivateLabel": false,
    "IsBiffe": false,
    "WeightconversionFactor": "0",
    "IsWeightArticle": false,
    "IsBio": false,
    "CountryOfOrigin": "FRANKRIJK",
    "IsExclusivelySoldInLuxembourg": false,
    "OrderUnit": "P",
    "ShortName": "AOP LANGUEDOC ROOD",
    "IsNew": false,
    "RecentQuanityOfStockUnits": "1",
    "LongName": "Languedoc AOP Roc des Francs 75cl",
    "AlcoholVolume": "14.2",
    "FicCode": "E"
  },
  {
    "productId": "431046",
    "technicalArticleNumber": "3974017",
    "commercialArticleNumber": "3417",
    "name": "Rossini Strawberry 8,0%",
    "brand": "MARTINI",
    "seoBrand": "Martini",
    "thumbNail": "https://static.colruytgroup.com/images/200x200/std.lang.all/35/31/asset-1573531.jpg",
    "fullImage": "https://static.colruytgroup.com/images/500x500/std.lang.all/35/31/asset-1573531.jpg",
    "squareImage": "https://static.colruytgroup.com/images/500x500sq/std.lang.all/35/31/asset-1573531.jpg",
    "content": "75cl",
    "walkRouteSequenceNumber": 676,
    "price": {
      "basicPrice": 9.5,
      "recommendedQuantity": "1.0",
      "measurementUnitPrice": 12.67,
      "measurementUnit": "L",
      "isRedPrice": false,
      "pricePerUOM": 12.67,
      "activationDate": "19-03-2024",
      "recordSource": "Online",
      "isPromoActive": "N",
      "priceChangeCode": "E"
    },
    "isAvailable": true,
    "isPriceAvailable": true,
    "inPromo": false,
    "gtin": [
      "07630040401920",
      "07630040401814"
    ],
    "topCategoryName": "Wijn",
    "topCategoryId": "421",
    "businessDomain": "RETAIL_BE",
    "IsPrivateLabel": false,
    "IsBiffe": false,
    "WeightconversionFactor": "0",
    "IsWeightArticle": false,
    "IsBio": false,
    "CountryOfOrigin": "ITALIË",
    "IsExclusivelySoldInLuxembourg": false,
    "OrderUnit": "P",
    "ShortName": "MART ROSSINI 75CL",
    "InSeason": true,
    "IsNew": false,
    "EcoscoreLabel": "D",
    "RecentQuanityOfStockUnits": "1,6",
    "LongName": "MARTINI Rossini Strawberry 8,0% 75cl",
    "AlcoholVolume": "8",
    "StartSeasonDate": "28/04/2022",
    "FicCode": "E",
    "EcoscoreValue": "27"
  },
  {
    "productId": "1007283",
    "technicalArticleNumber": "4784527",
    "commercialArticleNumber": "33132",
    "name": "Côtes des Roses",
    "description": "AOP Languedoc rosé\nAroma's van rood fruit, bloemige tonen\nen citrusvruchten. Te serveren als\naperitief, met gevogelte, schaaldieren\nen gekruide gerechten.",
    "brand": "GÉRARD BERTRAND",
    "seoBrand": "Gérard Bertrand",
    "thumbNail": "https://static.colruytgroup.com/images/200x200/std.lang.all/85/13/asset-3388513.jpg",
    "fullImage": "https://static.colruytgroup.com/images/500x500/std.lang.all/85/13/asset-3388513.jpg",
    "squareImage": "https://static.colruytgroup.com/images/500x500sq/std.lang.all/85/13/asset-3388513.jpg",
    "content": "75cl",
    "walkRouteSequenceNumber": 442,
    "price": {
      "basicPrice": 9.99,
      "recommendedQuantity": "1.0",
      "quantityPrice": 9.59,
      "quantityPriceQuantity": "6.0",
      "measurementUnitPrice": 13.32,
      "measurementUnitQuantityPrice": 12.79,
      "measurementUnit": "L",
      "isRedPrice": false,
      "pricePerUOM": 13.32,
      "activationDate": "22-02-2024",
      "recordSource": "Offline",
      "isPromoActive": "N",
      "priceChangeCode": "E",
      "quantityPricePerUOM": 12.79,
      "quantityActivationDate": "22-02-2024",
      "quantityPriceChangeCode": "H"
    },
    "isAvailable": true,
    "isPriceAvailable": true,
    "inPromo": false,
    "gtin": [
      "03514120107107",
      "03514120208729"
    ],
    "topCategoryName": "Wijn",
    "topCategoryId": "421",
    "businessDomain": "RETAIL_BE",
    "IsPrivateLabel": false,
    "IsBiffe": false,
    "WeightconversionFactor": "0",
    "IsWeightArticle": false,
    "IsBio": false,
    "CountryOfOrigin": "FRANKRIJK",
    "IsExclusivelySoldInLuxembourg": false,
    "OrderUnit": "P",
    "ShortName": "COTE ROSES ROSE 75CL",
    "IsNew": false,
    "EcoscoreLabel": "D",
    "RecentQuanityOfStockUnits": "1,6",
    "LongName": "GÉRARD BERTRAND Côtes des Roses 75cl",
    "AlcoholVolume": "13",
    "FicCode": "E",
    "EcoscoreValue": "25"
  },
  {
    "productId": "1225",
    "technicalArticleNumber": "17438",
    "commercialArticleNumber": "17438",
    "name": "Château du Bois de la Garde rosé",
    "description": "FRANKRIJK RHONE DROOG ROSE\nAroma's van rood fruit, bloemen en\nkruiden. Krachtige, pittige wijn.\nKoel serveren bij alle koude schotels\nen kruidige gerechten.",
    "thumbNail": "https://static.colruytgroup.com/images/200x200/std.lang.all/82/96/asset-2068296.jpg",
    "fullImage": "https://static.colruytgroup.com/images/500x500/std.lang.all/82/96/asset-2068296.jpg",
    "squareImage": "https://static.colruytgroup.com/images/500x500sq/std.lang.all/82/96/asset-2068296.jpg",
    "content": "75cl",
    "walkRouteSequenceNumber": 502,
    "price": {
      "basicPrice": 6.99,
      "recommendedQuantity": "1.0",
      "measurementUnitPrice": 9.32,
      "measurementUnit": "L",
      "isRedPrice": false,
      "pricePerUOM": 9.32,
      "activationDate": "14-11-2023",
      "isPromoActive": "N",
      "priceChangeCode": "E"
    },
    "isAvailable": true,
    "isPriceAvailable": true,
    "inPromo": false,
    "gtin": [
      "05400141174380",
      "03760204730178",
      "15400141174387"
    ],
    "topCategoryName": "Wijn",
    "topCategoryId": "421",
    "businessDomain": "RETAIL_BE",
    "IsPrivateLabel": false,
    "IsBiffe": false,
    "WeightconversionFactor": "0",
    "IsWeightArticle": false,
    "IsBio": false,
    "CountryOfOrigin": "FRANKRIJK",
    "IsExclusivelySoldInLuxembourg": false,
    "OrderUnit": "P",
    "ShortName": "CH BOIS LA GARDE ROSE",
    "InSeason": true,
    "IsNew": false,
    "RecentQuanityOfStockUnits": "6,1",
    "LongName": "Château du Bois de la Garde rosé 75cl",
    "AlcoholVolume": "13.5",
    "StartSeasonDate": "11/12/2015",
    "FicCode": "E"
  },
  {
    "productId": "32785",
    "technicalArticleNumber": "1683068",
    "commercialArticleNumber": "17398",
    "name": "Saumur Champigny Les Arpents",
    "description": "FRANKRIJK LOIRE ROOD\nFruitige wijn met pittige afdronk.\nKoel schenken. Bij wit vlees en\nzachte kazen. Alternatief als rood\nbij vis.",
    "thumbNail": "https://static.colruytgroup.com/images/200x200/std.lang.all/07/36/asset-640736.jpg",
    "fullImage": "https://static.colruytgroup.com/images/500x500/std.lang.all/07/36/asset-640736.jpg",
    "squareImage": "https://static.colruytgroup.com/images/500x500sq/std.lang.all/07/36/asset-640736.jpg",
    "content": "75cl",
    "walkRouteSequenceNumber": 201,
    "price": {
      "basicPrice": 6.29,
      "recommendedQuantity": "1.0",
      "measurementUnitPrice": 8.39,
      "measurementUnit": "L",
      "isRedPrice": false,
      "pricePerUOM": 8.39,
      "activationDate": "12-03-2024",
      "recordSource": "Folder",
      "isPromoActive": "N",
      "priceChangeCode": "L"
    },
    "isAvailable": true,
    "isPriceAvailable": true,
    "inPromo": false,
    "gtin": [
      "03215198001655",
      "03215190222140"
    ],
    "topCategoryName": "Wijn",
    "topCategoryId": "421",
    "businessDomain": "RETAIL_BE",
    "IsPrivateLabel": false,
    "IsBiffe": false,
    "WeightconversionFactor": "0",
    "IsWeightArticle": false,
    "IsBio": false,
    "CountryOfOrigin": "FRANKRIJK",
    "IsExclusivelySoldInLuxembourg": false,
    "OrderUnit": "P",
    "ShortName": "RE SAUMUR CHAMPIGNY",
    "IsNew": false,
    "RecentQuanityOfStockUnits": "1,6",
    "LongName": "Saumur Champigny Les Arpents 75cl",
    "AlcoholVolume": "12.5",
    "FicCode": "E"
  },
  {
    "productId": "701338",
    "technicalArticleNumber": "4433984",
    "commercialArticleNumber": "16310",
    "name": "Champ des Muraille Cru Boutenac Bio",
    "description": "France Corbières Boutenac intens en\nmet diepgang, toetsen van zwarte bes,\ncacao, bosvruchten en zoethout. Mooie\nvolle wijn met frisse en\nzijdezachte finale.",
    "thumbNail": "https://static.colruytgroup.com/images/200x200/std.lang.all/92/52/asset-3239252.jpg",
    "fullImage": "https://static.colruytgroup.com/images/500x500/std.lang.all/92/52/asset-3239252.jpg",
    "squareImage": "https://static.colruytgroup.com/images/500x500sq/std.lang.all/92/52/asset-3239252.jpg",
    "content": "75cl",
    "walkRouteSequenceNumber": 266,
    "price": {
      "basicPrice": 9.99,
      "recommendedQuantity": "1.0",
      "measurementUnitPrice": 13.32,
      "measurementUnit": "L",
      "isRedPrice": false,
      "pricePerUOM": 13.32,
      "activationDate": "02-01-2024",
      "isPromoActive": "N",
      "priceChangeCode": "H"
    },
    "isAvailable": true,
    "isPriceAvailable": true,
    "inPromo": false,
    "gtin": [
      "03418230007039",
      "03418230005202",
      "03418230005196"
    ],
    "topCategoryName": "Wijn",
    "topCategoryId": "421",
    "businessDomain": "RETAIL_BE",
    "IsPrivateLabel": false,
    "IsBiffe": false,
    "WeightconversionFactor": "0",
    "IsWeightArticle": false,
    "IsBio": true,
    "CountryOfOrigin": "FRANKRIJK",
    "IsExclusivelySoldInLuxembourg": false,
    "OrderUnit": "P",
    "ShortName": "CHAMP MURAILLE BOUT.BIO",
    "IsNew": false,
    "RecentQuanityOfStockUnits": "1,6",
    "LongName": "Champ des Muraille Cru Boutenac Bio 75cl",
    "AlcoholVolume": "14.5",
    "FicCode": "E"
  },
  {
    "productId": "12955",
    "technicalArticleNumber": "1305984",
    "commercialArticleNumber": "17414",
    "name": "Argento Chardonnay",
    "description": "ARGENTINIE DROOG WIT\nVrij intense gele kleur. Aroma's van\nrijp tropisch citrusfruit. Ronde,volle\nwijn. Sappig fruit. Bij koude schotels\nen visgerechten met saus. qbd",
    "thumbNail": "https://static.colruytgroup.com/images/200x200/std.lang.all/19/07/asset-3441907.jpg",
    "fullImage": "https://static.colruytgroup.com/images/500x500/std.lang.all/19/07/asset-3441907.jpg",
    "squareImage": "https://static.colruytgroup.com/images/500x500sq/std.lang.all/19/07/asset-3441907.jpg",
    "content": "75cl",
    "walkRouteSequenceNumber": 368,
    "price": {
      "basicPrice": 5.99,
      "recommendedQuantity": "1.0",
      "quantityPrice": 5.75,
      "quantityPriceQuantity": "6.0",
      "measurementUnitPrice": 7.99,
      "measurementUnitQuantityPrice": 7.67,
      "measurementUnit": "L",
      "isRedPrice": false,
      "pricePerUOM": 7.99,
      "activationDate": "23-03-2024",
      "recordSource": "Offline",
      "isPromoActive": "N",
      "priceChangeCode": "E",
      "quantityPricePerUOM": 7.67,
      "quantityActivationDate": "23-03-2024",
      "quantityPriceChangeCode": "E"
    },
    "isAvailable": true,
    "isPriceAvailable": true,
    "inPromo": false,
    "gtin": [
      "07794450091413",
      "07798159560102",
      "17798159560109"
    ],
    "topCategoryName": "Wijn",
    "topCategoryId": "421",
    "businessDomain": "RETAIL_BE",
    "IsPrivateLabel": false,
    "IsBiffe": false,
    "WeightconversionFactor": "0",
    "IsWeightArticle": false,
    "IsBio": false,
    "CountryOfOrigin": "ARGENTINIË",
    "IsExclusivelySoldInLuxembourg": false,
    "OrderUnit": "P",
    "ShortName": "ARGENTO CHARDONNAY",
    "IsNew": false,
    "EcoscoreLabel": "D",
    "RecentQuanityOfStockUnits": "1,6",
    "LongName": "Argento Chardonnay 75cl",
    "AlcoholVolume": "13.5",
    "FicCode": "E",
    "EcoscoreValue": "38"
  },
  {
    "productId": "1154",
    "technicalArticleNumber": "17698",
    "commercialArticleNumber": "17698",
    "name": "FENDANT AOC VALAIS",
    "description": "ZWITSERLAND DROOG WIT\nVan de Chasselas-druif. Zeer aangenaam\nparfum. Aanbevolen bij kaasfondue,\nraclette, gruyèrekaas, zuurkool en\nescargots, of als aperitief. QAA",
    "thumbNail": "https://static.colruytgroup.com/images/200x200/std.lang.all/15/61/asset-371561.jpg",
    "fullImage": "https://static.colruytgroup.com/images/500x500/std.lang.all/15/61/asset-371561.jpg",
    "squareImage": "https://static.colruytgroup.com/images/500x500sq/std.lang.all/15/61/asset-371561.jpg",
    "content": "75cl",
    "walkRouteSequenceNumber": 221,
    "price": {
      "basicPrice": 10.44,
      "recommendedQuantity": "1.0",
      "quantityPrice": 10.26,
      "quantityPriceQuantity": "6.0",
      "measurementUnitPrice": 13.92,
      "measurementUnitQuantityPrice": 13.68,
      "measurementUnit": "L",
      "isRedPrice": false,
      "pricePerUOM": 13.92,
      "activationDate": "14-11-2023",
      "recordSource": "Offline",
      "isPromoActive": "N",
      "priceChangeCode": "E",
      "quantityPricePerUOM": 13.68,
      "quantityActivationDate": "14-11-2023",
      "quantityPriceChangeCode": "E"
    },
    "isAvailable": true,
    "isPriceAvailable": true,
    "inPromo": false,
    "gtin": [
      "07640163866018",
      "07610625022597",
      "07640163866001"
    ],
    "topCategoryName": "Wijn",
    "topCategoryId": "421",
    "businessDomain": "RETAIL_BE",
    "IsPrivateLabel": false,
    "IsBiffe": false,
    "WeightconversionFactor": "0",
    "IsWeightArticle": false,
    "IsBio": false,
    "CountryOfOrigin": "ZWITSERLAND",
    "IsExclusivelySoldInLuxembourg": false,
    "OrderUnit": "P",
    "ShortName": "FENDANT DU VALAIS",
    "InSeason": true,
    "IsNew": false,
    "RecentQuanityOfStockUnits": "1,6",
    "LongName": "FENDANT AOC VALAIS 75cl",
    "AlcoholVolume": "12.5",
    "StartSeasonDate": "22/07/2020",
    "FicCode": "E"
  },
  {
    "productId": "956084",
    "technicalArticleNumber": "4771749",
    "commercialArticleNumber": "32918",
    "name": "Pouilly-Fumé Fragments de Loire",
    "description": "FRANKRIJK LOIRE DROOG WIT\nA.C. Pouilly-Fumé. Ter plaatse gebot-\nteld. Nerveus, parfum van Sauvignon-\ndruif. Koel serveren bij vis,\ngerookte zalm, schaaldieren.",
    "thumbNail": "https://static.colruytgroup.com/images/200x200/std.lang.all/73/94/asset-3387394.jpg",
    "fullImage": "https://static.colruytgroup.com/images/500x500/std.lang.all/73/94/asset-3387394.jpg",
    "squareImage": "https://static.colruytgroup.com/images/500x500sq/std.lang.all/73/94/asset-3387394.jpg",
    "content": "75cl",
    "walkRouteSequenceNumber": 112,
    "price": {
      "basicPrice": 15.99,
      "recommendedQuantity": "1.0",
      "quantityPrice": 15.35,
      "quantityPriceQuantity": "6.0",
      "measurementUnitPrice": 21.32,
      "measurementUnitQuantityPrice": 20.47,
      "measurementUnit": "L",
      "isRedPrice": false,
      "pricePerUOM": 21.32,
      "activationDate": "09-11-2023",
      "isPromoActive": "N",
      "priceChangeCode": "E",
      "quantityPricePerUOM": 20.47,
      "quantityActivationDate": "09-11-2023",
      "quantityPriceChangeCode": "E"
    },
    "isAvailable": true,
    "isPriceAvailable": true,
    "inPromo": false,
    "gtin": [
      "03289850084850",
      "03289850065026",
      "13289850084857"
    ],
    "topCategoryName": "Wijn",
    "topCategoryId": "421",
    "businessDomain": "RETAIL_BE",
    "IsPrivateLabel": false,
    "IsBiffe": false,
    "WeightconversionFactor": "0",
    "IsWeightArticle": false,
    "IsBio": false,
    "CountryOfOrigin": "FRANKRIJK",
    "IsExclusivelySoldInLuxembourg": false,
    "OrderUnit": "P",
    "ShortName": "POUIL-FUME FRAGMENTS75C",
    "IsNew": false,
    "RecentQuanityOfStockUnits": "6,1,6",
    "LongName": "Pouilly-Fumé Fragments de Loire 75cl",
    "AlcoholVolume": "13.5",
    "FicCode": "E"
  },
  {
    "productId": "225015",
    "technicalArticleNumber": "3558153",
    "commercialArticleNumber": "16380",
    "name": "champ. demi-sec",
    "description": "Dessert Champagne op basis van Pinot\nNoir & Pinot Meunier, met een kleine\ntoets van Chardonnay die voor\nelegantie zorgt. Kan ook bij het\naperitief met ganzenlever of rillettes",
    "brand": "COMTESSE DE GRAMONT",
    "seoBrand": "Comtesse De Gramont",
    "thumbNail": "https://static.colruytgroup.com/images/200x200/std.lang.all/67/17/asset-2976717.jpg",
    "fullImage": "https://static.colruytgroup.com/images/500x500/std.lang.all/67/17/asset-2976717.jpg",
    "squareImage": "https://static.colruytgroup.com/images/500x500sq/std.lang.all/67/17/asset-2976717.jpg",
    "content": "75cl",
    "walkRouteSequenceNumber": 432,
    "price": {
      "basicPrice": 20.99,
      "recommendedQuantity": "1.0",
      "quantityPrice": 15.98,
      "quantityPriceQuantity": "2.0",
      "measurementUnitPrice": 27.99,
      "measurementUnitQuantityPrice": 21.31,
      "measurementUnit": "L",
      "isRedPrice": false,
      "pricePerUOM": 27.99,
      "activationDate": "23-03-2024",
      "recordSource": "Offline",
      "isPromoActive": "N",
      "priceChangeCode": "E",
      "quantityPricePerUOM": 21.31,
      "quantityActivationDate": "23-03-2024",
      "quantityPriceChangeCode": "E"
    },
    "isAvailable": true,
    "isPriceAvailable": true,
    "inPromo": false,
    "gtin": [
      "03287115100215",
      "03287115102165"
    ],
    "topCategoryName": "Wijn",
    "topCategoryId": "421",
    "businessDomain": "RETAIL_BE",
    "IsPrivateLabel": false,
    "IsBiffe": false,
    "WeightconversionFactor": "0",
    "IsWeightArticle": false,
    "IsBio": false,
    "CountryOfOrigin": "FRANKRIJK",
    "IsExclusivelySoldInLuxembourg": false,
    "OrderUnit": "P",
    "ShortName": "COMTESSE G.CHAMP.DS 75C",
    "IsNew": false,
    "RecentQuanityOfStockUnits": "1,6",
    "LongName": "COMTESSE DE GRAMONT champ. demi-sec 75cl",
    "AlcoholVolume": "12",
    "FicCode": "E"
  },
  {
    "productId": "1194",
    "technicalArticleNumber": "17277",
    "commercialArticleNumber": "17277",
    "name": "Saint-Émilion",
    "description": "FRANKRIJK BORDEAUX ST-EMILION ROOD\nSoepel, vol, fijn, fruitig boeket.\nIdeaal bij lam, rund en kaas.\nBewaring: 3 à 5 jaar.\nMILIEUBIJDRAGE: herbruikbare fles.",
    "brand": "LE FORT DU BOIS",
    "seoBrand": "Le Fort Du Bois",
    "thumbNail": "https://static.colruytgroup.com/images/200x200/std.lang.all/97/09/asset-3209709.jpg",
    "fullImage": "https://static.colruytgroup.com/images/500x500/std.lang.all/97/09/asset-3209709.jpg",
    "squareImage": "https://static.colruytgroup.com/images/500x500sq/std.lang.all/97/09/asset-3209709.jpg",
    "content": "75cl",
    "walkRouteSequenceNumber": 135,
    "price": {
      "basicPrice": 9.49,
      "recommendedQuantity": "1.0",
      "measurementUnitPrice": 12.66,
      "measurementUnit": "L",
      "isRedPrice": false,
      "pricePerUOM": 12.66,
      "activationDate": "20-03-2024",
      "recordSource": "Offline",
      "isPromoActive": "N",
      "priceChangeCode": "L"
    },
    "isAvailable": true,
    "isPriceAvailable": true,
    "inPromo": false,
    "gtin": [
      "05400141239843",
      "05400141379433",
      "15400141172772",
      "15400141820956",
      "15400141239840"
    ],
    "topCategoryName": "Wijn",
    "topCategoryId": "421",
    "businessDomain": "RETAIL_BE",
    "IsPrivateLabel": true,
    "IsBiffe": false,
    "WeightconversionFactor": "0",
    "IsWeightArticle": false,
    "IsBio": false,
    "CountryOfOrigin": "FRANKRIJK",
    "IsExclusivelySoldInLuxembourg": false,
    "OrderUnit": "P",
    "ShortName": "FORT DU BOIS ST EMILION",
    "InSeason": true,
    "IsNew": false,
    "EcoscoreLabel": "D",
    "RecentQuanityOfStockUnits": "1,6",
    "LongName": "LE FORT DU BOIS Saint-Émilion 75cl",
    "AlcoholVolume": "12",
    "StartSeasonDate": "28/04/2015",
    "FicCode": "I",
    "DepositValue": [
      0.3
    ],
    "EcoscoreValue": "22"
  },
  {
    "productId": "715010",
    "technicalArticleNumber": "4459809",
    "commercialArticleNumber": "21026",
    "name": "Margaux",
    "description": "Fijne wijn uit Margaux. Afkomstig van\neen klein familiaal domein, vroeger\ntoebehorend aan Mr. Luc Thienpont.",
    "brand": "ÉGLISE SAINT ROMAIN",
    "seoBrand": "Église Saint Romain",
    "thumbNail": "https://static.colruytgroup.com/images/200x200/std.lang.all/56/24/asset-2675624.jpg",
    "fullImage": "https://static.colruytgroup.com/images/500x500/std.lang.all/56/24/asset-2675624.jpg",
    "squareImage": "https://static.colruytgroup.com/images/500x500sq/std.lang.all/56/24/asset-2675624.jpg",
    "content": "75cl",
    "walkRouteSequenceNumber": 37,
    "price": {
      "basicPrice": 16.75,
      "recommendedQuantity": "1.0",
      "quantityPrice": 16.08,
      "quantityPriceQuantity": "6.0",
      "measurementUnitPrice": 22.34,
      "measurementUnitQuantityPrice": 21.44,
      "measurementUnit": "L",
      "isRedPrice": false,
      "pricePerUOM": 22.34,
      "activationDate": "17-02-2024",
      "isPromoActive": "N",
      "priceChangeCode": "E",
      "quantityPricePerUOM": 21.44,
      "quantityActivationDate": "17-02-2024",
      "quantityPriceChangeCode": "E"
    },
    "isAvailable": true,
    "isPriceAvailable": true,
    "inPromo": false,
    "gtin": [
      "03700878701401",
      "03700878701388",
      "03700878701227",
      "03700878701210"
    ],
    "topCategoryName": "Wijn",
    "topCategoryId": "421",
    "businessDomain": "RETAIL_BE",
    "IsPrivateLabel": false,
    "IsBiffe": false,
    "WeightconversionFactor": "0",
    "IsWeightArticle": false,
    "IsBio": false,
    "CountryOfOrigin": "FRANKRIJK",
    "IsExclusivelySoldInLuxembourg": false,
    "OrderUnit": "P",
    "ShortName": "EGLISE ST ROMAIN 75CL",
    "IsNew": false,
    "RecentQuanityOfStockUnits": "1,6,1",
    "LongName": "ÉGLISE SAINT ROMAIN Margaux 75cl",
    "AlcoholVolume": "14",
    "FicCode": "E"
  },
  {
    "productId": "460761",
    "technicalArticleNumber": "3963675",
    "commercialArticleNumber": "2549",
    "name": "brut",
    "description": "Champagne van 3 druivensoorten, maar\nvooral gekenmerkt door de Pinot Noir\n(40%). Vlezige wijn, die tegelijk\nfruitig en elegant is. Ideaal bij\naperitief, blini's met gerookte zalm",
    "brand": "CHAMPAGNE MONTAUDON",
    "seoBrand": "Champagne Montaudon",
    "thumbNail": "https://static.colruytgroup.com/images/200x200/std.lang.all/75/08/asset-3217508.jpg",
    "fullImage": "https://static.colruytgroup.com/images/500x500/std.lang.all/75/08/asset-3217508.jpg",
    "squareImage": "https://static.colruytgroup.com/images/500x500sq/std.lang.all/75/08/asset-3217508.jpg",
    "content": "75cl",
    "walkRouteSequenceNumber": 426,
    "price": {
      "basicPrice": 28.49,
      "recommendedQuantity": "1.0",
      "measurementUnitPrice": 37.99,
      "measurementUnit": "L",
      "isRedPrice": false,
      "pricePerUOM": 37.99,
      "activationDate": "14-03-2024",
      "recordSource": "Offline",
      "isPromoActive": "N",
      "priceChangeCode": "E"
    },
    "isAvailable": true,
    "isPriceAvailable": true,
    "inPromo": false,
    "gtin": [
      "03287210006467",
      "03287210000045"
    ],
    "topCategoryName": "Wijn",
    "topCategoryId": "421",
    "businessDomain": "RETAIL_BE",
    "IsPrivateLabel": false,
    "IsBiffe": false,
    "WeightconversionFactor": "0",
    "IsWeightArticle": false,
    "IsBio": false,
    "CountryOfOrigin": "FRANKRIJK",
    "IsExclusivelySoldInLuxembourg": false,
    "OrderUnit": "P",
    "ShortName": "MONT CHAMPAGNE BRUT75CL",
    "IsNew": false,
    "RecentQuanityOfStockUnits": "1,3",
    "LongName": "CHAMPAGNE MONTAUDON brut 75cl",
    "AlcoholVolume": "12",
    "FicCode": "E"
  },
  {
    "productId": "11196",
    "technicalArticleNumber": "1372253",
    "commercialArticleNumber": "17689",
    "name": "Ch St Corbian St Estèphe",
    "description": "FRANKRIJK ROOD BORDEAUX St-Estèphe\nGecorseerde en vlezige wijn met frui-\ntig boeket en veel smaak. Aanbevolen\nbij rood vlees, wild, kaasschotels.\nKan 5 tot 7 jaar bewaard worden. QFA",
    "thumbNail": "https://static.colruytgroup.com/images/200x200/std.lang.all/50/82/asset-2685082.jpg",
    "fullImage": "https://static.colruytgroup.com/images/500x500/std.lang.all/50/82/asset-2685082.jpg",
    "squareImage": "https://static.colruytgroup.com/images/500x500sq/std.lang.all/50/82/asset-2685082.jpg",
    "content": "75cl",
    "walkRouteSequenceNumber": 33,
    "price": {
      "basicPrice": 14.75,
      "recommendedQuantity": "1.0",
      "quantityPrice": 14.16,
      "quantityPriceQuantity": "6.0",
      "measurementUnitPrice": 19.67,
      "measurementUnitQuantityPrice": 18.88,
      "measurementUnit": "L",
      "isRedPrice": false,
      "pricePerUOM": 19.67,
      "activationDate": "15-11-2023",
      "isPromoActive": "N",
      "priceChangeCode": "E",
      "quantityPricePerUOM": 18.88,
      "quantityActivationDate": "15-11-2023",
      "quantityPriceChangeCode": "E"
    },
    "isAvailable": true,
    "isPriceAvailable": true,
    "inPromo": false,
    "gtin": [
      "03433330056909",
      "03433330076846",
      "03433330076839",
      "03433330017283",
      "03433330081918",
      "03433330078543",
      "03433330078550",
      "03433330081925"
    ],
    "topCategoryName": "Wijn",
    "topCategoryId": "421",
    "businessDomain": "RETAIL_BE",
    "IsPrivateLabel": false,
    "IsBiffe": false,
    "WeightconversionFactor": "0",
    "IsWeightArticle": false,
    "IsBio": false,
    "CountryOfOrigin": "FRANKRIJK",
    "IsExclusivelySoldInLuxembourg": false,
    "OrderUnit": "P",
    "ShortName": "CH ST CORBIAN ST ESTEPH",
    "InSeason": true,
    "IsNew": false,
    "RecentQuanityOfStockUnits": "1,6,1,6,1,6",
    "LongName": "Ch St Corbian St Estèphe 75cl",
    "AlcoholVolume": "12.5",
    "StartSeasonDate": "17/03/2021",
    "FicCode": "E"
  },
  {
    "productId": "708755",
    "technicalArticleNumber": "4448514",
    "commercialArticleNumber": "26340",
    "name": "Château Guitignan Moulis",
    "description": "Vaste waarde in ons assortiment\nkasteelwijnen. Fijn en krachtig\nmet goed bewaarpotentieel.",
    "thumbNail": "https://static.colruytgroup.com/images/200x200/std.lang.all/59/39/asset-2665939.jpg",
    "fullImage": "https://static.colruytgroup.com/images/500x500/std.lang.all/59/39/asset-2665939.jpg",
    "squareImage": "https://static.colruytgroup.com/images/500x500sq/std.lang.all/59/39/asset-2665939.jpg",
    "content": "75cl",
    "walkRouteSequenceNumber": 59,
    "price": {
      "basicPrice": 13.5,
      "recommendedQuantity": "1.0",
      "measurementUnitPrice": 18,
      "measurementUnit": "L",
      "isRedPrice": false,
      "pricePerUOM": 18,
      "activationDate": "13-03-2024",
      "recordSource": "Offline",
      "isPromoActive": "N",
      "priceChangeCode": "H"
    },
    "isAvailable": true,
    "isPriceAvailable": true,
    "inPromo": false,
    "gtin": [
      "03520727518604",
      "03520727519601",
      "03520727519663",
      "03520727518666"
    ],
    "topCategoryName": "Wijn",
    "topCategoryId": "421",
    "businessDomain": "RETAIL_BE",
    "IsPrivateLabel": false,
    "IsBiffe": false,
    "WeightconversionFactor": "0",
    "IsWeightArticle": false,
    "IsBio": false,
    "CountryOfOrigin": "FRANKRIJK",
    "IsExclusivelySoldInLuxembourg": false,
    "OrderUnit": "P",
    "ShortName": "CH GUITIGNAN MOULIS",
    "IsNew": false,
    "RecentQuanityOfStockUnits": "1,1,6,6,1",
    "LongName": "Château Guitignan Moulis 75cl",
    "AlcoholVolume": "14.5",
    "FicCode": "E"
  },
  {
    "productId": "227410",
    "technicalArticleNumber": "3554344",
    "commercialArticleNumber": "15192",
    "name": "brut Reserva",
    "description": "SPANJE SCHUIMWIJN DROOG - D.O. CAVA\nSpaanse schuimwijn die gemaakt is\nvolgens de 'méthode traditionelle'.\nReserva = min. rijping van 15 maanden\nIntens en elegant. Aperitief of vis",
    "brand": "RECODA",
    "seoBrand": "Recoda",
    "thumbNail": "https://static.colruytgroup.com/images/200x200/std.lang.all/20/68/asset-982068.jpg",
    "fullImage": "https://static.colruytgroup.com/images/500x500/std.lang.all/20/68/asset-982068.jpg",
    "squareImage": "https://static.colruytgroup.com/images/500x500sq/std.lang.all/20/68/asset-982068.jpg",
    "content": "75cl",
    "walkRouteSequenceNumber": 582,
    "price": {
      "basicPrice": 8.69,
      "recommendedQuantity": "1.0",
      "measurementUnitPrice": 11.59,
      "measurementUnit": "L",
      "isRedPrice": false,
      "pricePerUOM": 11.59,
      "activationDate": "13-03-2024",
      "recordSource": "Offline",
      "isPromoActive": "N",
      "priceChangeCode": "E"
    },
    "isAvailable": true,
    "isPriceAvailable": true,
    "inPromo": false,
    "gtin": [
      "08413216201628",
      "08413216101621"
    ],
    "topCategoryName": "Wijn",
    "topCategoryId": "421",
    "businessDomain": "RETAIL_BE",
    "IsPrivateLabel": false,
    "IsBiffe": false,
    "WeightconversionFactor": "0",
    "IsWeightArticle": false,
    "IsBio": false,
    "CountryOfOrigin": "SPANJE",
    "IsExclusivelySoldInLuxembourg": false,
    "OrderUnit": "P",
    "ShortName": "RECODA CAVA RESERVA 75C",
    "IsNew": false,
    "EcoscoreLabel": "C",
    "RecentQuanityOfStockUnits": "1,6",
    "LongName": "RECODA brut Reserva 75cl",
    "AlcoholVolume": "11.5",
    "FicCode": "E",
    "EcoscoreValue": "46"
  },
  {
    "productId": "545281",
    "technicalArticleNumber": "4171992",
    "commercialArticleNumber": "9927",
    "name": "Terra Australis 0,0%",
    "brand": "VINTENSE",
    "seoBrand": "Vintense",
    "thumbNail": "https://static.colruytgroup.com/images/200x200/std.lang.all/23/10/asset-1862310.jpg",
    "fullImage": "https://static.colruytgroup.com/images/500x500/std.lang.all/23/10/asset-1862310.jpg",
    "squareImage": "https://static.colruytgroup.com/images/500x500sq/std.lang.all/23/10/asset-1862310.jpg",
    "content": "75cl",
    "walkRouteSequenceNumber": 533,
    "price": {
      "basicPrice": 7.49,
      "recommendedQuantity": "1.0",
      "quantityPrice": 7.19,
      "quantityPriceQuantity": "6.0",
      "measurementUnitPrice": 9.99,
      "measurementUnitQuantityPrice": 9.59,
      "measurementUnit": "L",
      "isRedPrice": false,
      "pricePerUOM": 9.99,
      "activationDate": "21-02-2024",
      "recordSource": "Offline",
      "isPromoActive": "N",
      "priceChangeCode": "E",
      "quantityPricePerUOM": 9.59,
      "quantityActivationDate": "21-02-2024",
      "quantityPriceChangeCode": "E"
    },
    "isAvailable": true,
    "isPriceAvailable": true,
    "inPromo": false,
    "gtin": [
      "05415270201852",
      "05415270100957"
    ],
    "topCategoryName": "Wijn",
    "topCategoryId": "421",
    "businessDomain": "RETAIL_BE",
    "IsPrivateLabel": false,
    "IsBiffe": false,
    "WeightconversionFactor": "0",
    "IsWeightArticle": false,
    "nutriscoreLabel": "C",
    "IsBio": false,
    "CountryOfOrigin": "BELGIË",
    "IsExclusivelySoldInLuxembourg": false,
    "OrderUnit": "P",
    "ShortName": "VINT TERR.AUSTRAL0%75CL",
    "IsNew": false,
    "EcoscoreLabel": "D",
    "RecentQuanityOfStockUnits": "1,6",
    "LongName": "VINTENSE Terra Australis 0,0% 75cl",
    "AlcoholVolume": "0",
    "FicCode": "E",
    "EcoscoreValue": "23"
  },
  {
    "productId": "1197",
    "technicalArticleNumber": "17292",
    "commercialArticleNumber": "17292",
    "name": "La Croix de Paty Côtes de Bourg",
    "description": "FRANKRIJK BORDEAUX ROOD COT BOURG\nJong, fruitig en karaktervol.\nKan nog jaren bewaard worden.\nBegeleider van rood vlees en kaas.\nMILIEUBIJDRAGE: herbruikbare fles.",
    "thumbNail": "https://static.colruytgroup.com/images/200x200/std.lang.all/33/01/asset-1563301.jpg",
    "fullImage": "https://static.colruytgroup.com/images/500x500/std.lang.all/33/01/asset-1563301.jpg",
    "squareImage": "https://static.colruytgroup.com/images/500x500sq/std.lang.all/33/01/asset-1563301.jpg",
    "content": "75cl",
    "walkRouteSequenceNumber": 154,
    "price": {
      "basicPrice": 5.59,
      "recommendedQuantity": "1.0",
      "measurementUnitPrice": 7.46,
      "measurementUnit": "L",
      "isRedPrice": false,
      "pricePerUOM": 7.46,
      "activationDate": "27-12-2023",
      "recordSource": "Offline",
      "isPromoActive": "N",
      "priceChangeCode": "H"
    },
    "isAvailable": true,
    "isPriceAvailable": true,
    "inPromo": false,
    "gtin": [
      "05400141392876",
      "15400141820437"
    ],
    "topCategoryName": "Wijn",
    "topCategoryId": "421",
    "businessDomain": "RETAIL_BE",
    "IsPrivateLabel": false,
    "IsBiffe": false,
    "WeightconversionFactor": "0",
    "IsWeightArticle": false,
    "IsBio": false,
    "CountryOfOrigin": "FRANKRIJK",
    "IsExclusivelySoldInLuxembourg": false,
    "OrderUnit": "P",
    "ShortName": "LA CROIX DE PATY",
    "IsNew": false,
    "EcoscoreLabel": "C",
    "RecentQuanityOfStockUnits": "1,6",
    "LongName": "La Croix de Paty Côtes de Bourg 75cl",
    "AlcoholVolume": "12.5",
    "FicCode": "I",
    "DepositValue": [
      0.3
    ],
    "EcoscoreValue": "57"
  },
  {
    "productId": "1239",
    "technicalArticleNumber": "17527",
    "commercialArticleNumber": "17527",
    "name": "Château Bellevue Bordeaux",
    "description": "FRANKRIJK BORDEAUX ROOD\nLekkere, soepele en licht gecor-\nseerde wijn met boeket. Aanbevolen\nbij vleesgerechten en lichte kazen.\nBewaring: 5 à 8 jaar. QFE",
    "thumbNail": "https://static.colruytgroup.com/images/200x200/std.lang.all/23/04/asset-2852304.jpg",
    "fullImage": "https://static.colruytgroup.com/images/500x500/std.lang.all/23/04/asset-2852304.jpg",
    "squareImage": "https://static.colruytgroup.com/images/500x500sq/std.lang.all/23/04/asset-2852304.jpg",
    "content": "75cl",
    "walkRouteSequenceNumber": 105,
    "price": {
      "basicPrice": 7.25,
      "recommendedQuantity": "1.0",
      "quantityPrice": 6.96,
      "quantityPriceQuantity": "3.0",
      "measurementUnitPrice": 9.67,
      "measurementUnitQuantityPrice": 9.28,
      "measurementUnit": "L",
      "isRedPrice": false,
      "pricePerUOM": 9.67,
      "activationDate": "17-01-2024",
      "isPromoActive": "N",
      "priceChangeCode": "E",
      "quantityPricePerUOM": 9.28,
      "quantityActivationDate": "17-01-2024",
      "quantityPriceChangeCode": "E"
    },
    "isAvailable": true,
    "isPriceAvailable": true,
    "inPromo": false,
    "gtin": [
      "03191741501004",
      "03191741510334",
      "03191741601261",
      "03191741612632",
      "03191741000385",
      "03191741801241",
      "03191741812438",
      "03191742064034",
      "03191742000643",
      "03191741999030",
      "03191741900999"
    ],
    "topCategoryName": "Wijn",
    "topCategoryId": "421",
    "businessDomain": "RETAIL_BE",
    "IsPrivateLabel": false,
    "IsBiffe": false,
    "WeightconversionFactor": "0",
    "IsWeightArticle": false,
    "IsBio": false,
    "CountryOfOrigin": "FRANKRIJK",
    "IsExclusivelySoldInLuxembourg": false,
    "OrderUnit": "P",
    "ShortName": "CH BELLEVUE BORDEAUX",
    "IsNew": false,
    "RecentQuanityOfStockUnits": "1,3,1,3,3",
    "LongName": "Château Bellevue Bordeaux 75cl",
    "AlcoholVolume": "12.5",
    "FicCode": "E"
  },
  {
    "productId": "582684",
    "technicalArticleNumber": "4236198",
    "commercialArticleNumber": "18621",
    "name": "Régnié Les sablons Rouges",
    "description": "FRANKRIJK BEAUJOLAIS ROOD\nFruitige en soepele wijn met pit.\nSchenken op 12 à 14°C bij wit vlees,\npasta, slaatjes, charcuterie. Op\ndronk maar kan 2 jaar bewaren.",
    "thumbNail": "https://static.colruytgroup.com/images/200x200/std.lang.all/83/98/asset-2008398.jpg",
    "fullImage": "https://static.colruytgroup.com/images/500x500/std.lang.all/83/98/asset-2008398.jpg",
    "squareImage": "https://static.colruytgroup.com/images/500x500sq/std.lang.all/83/98/asset-2008398.jpg",
    "content": "75cl",
    "walkRouteSequenceNumber": 183,
    "price": {
      "basicPrice": 4.99,
      "recommendedQuantity": "1.0",
      "measurementUnitPrice": 6.66,
      "measurementUnit": "L",
      "isRedPrice": false,
      "pricePerUOM": 6.66,
      "activationDate": "28-02-2024",
      "isPromoActive": "N",
      "priceChangeCode": "E"
    },
    "isAvailable": true,
    "isPriceAvailable": true,
    "inPromo": false,
    "gtin": [
      "23298664487836",
      "03298663557833"
    ],
    "topCategoryName": "Wijn",
    "topCategoryId": "421",
    "businessDomain": "RETAIL_BE",
    "IsPrivateLabel": false,
    "IsBiffe": false,
    "WeightconversionFactor": "0",
    "IsWeightArticle": false,
    "IsBio": false,
    "CountryOfOrigin": "FRANKRIJK",
    "IsExclusivelySoldInLuxembourg": false,
    "OrderUnit": "P",
    "ShortName": "REGNIE SABLONS ROUGE",
    "IsNew": false,
    "RecentQuanityOfStockUnits": "6,1",
    "LongName": "Régnié Les sablons Rouges 75cl",
    "AlcoholVolume": "13.5",
    "FicCode": "E"
  },
  {
    "productId": "33571",
    "technicalArticleNumber": "1778644",
    "commercialArticleNumber": "17229",
    "name": "Montagny Premier Cru",
    "description": "FRANKRIJK BOURGOGNE DROOG WIT\nWitte Bourgogne uit de Côt.Chalonaise\nExotische aroma's met boterige en mine\nrale toets. Elegant en fijne afdronk.\nBij vis en voorgerechten. QAA",
    "thumbNail": "https://static.colruytgroup.com/images/200x200/std.lang.all/84/13/asset-978413.jpg",
    "fullImage": "https://static.colruytgroup.com/images/500x500/std.lang.all/84/13/asset-978413.jpg",
    "squareImage": "https://static.colruytgroup.com/images/500x500sq/std.lang.all/84/13/asset-978413.jpg",
    "content": "75cl",
    "walkRouteSequenceNumber": 123,
    "price": {
      "basicPrice": 16.99,
      "recommendedQuantity": "1.0",
      "quantityPrice": 15.63,
      "quantityPriceQuantity": "6.0",
      "measurementUnitPrice": 22.66,
      "measurementUnitQuantityPrice": 20.84,
      "measurementUnit": "L",
      "isRedPrice": false,
      "pricePerUOM": 22.66,
      "activationDate": "31-01-2024",
      "isPromoActive": "N",
      "priceChangeCode": "H",
      "quantityPricePerUOM": 20.84,
      "quantityActivationDate": "31-01-2024",
      "quantityPriceChangeCode": "H"
    },
    "isAvailable": true,
    "isPriceAvailable": true,
    "inPromo": false,
    "gtin": [
      "03330548001670",
      "03330540502045",
      "03330541401132"
    ],
    "topCategoryName": "Wijn",
    "topCategoryId": "421",
    "businessDomain": "RETAIL_BE",
    "IsPrivateLabel": false,
    "IsBiffe": false,
    "WeightconversionFactor": "0",
    "IsWeightArticle": false,
    "IsBio": false,
    "CountryOfOrigin": "FRANKRIJK",
    "IsExclusivelySoldInLuxembourg": false,
    "OrderUnit": "P",
    "ShortName": "MONTAGNY 1ER CRU",
    "InSeason": true,
    "IsNew": false,
    "RecentQuanityOfStockUnits": "6,1",
    "LongName": "Montagny Premier Cru 75cl",
    "AlcoholVolume": "13",
    "StartSeasonDate": "26/07/2023",
    "FicCode": "E"
  },
  {
    "productId": "1168",
    "technicalArticleNumber": "17810",
    "commercialArticleNumber": "17810",
    "name": "champagne brut",
    "description": "FRANKRIJK CHAMPAGNE DROOG\nElegante en evenwichtige champagne.\nVan Chardonnay en Pinot Noir-\ndruiven. Als aperitief en voor\nrecepties.",
    "brand": "MARQUIS DE VILLON",
    "seoBrand": "Marquis de Villon",
    "thumbNail": "https://static.colruytgroup.com/images/200x200/std.lang.all/39/95/asset-713995.jpg",
    "fullImage": "https://static.colruytgroup.com/images/500x500/std.lang.all/39/95/asset-713995.jpg",
    "squareImage": "https://static.colruytgroup.com/images/500x500sq/std.lang.all/39/95/asset-713995.jpg",
    "content": "75cl",
    "walkRouteSequenceNumber": 431,
    "price": {
      "basicPrice": 27.99,
      "recommendedQuantity": "1.0",
      "measurementUnitPrice": 37.32,
      "measurementUnit": "L",
      "isRedPrice": false,
      "pricePerUOM": 37.32,
      "activationDate": "15-02-2024",
      "recordSource": "Offline",
      "isPromoActive": "N",
      "priceChangeCode": "H"
    },
    "isAvailable": true,
    "isPriceAvailable": true,
    "inPromo": false,
    "gtin": [
      "05400141104271",
      "05400141178104",
      "15400141907282"
    ],
    "topCategoryName": "Wijn",
    "topCategoryId": "421",
    "businessDomain": "RETAIL_BE",
    "IsPrivateLabel": true,
    "IsBiffe": false,
    "WeightconversionFactor": "0",
    "IsWeightArticle": false,
    "IsBio": false,
    "CountryOfOrigin": "FRANKRIJK",
    "IsExclusivelySoldInLuxembourg": false,
    "OrderUnit": "P",
    "ShortName": "CHAMP VILLON BRUT 75CL",
    "IsNew": false,
    "EcoscoreLabel": "D",
    "RecentQuanityOfStockUnits": "1,6",
    "LongName": "MARQUIS DE VILLON champagne brut 75cl",
    "AlcoholVolume": "12",
    "FicCode": "I",
    "EcoscoreValue": "36"
  },
  {
    "productId": "103720",
    "technicalArticleNumber": "3104958",
    "commercialArticleNumber": "4938",
    "name": "Ch Eyquem ht Graves Margaux",
    "description": "FRANKRIJK BORDEAUX ROOD (Margaux)\nMooie wijn met finesse. charmerende,\nfruitige en licht houtige neus en veel\ncharme in smaak. Fijn en aangenaam.\nBewaring: tot 2015 - 2018. QFA",
    "thumbNail": "https://static.colruytgroup.com/images/200x200/std.lang.all/28/24/asset-372824.jpg",
    "fullImage": "https://static.colruytgroup.com/images/500x500/std.lang.all/28/24/asset-372824.jpg",
    "squareImage": "https://static.colruytgroup.com/images/500x500sq/std.lang.all/28/24/asset-372824.jpg",
    "content": "75cl",
    "walkRouteSequenceNumber": 40,
    "price": {
      "basicPrice": 17.95,
      "recommendedQuantity": "1.0",
      "quantityPrice": 17.27,
      "quantityPriceQuantity": "6.0",
      "measurementUnitPrice": 23.94,
      "measurementUnitQuantityPrice": 23.03,
      "measurementUnit": "L",
      "isRedPrice": false,
      "pricePerUOM": 23.94,
      "activationDate": "19-03-2024",
      "recordSource": "Offline",
      "isPromoActive": "N",
      "priceChangeCode": "H",
      "quantityPricePerUOM": 23.03,
      "quantityActivationDate": "19-03-2024",
      "quantityPriceChangeCode": "E"
    },
    "isAvailable": true,
    "isPriceAvailable": true,
    "inPromo": false,
    "gtin": [
      "03438915069855",
      "03438910862796"
    ],
    "topCategoryName": "Wijn",
    "topCategoryId": "421",
    "businessDomain": "RETAIL_BE",
    "IsPrivateLabel": false,
    "IsBiffe": false,
    "WeightconversionFactor": "0",
    "IsWeightArticle": false,
    "IsBio": false,
    "CountryOfOrigin": "FRANKRIJK",
    "IsExclusivelySoldInLuxembourg": false,
    "OrderUnit": "P",
    "ShortName": "CH EYQUEM HT GR MARGAUX",
    "IsNew": false,
    "EcoscoreLabel": "C",
    "RecentQuanityOfStockUnits": "1,6",
    "LongName": "Ch Eyquem ht Graves Margaux 75cl",
    "AlcoholVolume": "12.5",
    "FicCode": "E",
    "EcoscoreValue": "57"
  },
  {
    "productId": "723002",
    "technicalArticleNumber": "4474720",
    "commercialArticleNumber": "1201",
    "description": "Cru bourgeois superieur",
    "brand": "CH.LAROSE TRINTAUDON",
    "seoBrand": "Château Larose Trintaudon",
    "thumbNail": "https://static.colruytgroup.com/images/200x200/std.lang.all/44/95/asset-2524495.jpg",
    "fullImage": "https://static.colruytgroup.com/images/500x500/std.lang.all/44/95/asset-2524495.jpg",
    "squareImage": "https://static.colruytgroup.com/images/500x500sq/std.lang.all/44/95/asset-2524495.jpg",
    "content": "75cl",
    "walkRouteSequenceNumber": 61,
    "price": {
      "basicPrice": 14.99,
      "recommendedQuantity": "1.0",
      "measurementUnitPrice": 19.99,
      "measurementUnit": "L",
      "isRedPrice": false,
      "pricePerUOM": 19.99,
      "activationDate": "17-02-2024",
      "recordSource": "Offline",
      "isPromoActive": "N",
      "priceChangeCode": "E"
    },
    "isAvailable": true,
    "isPriceAvailable": true,
    "inPromo": false,
    "gtin": [
      "03286171803122",
      "03286171832047",
      "03286171913135",
      "03286171913005",
      "03286172013131",
      "03286172013001"
    ],
    "topCategoryName": "Wijn",
    "topCategoryId": "421",
    "businessDomain": "RETAIL_BE",
    "IsPrivateLabel": false,
    "IsBiffe": false,
    "WeightconversionFactor": "0",
    "IsWeightArticle": false,
    "IsBio": false,
    "CountryOfOrigin": "FRANKRIJK",
    "IsExclusivelySoldInLuxembourg": false,
    "OrderUnit": "P",
    "ShortName": "CH LAROSE TRINTAUDON",
    "IsNew": false,
    "RecentQuanityOfStockUnits": "1,1,6,6",
    "LongName": "CH.LAROSE TRINTAUDON 75cl",
    "AlcoholVolume": "14",
    "FicCode": "E"
  },
  {
    "productId": "510976",
    "technicalArticleNumber": "4080786",
    "commercialArticleNumber": "1962",
    "name": "Bourg. Chard. Ch. de Talancé Bichot",
    "description": "Chardonnay du Château de Talancé\ndans le Sud de la Bourgogne, sur un\nterroir argilo-calcaire. élégant,\nsavoureux, délicatement boisé.\navec poissons fins, scampis, fromages",
    "thumbNail": "https://static.colruytgroup.com/images/200x200/std.lang.all/51/08/asset-1745108.jpg",
    "fullImage": "https://static.colruytgroup.com/images/500x500/std.lang.all/51/08/asset-1745108.jpg",
    "squareImage": "https://static.colruytgroup.com/images/500x500sq/std.lang.all/51/08/asset-1745108.jpg",
    "content": "75cl",
    "walkRouteSequenceNumber": 108,
    "price": {
      "basicPrice": 12.85,
      "recommendedQuantity": "1.0",
      "quantityPrice": 12.34,
      "quantityPriceQuantity": "6.0",
      "measurementUnitPrice": 17.14,
      "measurementUnitQuantityPrice": 16.46,
      "measurementUnit": "L",
      "isRedPrice": false,
      "pricePerUOM": 17.14,
      "activationDate": "10-11-2023",
      "isPromoActive": "N",
      "priceChangeCode": "E",
      "quantityPricePerUOM": 16.46,
      "quantityActivationDate": "10-11-2023",
      "quantityPriceChangeCode": "H"
    },
    "isAvailable": true,
    "isPriceAvailable": true,
    "inPromo": false,
    "gtin": [
      "03296311613160",
      "03296311613061",
      "03296311113967",
      "03296311113165",
      "03296311613269",
      "03296311113264",
      "03296311613863",
      "03296311613962",
      "03296311113066",
      "03296311113868"
    ],
    "topCategoryName": "Wijn",
    "topCategoryId": "421",
    "businessDomain": "RETAIL_BE",
    "IsPrivateLabel": false,
    "IsBiffe": false,
    "WeightconversionFactor": "0",
    "IsWeightArticle": false,
    "IsBio": false,
    "CountryOfOrigin": "FRANKRIJK",
    "IsExclusivelySoldInLuxembourg": false,
    "OrderUnit": "P",
    "ShortName": "BOURGOGNE CH TALANCE",
    "IsNew": false,
    "RecentQuanityOfStockUnits": "1,6,1,1,6,6",
    "LongName": "Bourg. Chard. Ch. de Talancé Bichot 75cl",
    "AlcoholVolume": "12.5",
    "FicCode": "E"
  },
  {
    "productId": "687267",
    "technicalArticleNumber": "4411564",
    "commercialArticleNumber": "25537",
    "name": "Château Branda",
    "description": "Puisseguin st Emilion, vaste waarde in\nde appellatie en in ons assortiment!\nVoortreffelijke kwaliteit, grote wijn!",
    "thumbNail": "https://static.colruytgroup.com/images/200x200/std.lang.all/30/89/asset-2503089.jpg",
    "fullImage": "https://static.colruytgroup.com/images/500x500/std.lang.all/30/89/asset-2503089.jpg",
    "squareImage": "https://static.colruytgroup.com/images/500x500sq/std.lang.all/30/89/asset-2503089.jpg",
    "content": "75cl",
    "walkRouteSequenceNumber": 95,
    "price": {
      "basicPrice": 14.95,
      "recommendedQuantity": "1.0",
      "quantityPrice": 14.35,
      "quantityPriceQuantity": "6.0",
      "measurementUnitPrice": 19.94,
      "measurementUnitQuantityPrice": 19.14,
      "measurementUnit": "L",
      "isRedPrice": false,
      "pricePerUOM": 19.94,
      "activationDate": "08-03-2023",
      "isPromoActive": "N",
      "priceChangeCode": "E",
      "quantityPricePerUOM": 19.14,
      "quantityActivationDate": "08-03-2023",
      "quantityPriceChangeCode": "E"
    },
    "isAvailable": true,
    "isPriceAvailable": true,
    "inPromo": false,
    "gtin": [
      "03397859655305",
      "03397859655299",
      "03397859656708",
      "03397859656692",
      "03397859656142",
      "03397859656135"
    ],
    "topCategoryName": "Wijn",
    "topCategoryId": "421",
    "businessDomain": "RETAIL_BE",
    "IsPrivateLabel": false,
    "IsBiffe": false,
    "WeightconversionFactor": "0",
    "IsWeightArticle": false,
    "IsBio": false,
    "CountryOfOrigin": "FRANKRIJK",
    "IsExclusivelySoldInLuxembourg": false,
    "OrderUnit": "P",
    "ShortName": "CH BRANDA",
    "IsNew": false,
    "RecentQuanityOfStockUnits": "1,6,1",
    "LongName": "Château Branda 75cl",
    "AlcoholVolume": "13.5",
    "FicCode": "E"
  },
  {
    "productId": "1221",
    "technicalArticleNumber": "17399",
    "commercialArticleNumber": "17399",
    "name": "Sauternes Pavois d'or",
    "description": "FRANKRIJK BORDEAUX LIQUOREUX WIT\nGouden kleur, onvergelijkbaar aroma\nen overvloedige smaak. Zoete wijn die\neen aantal jaren kan bewaren. Perfect\nbij desserten en ganzenlever.",
    "thumbNail": "https://static.colruytgroup.com/images/200x200/std.lang.all/15/78/asset-371578.jpg",
    "fullImage": "https://static.colruytgroup.com/images/500x500/std.lang.all/15/78/asset-371578.jpg",
    "squareImage": "https://static.colruytgroup.com/images/500x500sq/std.lang.all/15/78/asset-371578.jpg",
    "content": "50cl",
    "walkRouteSequenceNumber": 110,
    "price": {
      "basicPrice": 9.32,
      "recommendedQuantity": "1.0",
      "measurementUnitPrice": 18.64,
      "measurementUnit": "L",
      "isRedPrice": false,
      "pricePerUOM": 18.64,
      "activationDate": "13-02-2024",
      "recordSource": "Offline",
      "isPromoActive": "N",
      "priceChangeCode": "L"
    },
    "isAvailable": true,
    "isPriceAvailable": true,
    "inPromo": false,
    "gtin": [
      "03251091004126",
      "03251091004133"
    ],
    "topCategoryName": "Wijn",
    "topCategoryId": "421",
    "businessDomain": "RETAIL_BE",
    "IsPrivateLabel": false,
    "IsBiffe": false,
    "WeightconversionFactor": "0",
    "IsWeightArticle": false,
    "IsBio": false,
    "CountryOfOrigin": "FRANKRIJK",
    "IsExclusivelySoldInLuxembourg": false,
    "OrderUnit": "P",
    "ShortName": "SAUTERNES FLES 50 CL",
    "IsNew": false,
    "RecentQuanityOfStockUnits": "1",
    "LongName": "Sauternes Pavois d'or 50cl",
    "AlcoholVolume": "13.5",
    "FicCode": "E"
  },
  {
    "productId": "1265",
    "technicalArticleNumber": "17114",
    "commercialArticleNumber": "17114",
    "name": "Chablis de la Jouchère",
    "description": "FRANKRIJK BOURGOGNE DROOG WIT\nA.C. Chablis. Gebotteld op domein La\nJouchère. Droog, fijn, gecorseerd en\nnerveus. Fris opdienen bij vis en\nschaaldieren. QAA",
    "thumbNail": "https://static.colruytgroup.com/images/200x200/std.lang.all/20/97/asset-982097.jpg",
    "fullImage": "https://static.colruytgroup.com/images/500x500/std.lang.all/20/97/asset-982097.jpg",
    "squareImage": "https://static.colruytgroup.com/images/500x500sq/std.lang.all/20/97/asset-982097.jpg",
    "content": "75cl",
    "walkRouteSequenceNumber": 119,
    "price": {
      "basicPrice": 17.59,
      "recommendedQuantity": "1.0",
      "quantityPrice": 16.89,
      "quantityPriceQuantity": "6.0",
      "measurementUnitPrice": 23.46,
      "measurementUnitQuantityPrice": 22.52,
      "measurementUnit": "L",
      "isRedPrice": false,
      "pricePerUOM": 23.46,
      "activationDate": "14-11-2023",
      "isPromoActive": "N",
      "priceChangeCode": "E",
      "quantityPricePerUOM": 22.52,
      "quantityActivationDate": "14-11-2023",
      "quantityPriceChangeCode": "E"
    },
    "isAvailable": true,
    "isPriceAvailable": true,
    "inPromo": false,
    "gtin": [
      "03292060062525",
      "03292060103730",
      "03292060110653",
      "03292060110660",
      "03292060114200",
      "03292060139586",
      "03292060114217",
      "03292060119212",
      "03292060119229",
      "03292060139579",
      "03292060127248",
      "03292060127255",
      "03292060022536"
    ],
    "topCategoryName": "Wijn",
    "topCategoryId": "421",
    "businessDomain": "RETAIL_BE",
    "IsPrivateLabel": false,
    "IsBiffe": false,
    "WeightconversionFactor": "0",
    "IsWeightArticle": false,
    "IsBio": false,
    "CountryOfOrigin": "FRANKRIJK",
    "IsExclusivelySoldInLuxembourg": false,
    "OrderUnit": "P",
    "ShortName": "CHABLIS JOUCHERE 75CL",
    "IsNew": false,
    "RecentQuanityOfStockUnits": "6,1,1",
    "LongName": "Chablis de la Jouchère 75cl",
    "AlcoholVolume": "12.5",
    "FicCode": "E"
  },
  {
    "productId": "346452",
    "technicalArticleNumber": "3819748",
    "commercialArticleNumber": "40374",
    "name": "Tavel Les Galets",
    "description": "FRANKRIJK RHONE rose\nFruitig, geparfumeerd, droog en\nkrachtig.\nKoel drinken, vb. bij koude schotels\nof gevogelte.",
    "thumbNail": "https://static.colruytgroup.com/images/200x200/std.lang.all/42/47/asset-1424247.jpg",
    "fullImage": "https://static.colruytgroup.com/images/500x500/std.lang.all/42/47/asset-1424247.jpg",
    "squareImage": "https://static.colruytgroup.com/images/500x500sq/std.lang.all/42/47/asset-1424247.jpg",
    "content": "75cl",
    "walkRouteSequenceNumber": 490,
    "price": {
      "basicPrice": 8.99,
      "recommendedQuantity": "1.0",
      "quantityPrice": 8.63,
      "quantityPriceQuantity": "6.0",
      "measurementUnitPrice": 11.99,
      "measurementUnitQuantityPrice": 11.51,
      "measurementUnit": "L",
      "isRedPrice": false,
      "pricePerUOM": 11.99,
      "activationDate": "13-03-2024",
      "isPromoActive": "N",
      "priceChangeCode": "E",
      "quantityPricePerUOM": 11.51,
      "quantityActivationDate": "13-03-2024",
      "quantityPriceChangeCode": "E"
    },
    "isAvailable": true,
    "isPriceAvailable": true,
    "inPromo": false,
    "gtin": [
      "03508921422118",
      "03508921122117",
      "03508921117113",
      "03508921118110",
      "03508921121110",
      "03508921421111",
      "03508921120113",
      "03508921420114"
    ],
    "topCategoryName": "Wijn",
    "topCategoryId": "421",
    "businessDomain": "RETAIL_BE",
    "IsPrivateLabel": false,
    "IsBiffe": false,
    "WeightconversionFactor": "0",
    "IsWeightArticle": false,
    "IsBio": false,
    "CountryOfOrigin": "FRANKRIJK",
    "IsExclusivelySoldInLuxembourg": false,
    "OrderUnit": "P",
    "ShortName": "TAVEL LES GALETS",
    "InSeason": true,
    "IsNew": false,
    "RecentQuanityOfStockUnits": "6,1,1,1",
    "LongName": "Tavel Les Galets 75cl",
    "AlcoholVolume": "14",
    "StartSeasonDate": "04/01/2024",
    "FicCode": "E"
  },
  {
    "productId": "100018",
    "technicalArticleNumber": "2846989",
    "commercialArticleNumber": "512707",
    "name": "Cocktailmaatje 30/50ML",
    "brand": "POINT-VIRGULE",
    "seoBrand": "Point-Virgule",
    "thumbNail": "https://static.colruytgroup.com/images/200x200/std.lang.all/78/77/asset-1167877.jpg",
    "fullImage": "https://static.colruytgroup.com/images/500x500/std.lang.all/78/77/asset-1167877.jpg",
    "squareImage": "https://static.colruytgroup.com/images/500x500sq/std.lang.all/78/77/asset-1167877.jpg",
    "walkRouteSequenceNumber": 9636,
    "price": {
      "basicPrice": 5.79,
      "recommendedQuantity": "1.0",
      "measurementUnitPrice": 5.79,
      "measurementUnit": "S",
      "isRedPrice": false,
      "pricePerUOM": 5.79,
      "activationDate": "19-07-2023",
      "isPromoActive": "N",
      "priceChangeCode": "E"
    },
    "isAvailable": true,
    "isPriceAvailable": true,
    "inPromo": false,
    "gtin": [
      "05420059803608",
      "05420059803189",
      "05420059803592"
    ],
    "topCategoryName": "Wijn",
    "topCategoryId": "421",
    "businessDomain": "NON_FOOD",
    "IsPrivateLabel": false,
    "IsBiffe": false,
    "IsWeightArticle": false,
    "RecentQuanityOfStockUnits": "1",
    "LongName": "POINT-VIRGULE Cocktailmaatje 30/50ML",
    "IsBio": false,
    "CountryOfOrigin": "CHINA (VOLKSREBUPLIEK)",
    "FicCode": "N",
    "OrderUnit": "P",
    "ShortName": "PV.COKTAILMAATJE 30/50M",
    "IsNew": false
  },
  {
    "productId": "3621",
    "technicalArticleNumber": "1102302",
    "commercialArticleNumber": "17160",
    "name": "Sancerre Beau Chêne",
    "description": "FRANKRIJK LOIRE DROOG WIT\nDe Chêne Marchand is van de beste ter-\nroirs. Schitterende frisse aroma's\nmet een krachtige afdronk. Bij\nschaaldieren en visschotels. QAA",
    "thumbNail": "https://static.colruytgroup.com/images/200x200/std.lang.all/94/12/asset-349412.jpg",
    "fullImage": "https://static.colruytgroup.com/images/500x500/std.lang.all/94/12/asset-349412.jpg",
    "squareImage": "https://static.colruytgroup.com/images/500x500sq/std.lang.all/94/12/asset-349412.jpg",
    "content": "75cl",
    "walkRouteSequenceNumber": 158,
    "price": {
      "basicPrice": 17.5,
      "recommendedQuantity": "1.0",
      "quantityPrice": 16.8,
      "quantityPriceQuantity": "6.0",
      "measurementUnitPrice": 23.34,
      "measurementUnitQuantityPrice": 22.4,
      "measurementUnit": "L",
      "isRedPrice": false,
      "pricePerUOM": 23.34,
      "activationDate": "14-11-2023",
      "isPromoActive": "N",
      "priceChangeCode": "E",
      "quantityPricePerUOM": 22.4,
      "quantityActivationDate": "14-11-2023",
      "quantityPriceChangeCode": "E"
    },
    "isAvailable": true,
    "isPriceAvailable": true,
    "inPromo": false,
    "gtin": [
      "03354520006712",
      "03354520006910",
      "00335420006104"
    ],
    "topCategoryName": "Wijn",
    "topCategoryId": "421",
    "businessDomain": "RETAIL_BE",
    "IsPrivateLabel": false,
    "IsBiffe": false,
    "WeightconversionFactor": "0",
    "IsWeightArticle": false,
    "IsBio": false,
    "CountryOfOrigin": "FRANKRIJK",
    "IsExclusivelySoldInLuxembourg": false,
    "OrderUnit": "P",
    "ShortName": "SANCERRE BEAU CHENE",
    "InSeason": true,
    "IsNew": false,
    "RecentQuanityOfStockUnits": "1,6",
    "LongName": "Sancerre Beau Chêne 75cl",
    "AlcoholVolume": "12.5",
    "StartSeasonDate": "11/08/2023",
    "FicCode": "E"
  },
  {
    "productId": "778905",
    "technicalArticleNumber": "4572648",
    "commercialArticleNumber": "28577",
    "name": "rosé blik",
    "description": "PORTUGAL ROSÉ\nTypische lichte pareling.\nDe klassieker van Mateus in blik.\nKoel serveren.",
    "brand": "MATEUS",
    "seoBrand": "Mateus",
    "thumbNail": "https://static.colruytgroup.com/images/200x200/std.lang.all/66/92/asset-2756692.jpg",
    "fullImage": "https://static.colruytgroup.com/images/500x500/std.lang.all/66/92/asset-2756692.jpg",
    "squareImage": "https://static.colruytgroup.com/images/500x500sq/std.lang.all/66/92/asset-2756692.jpg",
    "content": "25cl",
    "walkRouteSequenceNumber": 781,
    "price": {
      "basicPrice": 2.69,
      "recommendedQuantity": "1.0",
      "quantityPrice": 2.58,
      "quantityPriceQuantity": "12.0",
      "measurementUnitPrice": 10.76,
      "measurementUnitQuantityPrice": 10.32,
      "measurementUnit": "L",
      "isRedPrice": false,
      "pricePerUOM": 10.76,
      "activationDate": "20-03-2024",
      "recordSource": "Offline",
      "isPromoActive": "N",
      "priceChangeCode": "E",
      "quantityPricePerUOM": 10.32,
      "quantityActivationDate": "20-03-2024",
      "quantityPriceChangeCode": "E"
    },
    "isAvailable": true,
    "isPriceAvailable": true,
    "inPromo": false,
    "gtin": [
      "65601012007086",
      "05601012007084"
    ],
    "topCategoryName": "Wijn",
    "topCategoryId": "421",
    "businessDomain": "RETAIL_BE",
    "IsPrivateLabel": false,
    "IsBiffe": false,
    "WeightconversionFactor": "0",
    "IsWeightArticle": false,
    "IsBio": false,
    "CountryOfOrigin": "PORTUGAL",
    "IsExclusivelySoldInLuxembourg": false,
    "OrderUnit": "P",
    "ShortName": "MATEUS ROSE BLIK 25CL",
    "IsNew": false,
    "RecentQuanityOfStockUnits": "1,12",
    "LongName": "MATEUS rosé blik 25cl",
    "AlcoholVolume": "11",
    "FicCode": "E"
  },
  {
    "productId": "724460",
    "technicalArticleNumber": "4477318",
    "commercialArticleNumber": "6292",
    "name": "Hérésie Blanc AOP Corbières",
    "description": "FRANCE BLANC CORBIERES\nGrenache, Roussanne, Marsanne.\nElegant, rijk en zijdezacht met een\nbalans tussen kruidig, fruitig, houtig\nKan 2 tot 3 jaar worden bewaard",
    "thumbNail": "https://static.colruytgroup.com/images/200x200/std.lang.all/70/97/asset-2487097.jpg",
    "fullImage": "https://static.colruytgroup.com/images/500x500/std.lang.all/70/97/asset-2487097.jpg",
    "squareImage": "https://static.colruytgroup.com/images/500x500sq/std.lang.all/70/97/asset-2487097.jpg",
    "content": "75cl",
    "walkRouteSequenceNumber": 157,
    "price": {
      "basicPrice": 8.9,
      "recommendedQuantity": "1.0",
      "measurementUnitPrice": 11.87,
      "measurementUnit": "L",
      "isRedPrice": false,
      "pricePerUOM": 11.87,
      "activationDate": "11-01-2024",
      "isPromoActive": "N",
      "priceChangeCode": "L"
    },
    "isAvailable": true,
    "isPriceAvailable": true,
    "inPromo": false,
    "gtin": [
      "03514123117899",
      "03514123328950"
    ],
    "topCategoryName": "Wijn",
    "topCategoryId": "421",
    "businessDomain": "RETAIL_BE",
    "IsPrivateLabel": false,
    "IsBiffe": false,
    "WeightconversionFactor": "0",
    "IsWeightArticle": false,
    "IsBio": false,
    "CountryOfOrigin": "FRANKRIJK",
    "IsExclusivelySoldInLuxembourg": false,
    "OrderUnit": "P",
    "ShortName": "HERESIE BLANC",
    "InSeason": true,
    "IsNew": false,
    "RecentQuanityOfStockUnits": "1,6",
    "LongName": "Hérésie Blanc AOP Corbières 75cl",
    "AlcoholVolume": "14",
    "StartSeasonDate": "10/01/2024",
    "FicCode": "E"
  },
  {
    "productId": "282663",
    "technicalArticleNumber": "3655865",
    "commercialArticleNumber": "12137",
    "name": "cham. brut rosé",
    "description": "Elegante en lekkere rosé champagne.\nFijne bubbels en toetsen van klein\nrood fruit. Ideaal als aperitief of\nop een aardbeientaart.",
    "brand": "COMTESSE DE GRAMONT",
    "seoBrand": "Comtesse De Gramont",
    "thumbNail": "https://static.colruytgroup.com/images/200x200/std.lang.all/67/19/asset-2976719.jpg",
    "fullImage": "https://static.colruytgroup.com/images/500x500/std.lang.all/67/19/asset-2976719.jpg",
    "squareImage": "https://static.colruytgroup.com/images/500x500sq/std.lang.all/67/19/asset-2976719.jpg",
    "content": "75cl",
    "walkRouteSequenceNumber": 436,
    "price": {
      "basicPrice": 24.95,
      "recommendedQuantity": "1.0",
      "measurementUnitPrice": 33.27,
      "measurementUnit": "L",
      "isRedPrice": false,
      "pricePerUOM": 33.27,
      "activationDate": "19-03-2024",
      "recordSource": "Offline",
      "isPromoActive": "N",
      "priceChangeCode": "H"
    },
    "isAvailable": true,
    "isPriceAvailable": true,
    "inPromo": false,
    "gtin": [
      "03287115100413",
      "03287115104169"
    ],
    "topCategoryName": "Wijn",
    "topCategoryId": "421",
    "businessDomain": "RETAIL_BE",
    "IsPrivateLabel": false,
    "IsBiffe": false,
    "WeightconversionFactor": "0",
    "IsWeightArticle": false,
    "IsBio": false,
    "CountryOfOrigin": "BELGIË",
    "IsExclusivelySoldInLuxembourg": false,
    "OrderUnit": "P",
    "ShortName": "COMT DE GRAMONT ROSE 75",
    "IsNew": false,
    "RecentQuanityOfStockUnits": "1",
    "LongName": "COMTESSE DE GRAMONT cham. brut rosé 75cl",
    "AlcoholVolume": "12",
    "FicCode": "E"
  },
  {
    "productId": "719488",
    "technicalArticleNumber": "4468482",
    "commercialArticleNumber": "26944",
    "name": "By Miraval wit",
    "description": "Frankrijk zuiden wit",
    "brand": "STUDIO",
    "seoBrand": "Studio",
    "thumbNail": "https://static.colruytgroup.com/images/200x200/std.lang.all/74/74/asset-3427474.jpg",
    "fullImage": "https://static.colruytgroup.com/images/500x500/std.lang.all/74/74/asset-3427474.jpg",
    "squareImage": "https://static.colruytgroup.com/images/500x500sq/std.lang.all/74/74/asset-3427474.jpg",
    "content": "75cl",
    "walkRouteSequenceNumber": 162,
    "price": {
      "basicPrice": 11.99,
      "recommendedQuantity": "1.0",
      "quantityPrice": 11.51,
      "quantityPriceQuantity": "6.0",
      "measurementUnitPrice": 15.99,
      "measurementUnitQuantityPrice": 15.35,
      "measurementUnit": "L",
      "isRedPrice": false,
      "pricePerUOM": 15.99,
      "activationDate": "02-02-2024",
      "isPromoActive": "N",
      "priceChangeCode": "E",
      "quantityPricePerUOM": 15.35,
      "quantityActivationDate": "02-02-2024",
      "quantityPriceChangeCode": "E"
    },
    "isAvailable": true,
    "isPriceAvailable": true,
    "inPromo": false,
    "gtin": [
      "03296184016181",
      "03296181019086"
    ],
    "topCategoryName": "Wijn",
    "topCategoryId": "421",
    "businessDomain": "RETAIL_BE",
    "IsPrivateLabel": false,
    "IsBiffe": false,
    "WeightconversionFactor": "0",
    "IsWeightArticle": false,
    "IsBio": false,
    "CountryOfOrigin": "FRANKRIJK",
    "IsExclusivelySoldInLuxembourg": false,
    "OrderUnit": "P",
    "ShortName": "STUDIO BY MIRAVAL WIT",
    "InSeason": true,
    "IsNew": false,
    "RecentQuanityOfStockUnits": "1,6",
    "LongName": "STUDIO By Miraval wit 75cl",
    "AlcoholVolume": "12.5",
    "StartSeasonDate": "23/01/2024",
    "FicCode": "E"
  },
  {
    "productId": "331527",
    "technicalArticleNumber": "3798825",
    "commercialArticleNumber": "41838",
    "name": "G.Gieco Malbec Single Vineyard",
    "description": "ARGENTINIE ROOD\nAfkomstig van een klein en kwaliteits\nvol domein in Lujan de Cuyo, Mendoza.\nRijke en krachtige Malbec. Bij wild,\nrood vlees en barbecue.",
    "thumbNail": "https://static.colruytgroup.com/images/200x200/std.lang.all/40/48/asset-1424048.jpg",
    "fullImage": "https://static.colruytgroup.com/images/500x500/std.lang.all/40/48/asset-1424048.jpg",
    "squareImage": "https://static.colruytgroup.com/images/500x500sq/std.lang.all/40/48/asset-1424048.jpg",
    "content": "75cl",
    "walkRouteSequenceNumber": 389,
    "price": {
      "basicPrice": 8.49,
      "recommendedQuantity": "1.0",
      "quantityPrice": 8.15,
      "quantityPriceQuantity": "6.0",
      "measurementUnitPrice": 11.32,
      "measurementUnitQuantityPrice": 10.87,
      "measurementUnit": "L",
      "isRedPrice": false,
      "pricePerUOM": 11.32,
      "activationDate": "20-09-2023",
      "isPromoActive": "N",
      "priceChangeCode": "H",
      "quantityPricePerUOM": 10.87,
      "quantityActivationDate": "20-09-2023",
      "quantityPriceChangeCode": "H"
    },
    "isAvailable": true,
    "isPriceAvailable": true,
    "inPromo": false,
    "gtin": [
      "27798199350019",
      "07798199350015"
    ],
    "topCategoryName": "Wijn",
    "topCategoryId": "421",
    "businessDomain": "RETAIL_BE",
    "IsPrivateLabel": false,
    "IsBiffe": false,
    "WeightconversionFactor": "0",
    "IsWeightArticle": false,
    "IsBio": false,
    "CountryOfOrigin": "ARGENTINIË",
    "IsExclusivelySoldInLuxembourg": false,
    "OrderUnit": "P",
    "ShortName": "GIECO MALBEC S.VINEY",
    "IsNew": false,
    "RecentQuanityOfStockUnits": "1",
    "LongName": "G.Gieco Malbec Single Vineyard 75cl",
    "AlcoholVolume": "14",
    "FicCode": "E"
  },
  {
    "productId": "861211",
    "technicalArticleNumber": "4712323",
    "commercialArticleNumber": "20463",
    "name": "Sangre de Toro Medium-Dry",
    "description": "*SPANJE CATALUNYA\n*Parellada Garnacha\n*1-2 jaar, 8-10°C\n*Fruitig, intens,\nzomers",
    "thumbNail": "https://static.colruytgroup.com/images/200x200/std.lang.all/75/12/asset-3217512.jpg",
    "fullImage": "https://static.colruytgroup.com/images/500x500/std.lang.all/75/12/asset-3217512.jpg",
    "squareImage": "https://static.colruytgroup.com/images/500x500sq/std.lang.all/75/12/asset-3217512.jpg",
    "walkRouteSequenceNumber": 302,
    "price": {
      "basicPrice": 6.99,
      "recommendedQuantity": "1.0",
      "measurementUnitPrice": 9.32,
      "measurementUnit": "L",
      "isRedPrice": false,
      "pricePerUOM": 9.32,
      "activationDate": "31-01-2024",
      "isPromoActive": "N",
      "priceChangeCode": "E"
    },
    "isAvailable": true,
    "isPriceAvailable": true,
    "inPromo": true,
    "promotion": [
      {
        "techPromoId": "001120COLR",
        "promotionId": "001120",
        "promotionType": "3",
        "isPersonalized": "N",
        "publicationStartDate": "11-01-2024",
        "publicationEndDate": "10-05-2024"
      }
    ],
    "gtin": [
      "08410113698476",
      "08410113558473"
    ],
    "topCategoryName": "Wijn",
    "topCategoryId": "421",
    "businessDomain": "RETAIL_BE",
    "IsPrivateLabel": false,
    "IsBiffe": false,
    "WeightconversionFactor": "0",
    "IsWeightArticle": false,
    "IsBio": false,
    "CountryOfOrigin": "SPANJE",
    "IsExclusivelySoldInLuxembourg": false,
    "OrderUnit": "P",
    "ShortName": "SANGRE TORO WIT TORR75C",
    "IsNew": false,
    "RecentQuanityOfStockUnits": "1",
    "LongName": "Sangre de Toro Medium-Dry",
    "AlcoholVolume": "11",
    "FicCode": "E"
  },
  {
    "productId": "1235",
    "technicalArticleNumber": "17502",
    "commercialArticleNumber": "17502",
    "name": "Château Coufran",
    "description": "FRANKRIJK BORDEAUX HAUT MEDOC ROOD\nKlassewijn met een mooi boeket en\neen fluweelzachte smaak. Kan\ngerust nog 5 jaar worden bewaard.",
    "thumbNail": "https://static.colruytgroup.com/images/200x200/std.lang.all/15/25/asset-371525.jpg",
    "fullImage": "https://static.colruytgroup.com/images/500x500/std.lang.all/15/25/asset-371525.jpg",
    "squareImage": "https://static.colruytgroup.com/images/500x500sq/std.lang.all/15/25/asset-371525.jpg",
    "content": "37,5cl",
    "walkRouteSequenceNumber": 51,
    "price": {
      "basicPrice": 8.95,
      "recommendedQuantity": "1.0",
      "quantityPrice": 8.59,
      "quantityPriceQuantity": "12.0",
      "measurementUnitPrice": 23.87,
      "measurementUnitQuantityPrice": 22.91,
      "measurementUnit": "L",
      "isRedPrice": false,
      "pricePerUOM": 23.87,
      "activationDate": "02-01-2023",
      "isPromoActive": "N",
      "priceChangeCode": "H",
      "quantityPricePerUOM": 22.91,
      "quantityActivationDate": "02-01-2023",
      "quantityPriceChangeCode": "E"
    },
    "isAvailable": true,
    "isPriceAvailable": true,
    "inPromo": false,
    "gtin": [
      "03289360010226",
      "03289360012220",
      "03289360013227",
      "03289360014224",
      "03289364014220",
      "03289360016228",
      "03289364016224",
      "03289360015221",
      "03289364015227"
    ],
    "topCategoryName": "Wijn",
    "topCategoryId": "421",
    "businessDomain": "RETAIL_BE",
    "IsPrivateLabel": false,
    "IsBiffe": false,
    "WeightconversionFactor": "0",
    "IsWeightArticle": false,
    "IsBio": false,
    "CountryOfOrigin": "FRANKRIJK",
    "IsExclusivelySoldInLuxembourg": false,
    "OrderUnit": "P",
    "ShortName": "CH COUFRAN 37.5CL",
    "IsNew": false,
    "RecentQuanityOfStockUnits": "1,1",
    "LongName": "Château Coufran 37,5cl",
    "AlcoholVolume": "13",
    "FicCode": "E"
  },
  {
    "productId": "1170",
    "technicalArticleNumber": "17815",
    "commercialArticleNumber": "17815",
    "name": "demi sec",
    "description": "FRANKRIJK CHAMPAGNE HALFZOET\nElegant en evenwichtig. Wordt gemaakt\nvan Chardonnay-, Pinot Noir- en Pinot\nMeunier-druiven.\nUitstekende kwaliteit.",
    "brand": "MARQUIS DE VILLON",
    "seoBrand": "Marquis de Villon",
    "thumbNail": "https://static.colruytgroup.com/images/200x200/std.lang.all/39/97/asset-713997.jpg",
    "fullImage": "https://static.colruytgroup.com/images/500x500/std.lang.all/39/97/asset-713997.jpg",
    "squareImage": "https://static.colruytgroup.com/images/500x500sq/std.lang.all/39/97/asset-713997.jpg",
    "content": "37,5cl",
    "walkRouteSequenceNumber": 435,
    "price": {
      "basicPrice": 15.99,
      "recommendedQuantity": "1.0",
      "measurementUnitPrice": 42.64,
      "measurementUnit": "L",
      "isRedPrice": false,
      "pricePerUOM": 42.64,
      "activationDate": "14-11-2023",
      "isPromoActive": "N",
      "priceChangeCode": "E"
    },
    "isAvailable": true,
    "isPriceAvailable": true,
    "inPromo": false,
    "gtin": [
      "05400141104240",
      "15400141907244"
    ],
    "topCategoryName": "Wijn",
    "topCategoryId": "421",
    "businessDomain": "RETAIL_BE",
    "IsPrivateLabel": true,
    "IsBiffe": false,
    "WeightconversionFactor": "0",
    "IsWeightArticle": false,
    "IsBio": false,
    "CountryOfOrigin": "BELGIË",
    "IsExclusivelySoldInLuxembourg": false,
    "OrderUnit": "P",
    "ShortName": "CHAMP VILLON D/S 37.5CL",
    "IsNew": false,
    "EcoscoreLabel": "D",
    "RecentQuanityOfStockUnits": "1",
    "LongName": "MARQUIS DE VILLON demi sec 37,5cl",
    "AlcoholVolume": "12.5",
    "FicCode": "I",
    "EcoscoreValue": "35"
  },
  {
    "productId": "1205",
    "technicalArticleNumber": "17311",
    "commercialArticleNumber": "17311",
    "name": "Château de Dracy Pinot Noir",
    "description": "FRANKRIJK BOURGOGNE ROOD\nKlassewijn met roodpaarse kleur,\nprachtig fruitig boeket/soepele volle\nsmaak. Aanbevolen: niet pikante kazen,\ngevogelte. Kan 3 jaar bewaren.",
    "thumbNail": "https://static.colruytgroup.com/images/200x200/std.lang.all/72/53/asset-397253.jpg",
    "fullImage": "https://static.colruytgroup.com/images/500x500/std.lang.all/72/53/asset-397253.jpg",
    "squareImage": "https://static.colruytgroup.com/images/500x500sq/std.lang.all/72/53/asset-397253.jpg",
    "content": "75cl",
    "walkRouteSequenceNumber": 184,
    "price": {
      "basicPrice": 15.69,
      "recommendedQuantity": "1.0",
      "quantityPrice": 15.06,
      "quantityPriceQuantity": "6.0",
      "measurementUnitPrice": 20.92,
      "measurementUnitQuantityPrice": 20.08,
      "measurementUnit": "L",
      "isRedPrice": false,
      "pricePerUOM": 20.92,
      "activationDate": "14-11-2023",
      "isPromoActive": "N",
      "priceChangeCode": "E",
      "quantityPricePerUOM": 20.08,
      "quantityActivationDate": "14-11-2023",
      "quantityPriceChangeCode": "E"
    },
    "isAvailable": true,
    "isPriceAvailable": true,
    "inPromo": false,
    "gtin": [
      "03296311611708",
      "03296311111802",
      "03296311111901",
      "03296311611906",
      "03296311111000",
      "03296311111307",
      "03296311111406",
      "03296311111505",
      "03296311111703",
      "03296311611500",
      "03296311111109",
      "03296311611104",
      "03296311611807"
    ],
    "topCategoryName": "Wijn",
    "topCategoryId": "421",
    "businessDomain": "RETAIL_BE",
    "IsPrivateLabel": false,
    "IsBiffe": false,
    "WeightconversionFactor": "0",
    "IsWeightArticle": false,
    "IsBio": false,
    "CountryOfOrigin": "FRANKRIJK",
    "IsExclusivelySoldInLuxembourg": false,
    "OrderUnit": "P",
    "ShortName": "CHATEAU DE DRACY",
    "IsNew": false,
    "RecentQuanityOfStockUnits": "1,1,6",
    "LongName": "Château de Dracy Pinot Noir 75cl",
    "AlcoholVolume": "12.5",
    "FicCode": "E"
  },
  {
    "productId": "815665",
    "technicalArticleNumber": "4644043",
    "commercialArticleNumber": "20975",
    "name": "Royal Chenin W.O Swartland Z-Afrika",
    "description": "ZUID-AFRIKA Chenin Blanc\nKrokant, fruitig, aroma's van\ngeelfruit, gember met een mooie\nelegante toets van barrique.\nIdeaal met vis en wit vlees.",
    "thumbNail": "https://static.colruytgroup.com/images/200x200/std.lang.all/73/29/asset-3277329.jpg",
    "fullImage": "https://static.colruytgroup.com/images/500x500/std.lang.all/73/29/asset-3277329.jpg",
    "squareImage": "https://static.colruytgroup.com/images/500x500sq/std.lang.all/73/29/asset-3277329.jpg",
    "walkRouteSequenceNumber": 365,
    "price": {
      "basicPrice": 6.49,
      "recommendedQuantity": "1.0",
      "quantityPrice": 6.23,
      "quantityPriceQuantity": "6.0",
      "measurementUnitPrice": 8.66,
      "measurementUnitQuantityPrice": 8.31,
      "measurementUnit": "L",
      "isRedPrice": false,
      "pricePerUOM": 8.66,
      "activationDate": "13-12-2023",
      "isPromoActive": "N",
      "priceChangeCode": "E",
      "quantityPricePerUOM": 8.31,
      "quantityActivationDate": "13-12-2023",
      "quantityPriceChangeCode": "E"
    },
    "isAvailable": true,
    "isPriceAvailable": true,
    "inPromo": false,
    "gtin": [
      "05430000560719",
      "05430000560702"
    ],
    "topCategoryName": "Wijn",
    "topCategoryId": "421",
    "businessDomain": "RETAIL_BE",
    "IsPrivateLabel": false,
    "IsBiffe": false,
    "WeightconversionFactor": "0",
    "IsWeightArticle": false,
    "IsBio": false,
    "CountryOfOrigin": "ZUID-AFRIKA",
    "IsExclusivelySoldInLuxembourg": false,
    "OrderUnit": "P",
    "ShortName": "ROYAL CHENIN Z-A",
    "IsNew": false,
    "RecentQuanityOfStockUnits": "1,6",
    "LongName": "Royal Chenin W.O Swartland Z-Afrika",
    "AlcoholVolume": "13",
    "FicCode": "E"
  },
  {
    "productId": "680809",
    "technicalArticleNumber": "4399861",
    "commercialArticleNumber": "24596",
    "name": "La Duchesse St Julien",
    "description": "Grote Bordeauxwijn, soepel,\nfruitig en kruidig, krachtig,\nhoutige ondertoon.\n4 tot 5 jaar bewaarbaar.",
    "thumbNail": "https://static.colruytgroup.com/images/200x200/std.lang.all/15/91/asset-2701591.jpg",
    "fullImage": "https://static.colruytgroup.com/images/500x500/std.lang.all/15/91/asset-2701591.jpg",
    "squareImage": "https://static.colruytgroup.com/images/500x500sq/std.lang.all/15/91/asset-2701591.jpg",
    "content": "75cl",
    "walkRouteSequenceNumber": 31,
    "price": {
      "basicPrice": 18.95,
      "recommendedQuantity": "1.0",
      "measurementUnitPrice": 25.27,
      "measurementUnit": "L",
      "isRedPrice": false,
      "pricePerUOM": 25.27,
      "activationDate": "13-12-2023",
      "recordSource": "Offline",
      "isPromoActive": "N",
      "priceChangeCode": "E"
    },
    "isAvailable": true,
    "isPriceAvailable": true,
    "inPromo": false,
    "gtin": [
      "03292144693195",
      "03292144672190",
      "03292144693188",
      "03292144672183"
    ],
    "topCategoryName": "Wijn",
    "topCategoryId": "421",
    "businessDomain": "RETAIL_BE",
    "IsPrivateLabel": false,
    "IsBiffe": false,
    "WeightconversionFactor": "0",
    "IsWeightArticle": false,
    "IsBio": false,
    "CountryOfOrigin": "FRANKRIJK",
    "IsExclusivelySoldInLuxembourg": false,
    "OrderUnit": "P",
    "ShortName": "LA DUCHESSE ST JULIEN",
    "IsNew": false,
    "RecentQuanityOfStockUnits": "6,1",
    "LongName": "La Duchesse St Julien 75cl",
    "AlcoholVolume": "13.5",
    "FicCode": "E"
  },
  {
    "productId": "718732",
    "technicalArticleNumber": "4467130",
    "commercialArticleNumber": "26885",
    "name": "Ch Valade L'Etandard St-Em.Gr. Cru",
    "description": "St Emilion Grand Cru.\nVolle en levendige wijn, tegelijk\nkrachtig en soepel. Goede lengte.\nHeerlijk bij wit en rood vlees,\nbarbecue, romige kazen.",
    "thumbNail": "https://static.colruytgroup.com/images/200x200/std.lang.all/44/94/asset-2524494.jpg",
    "fullImage": "https://static.colruytgroup.com/images/500x500/std.lang.all/44/94/asset-2524494.jpg",
    "squareImage": "https://static.colruytgroup.com/images/500x500sq/std.lang.all/44/94/asset-2524494.jpg",
    "content": "75cl",
    "walkRouteSequenceNumber": 87,
    "price": {
      "basicPrice": 15.49,
      "recommendedQuantity": "1.0",
      "quantityPrice": 14.87,
      "quantityPriceQuantity": "6.0",
      "measurementUnitPrice": 20.66,
      "measurementUnitQuantityPrice": 19.83,
      "measurementUnit": "L",
      "isRedPrice": false,
      "pricePerUOM": 20.66,
      "activationDate": "14-06-2023",
      "isPromoActive": "N",
      "priceChangeCode": "H",
      "quantityPricePerUOM": 19.83,
      "quantityActivationDate": "14-06-2023",
      "quantityPriceChangeCode": "E"
    },
    "isAvailable": true,
    "isPriceAvailable": true,
    "inPromo": false,
    "gtin": [
      "03700401903579",
      "03700401903562",
      "03700401904040",
      "03700401904033"
    ],
    "topCategoryName": "Wijn",
    "topCategoryId": "421",
    "businessDomain": "RETAIL_BE",
    "IsPrivateLabel": false,
    "IsBiffe": false,
    "WeightconversionFactor": "0",
    "IsWeightArticle": false,
    "IsBio": false,
    "CountryOfOrigin": "FRANKRIJK",
    "IsExclusivelySoldInLuxembourg": false,
    "OrderUnit": "P",
    "ShortName": "CH VALADE L ETANDARD",
    "IsNew": false,
    "RecentQuanityOfStockUnits": "1,1,6",
    "LongName": "Ch Valade L'Etandard St-Em.Gr. Cru 75cl",
    "AlcoholVolume": "14.5",
    "FicCode": "E"
  },
  {
    "productId": "692878",
    "technicalArticleNumber": "4420630",
    "commercialArticleNumber": "25711",
    "name": "La Cuvée Brut",
    "brand": "LAURENT-PERRIER",
    "seoBrand": "Laurent-Perrier",
    "thumbNail": "https://static.colruytgroup.com/images/200x200/std.lang.all/09/43/asset-2390943.jpg",
    "fullImage": "https://static.colruytgroup.com/images/500x500/std.lang.all/09/43/asset-2390943.jpg",
    "squareImage": "https://static.colruytgroup.com/images/500x500sq/std.lang.all/09/43/asset-2390943.jpg",
    "content": "37,5cl",
    "walkRouteSequenceNumber": 470,
    "price": {
      "basicPrice": 25.99,
      "recommendedQuantity": "1.0",
      "quantityPrice": 24.95,
      "quantityPriceQuantity": "3.0",
      "measurementUnitPrice": 69.31,
      "measurementUnitQuantityPrice": 66.54,
      "measurementUnit": "L",
      "isRedPrice": false,
      "pricePerUOM": 69.31,
      "activationDate": "22-03-2024",
      "recordSource": "Offline",
      "isPromoActive": "N",
      "priceChangeCode": "L",
      "quantityPricePerUOM": 66.54,
      "quantityActivationDate": "22-03-2024",
      "quantityPriceChangeCode": "L"
    },
    "isAvailable": true,
    "isPriceAvailable": true,
    "inPromo": false,
    "gtin": [
      "03258432490006",
      "03258430034615"
    ],
    "topCategoryName": "Wijn",
    "topCategoryId": "421",
    "businessDomain": "RETAIL_BE",
    "IsPrivateLabel": false,
    "IsBiffe": false,
    "WeightconversionFactor": "0",
    "IsWeightArticle": false,
    "IsBio": false,
    "CountryOfOrigin": "FRANKRIJK",
    "IsExclusivelySoldInLuxembourg": false,
    "OrderUnit": "P",
    "ShortName": "LAPE LA CUVEE BRUT37.5C",
    "IsNew": false,
    "EcoscoreLabel": "C",
    "RecentQuanityOfStockUnits": "1,12",
    "LongName": "LAURENT-PERRIER La Cuvée Brut 37,5cl",
    "AlcoholVolume": "12",
    "FicCode": "E",
    "EcoscoreValue": "58"
  },
  {
    "productId": "612559",
    "technicalArticleNumber": "4286968",
    "commercialArticleNumber": "23185",
    "name": "Château Mazeris AOP Canon-Fronsac",
    "description": "FRANKRIJK BORDEAUX CANON-FRONSAC\nVaste waarde in ons assortiment\nkasteelwijnen. Krachtige en volle wijn\nvan vooral merlotdruiven. Zeer goede\nprijs/kwaliteitverhouding.",
    "thumbNail": "https://static.colruytgroup.com/images/200x200/std.lang.all/55/94/asset-2165594.jpg",
    "fullImage": "https://static.colruytgroup.com/images/500x500/std.lang.all/55/94/asset-2165594.jpg",
    "squareImage": "https://static.colruytgroup.com/images/500x500sq/std.lang.all/55/94/asset-2165594.jpg",
    "content": "75cl",
    "walkRouteSequenceNumber": 96,
    "price": {
      "basicPrice": 12.15,
      "recommendedQuantity": "1.0",
      "quantityPrice": 11.66,
      "quantityPriceQuantity": "6.0",
      "measurementUnitPrice": 16.2,
      "measurementUnitQuantityPrice": 15.55,
      "measurementUnit": "L",
      "isRedPrice": false,
      "pricePerUOM": 16.2,
      "activationDate": "03-06-2023",
      "isPromoActive": "N",
      "priceChangeCode": "E",
      "quantityPricePerUOM": 15.55,
      "quantityActivationDate": "03-06-2023",
      "quantityPriceChangeCode": "E"
    },
    "isAvailable": true,
    "isPriceAvailable": true,
    "inPromo": false,
    "gtin": [
      "03760054710801",
      "03760054710818",
      "03760054710931",
      "03760054710832",
      "03760054710849"
    ],
    "topCategoryName": "Wijn",
    "topCategoryId": "421",
    "businessDomain": "RETAIL_BE",
    "IsPrivateLabel": false,
    "IsBiffe": false,
    "WeightconversionFactor": "0",
    "IsWeightArticle": false,
    "IsBio": false,
    "CountryOfOrigin": "FRANKRIJK",
    "IsExclusivelySoldInLuxembourg": false,
    "OrderUnit": "P",
    "ShortName": "CH MAZERIS",
    "IsNew": false,
    "RecentQuanityOfStockUnits": "1,6,1,1",
    "LongName": "Château Mazeris AOP Canon-Fronsac 75cl",
    "AlcoholVolume": "14.5",
    "FicCode": "E"
  },
  {
    "productId": "1244",
    "technicalArticleNumber": "17638",
    "commercialArticleNumber": "17638",
    "name": "Château Fr.-Jaugue-Blanc",
    "description": "FRANKRIJK BORDEAUX ST-EMILION ROOD\nGrand Cru. Mooie, rode wijn met frui-\ntig, fijn boeket, krachtige, doch soe-\npele smaak. Licht taninnehoudend.\nBewaring: van 3 tot 6 jaar. QFB",
    "brand": "ST EMILION",
    "thumbNail": "https://static.colruytgroup.com/images/200x200/std.lang.all/08/99/asset-390899.jpg",
    "fullImage": "https://static.colruytgroup.com/images/500x500/std.lang.all/08/99/asset-390899.jpg",
    "squareImage": "https://static.colruytgroup.com/images/500x500sq/std.lang.all/08/99/asset-390899.jpg",
    "content": "75cl",
    "walkRouteSequenceNumber": 104,
    "price": {
      "basicPrice": 15.85,
      "recommendedQuantity": "1.0",
      "quantityPrice": 15.22,
      "quantityPriceQuantity": "3.0",
      "measurementUnitPrice": 21.14,
      "measurementUnitQuantityPrice": 20.3,
      "measurementUnit": "L",
      "isRedPrice": false,
      "pricePerUOM": 21.14,
      "activationDate": "17-01-2024",
      "isPromoActive": "N",
      "priceChangeCode": "E",
      "quantityPricePerUOM": 20.3,
      "quantityActivationDate": "17-01-2024",
      "quantityPriceChangeCode": "E"
    },
    "isAvailable": true,
    "isPriceAvailable": true,
    "inPromo": false,
    "gtin": [
      "03192040529782",
      "03192040532843",
      "03192040420867",
      "03192040461822",
      "03192040507957",
      "03192040520949"
    ],
    "topCategoryName": "Wijn",
    "topCategoryId": "421",
    "businessDomain": "RETAIL_BE",
    "IsPrivateLabel": false,
    "IsBiffe": false,
    "WeightconversionFactor": "0",
    "IsWeightArticle": false,
    "IsBio": false,
    "CountryOfOrigin": "FRANKRIJK",
    "IsExclusivelySoldInLuxembourg": false,
    "OrderUnit": "P",
    "ShortName": "CH FRANC JAUGUE BLANC",
    "InSeason": true,
    "IsNew": false,
    "EcoscoreLabel": "D",
    "RecentQuanityOfStockUnits": "3,1",
    "LongName": "ST EMILION Château Fr.-Jaugue-Blanc 75cl",
    "AlcoholVolume": "13.5",
    "StartSeasonDate": "02/09/2002",
    "FicCode": "E",
    "EcoscoreValue": "22"
  },
  {
    "productId": "752004",
    "technicalArticleNumber": "4524823",
    "commercialArticleNumber": "20329",
    "name": "Château de Bel Air",
    "description": "Lalande de Pomerol, domein net op de\ngrens met Pomerol.\nMerlotdruif op zijn best !\nFinesse en soepelheid troef.",
    "thumbNail": "https://static.colruytgroup.com/images/200x200/std.lang.all/17/78/asset-2711778.jpg",
    "fullImage": "https://static.colruytgroup.com/images/500x500/std.lang.all/17/78/asset-2711778.jpg",
    "squareImage": "https://static.colruytgroup.com/images/500x500sq/std.lang.all/17/78/asset-2711778.jpg",
    "content": "75cl",
    "walkRouteSequenceNumber": 84,
    "price": {
      "basicPrice": 20.95,
      "recommendedQuantity": "1.0",
      "quantityPrice": 20.11,
      "quantityPriceQuantity": "6.0",
      "measurementUnitPrice": 27.94,
      "measurementUnitQuantityPrice": 26.82,
      "measurementUnit": "L",
      "isRedPrice": false,
      "pricePerUOM": 27.94,
      "activationDate": "03-11-2022",
      "isPromoActive": "N",
      "priceChangeCode": "E",
      "quantityPricePerUOM": 26.82,
      "quantityActivationDate": "03-11-2022",
      "quantityPriceChangeCode": "H"
    },
    "isAvailable": true,
    "isPriceAvailable": true,
    "inPromo": false,
    "gtin": [
      "03328155014824",
      "03328155014817",
      "03328155011953",
      "03328155011946"
    ],
    "topCategoryName": "Wijn",
    "topCategoryId": "421",
    "businessDomain": "RETAIL_BE",
    "IsPrivateLabel": false,
    "IsBiffe": false,
    "WeightconversionFactor": "0",
    "IsWeightArticle": false,
    "IsBio": false,
    "CountryOfOrigin": "FRANKRIJK",
    "IsExclusivelySoldInLuxembourg": false,
    "OrderUnit": "P",
    "ShortName": "CH DE BEL AIR 75CL",
    "IsNew": false,
    "RecentQuanityOfStockUnits": "1,6,1",
    "LongName": "Château de Bel Air 75cl",
    "AlcoholVolume": "15",
    "FicCode": "E"
  },
  {
    "productId": "303014",
    "technicalArticleNumber": "3718878",
    "commercialArticleNumber": "10933",
    "name": "Harmony demi-s. 12%",
    "description": "FRANKRIJK CHAMPAGNE DEMI-SEC\nVan het huis Laurent-Perrier in\nTours-sur-Marne. Nieuwe kwaliteit\n\"Harmony\" met 1 extra jaar rijping",
    "brand": "LAURENT-PERRIER",
    "seoBrand": "Laurent-Perrier",
    "thumbNail": "https://static.colruytgroup.com/images/200x200/std.lang.all/98/33/asset-1919833.jpg",
    "fullImage": "https://static.colruytgroup.com/images/500x500/std.lang.all/98/33/asset-1919833.jpg",
    "squareImage": "https://static.colruytgroup.com/images/500x500sq/std.lang.all/98/33/asset-1919833.jpg",
    "content": "75cl",
    "walkRouteSequenceNumber": 472,
    "price": {
      "basicPrice": 42.99,
      "recommendedQuantity": "1.0",
      "measurementUnitPrice": 57.32,
      "measurementUnit": "L",
      "isRedPrice": false,
      "pricePerUOM": 57.32,
      "activationDate": "04-01-2024",
      "recordSource": "Offline",
      "isPromoActive": "N",
      "priceChangeCode": "H"
    },
    "isAvailable": true,
    "isPriceAvailable": true,
    "inPromo": false,
    "gtin": [
      "03258430040623",
      "03258434110001",
      "03258430040128",
      "03258430038958",
      "03258430036183",
      "03258430036176",
      "00084878156007"
    ],
    "topCategoryName": "Wijn",
    "topCategoryId": "421",
    "businessDomain": "RETAIL_BE",
    "IsPrivateLabel": false,
    "IsBiffe": false,
    "WeightconversionFactor": "0",
    "IsWeightArticle": false,
    "IsBio": false,
    "CountryOfOrigin": "FRANKRIJK",
    "IsExclusivelySoldInLuxembourg": false,
    "OrderUnit": "P",
    "ShortName": "/LAPE HARMONY D-SEC75CL",
    "IsNew": false,
    "EcoscoreLabel": "C",
    "RecentQuanityOfStockUnits": "1,1",
    "LongName": "LAURENT-PERRIER Harmony demi-s. 12% 75cl",
    "AlcoholVolume": "12",
    "FicCode": "E",
    "EcoscoreValue": "58"
  },
  {
    "productId": "776445",
    "technicalArticleNumber": "4568281",
    "commercialArticleNumber": "10773",
    "name": "Ch.La Villadière Lussac St-Emilion",
    "description": "FRANKRIJK LUSSAC ST EMILION\nSoepele en fruitige wijn,\nmet een bewaarpotentieel van 5 jaar.\nBij rood en wit vlees, kaasschotel.",
    "thumbNail": "https://static.colruytgroup.com/images/200x200/std.lang.all/93/49/asset-2809349.jpg",
    "fullImage": "https://static.colruytgroup.com/images/500x500/std.lang.all/93/49/asset-2809349.jpg",
    "squareImage": "https://static.colruytgroup.com/images/500x500sq/std.lang.all/93/49/asset-2809349.jpg",
    "content": "75cl",
    "walkRouteSequenceNumber": 103,
    "price": {
      "basicPrice": 12.75,
      "recommendedQuantity": "1.0",
      "quantityPrice": 11.73,
      "quantityPriceQuantity": "3.0",
      "measurementUnitPrice": 17,
      "measurementUnitQuantityPrice": 15.64,
      "measurementUnit": "L",
      "isRedPrice": false,
      "pricePerUOM": 17,
      "activationDate": "17-02-2024",
      "isPromoActive": "N",
      "priceChangeCode": "E",
      "quantityPricePerUOM": 15.64,
      "quantityActivationDate": "17-02-2024",
      "quantityPriceChangeCode": "E"
    },
    "isAvailable": true,
    "isPriceAvailable": true,
    "inPromo": false,
    "gtin": [
      "03436456192032",
      "03436456192018",
      "03436456202038",
      "03436456202014"
    ],
    "topCategoryName": "Wijn",
    "topCategoryId": "421",
    "businessDomain": "RETAIL_BE",
    "IsPrivateLabel": false,
    "IsBiffe": false,
    "WeightconversionFactor": "0",
    "IsWeightArticle": false,
    "IsBio": false,
    "CountryOfOrigin": "FRANKRIJK",
    "IsExclusivelySoldInLuxembourg": false,
    "OrderUnit": "P",
    "ShortName": "CH LA VILLADIERE",
    "IsNew": false,
    "RecentQuanityOfStockUnits": "3,3,1,1",
    "LongName": "Ch.La Villadière Lussac St-Emilion 75cl",
    "AlcoholVolume": "14.5",
    "FicCode": "E"
  },
  {
    "productId": "708756",
    "technicalArticleNumber": "4448521",
    "commercialArticleNumber": "26341",
    "name": "Château Roc de Canon",
    "description": "Klein familiaal domein in\nCanon-Fronsac nabij Libourne.\nBijna uitsluitend merlotdruif,\nmet rijping in houten vaten.",
    "thumbNail": "https://static.colruytgroup.com/images/200x200/std.lang.all/80/15/asset-3248015.jpg",
    "fullImage": "https://static.colruytgroup.com/images/500x500/std.lang.all/80/15/asset-3248015.jpg",
    "squareImage": "https://static.colruytgroup.com/images/500x500sq/std.lang.all/80/15/asset-3248015.jpg",
    "content": "75cl",
    "walkRouteSequenceNumber": 91,
    "price": {
      "basicPrice": 9.45,
      "recommendedQuantity": "1.0",
      "quantityPrice": 9.07,
      "quantityPriceQuantity": "6.0",
      "measurementUnitPrice": 12.6,
      "measurementUnitQuantityPrice": 12.1,
      "measurementUnit": "L",
      "isRedPrice": false,
      "pricePerUOM": 12.6,
      "activationDate": "04-11-2022",
      "isPromoActive": "N",
      "priceChangeCode": "E",
      "quantityPricePerUOM": 12.1,
      "quantityActivationDate": "04-11-2022",
      "quantityPriceChangeCode": "H"
    },
    "isAvailable": true,
    "isPriceAvailable": true,
    "inPromo": false,
    "gtin": [
      "03770009068758",
      "03770009068550",
      "03770009068567",
      "03770009068741"
    ],
    "topCategoryName": "Wijn",
    "topCategoryId": "421",
    "businessDomain": "RETAIL_BE",
    "IsPrivateLabel": false,
    "IsBiffe": false,
    "WeightconversionFactor": "0",
    "IsWeightArticle": false,
    "IsBio": false,
    "CountryOfOrigin": "FRANKRIJK",
    "IsExclusivelySoldInLuxembourg": false,
    "OrderUnit": "P",
    "ShortName": "CH ROC DE CANON",
    "IsNew": false,
    "RecentQuanityOfStockUnits": "6,1,6,1",
    "LongName": "Château Roc de Canon 75cl",
    "AlcoholVolume": "14",
    "FicCode": "E"
  },
  {
    "productId": "788293",
    "technicalArticleNumber": "4591689",
    "commercialArticleNumber": "27487",
    "name": "Château Fourcas Dupré",
    "description": "Karaktervolle wijn uit de A.O.P.\nListrac in de Médoc. Krachtige\nrode wijn voor bij pittige schotels\nvan rood vlees (bvb met mosterd).",
    "thumbNail": "https://static.colruytgroup.com/images/200x200/std.lang.all/53/68/asset-2795368.jpg",
    "fullImage": "https://static.colruytgroup.com/images/500x500/std.lang.all/53/68/asset-2795368.jpg",
    "squareImage": "https://static.colruytgroup.com/images/500x500sq/std.lang.all/53/68/asset-2795368.jpg",
    "content": "75cl",
    "walkRouteSequenceNumber": 56,
    "price": {
      "basicPrice": 13.5,
      "recommendedQuantity": "1.0",
      "quantityPrice": 12.96,
      "quantityPriceQuantity": "6.0",
      "measurementUnitPrice": 18,
      "measurementUnitQuantityPrice": 17.28,
      "measurementUnit": "L",
      "isRedPrice": false,
      "pricePerUOM": 18,
      "activationDate": "01-08-2023",
      "isPromoActive": "N",
      "priceChangeCode": "H",
      "quantityPricePerUOM": 17.28,
      "quantityActivationDate": "01-08-2023",
      "quantityPriceChangeCode": "E"
    },
    "isAvailable": true,
    "isPriceAvailable": true,
    "inPromo": false,
    "gtin": [
      "03760087181593",
      "03760087181494",
      "03760087181944"
    ],
    "topCategoryName": "Wijn",
    "topCategoryId": "421",
    "businessDomain": "RETAIL_BE",
    "IsPrivateLabel": false,
    "IsBiffe": false,
    "WeightconversionFactor": "0",
    "IsWeightArticle": false,
    "IsBio": false,
    "CountryOfOrigin": "FRANKRIJK",
    "IsExclusivelySoldInLuxembourg": false,
    "OrderUnit": "P",
    "ShortName": "CH FOURCAS DUPRE 19",
    "IsNew": false,
    "RecentQuanityOfStockUnits": "1,6",
    "LongName": "Château Fourcas Dupré 75cl",
    "AlcoholVolume": "13.5",
    "FicCode": "E"
  },
  {
    "productId": "851361",
    "technicalArticleNumber": "4699386",
    "commercialArticleNumber": "30949",
    "name": "Museum Rose D.O Cigales",
    "description": "SPANJE ROSE CIGALES\nFijne en elegante rosé, fruitig en\naromatisch. Subtiel floraal boeket,\nmet aroma's van rijp geel fruit.",
    "thumbNail": "https://static.colruytgroup.com/images/200x200/std.lang.all/18/06/asset-3161806.jpg",
    "fullImage": "https://static.colruytgroup.com/images/500x500/std.lang.all/18/06/asset-3161806.jpg",
    "squareImage": "https://static.colruytgroup.com/images/500x500sq/std.lang.all/18/06/asset-3161806.jpg",
    "content": "75cl",
    "walkRouteSequenceNumber": 454,
    "price": {
      "basicPrice": 7.49,
      "recommendedQuantity": "1.0",
      "quantityPrice": 7.19,
      "quantityPriceQuantity": "6.0",
      "measurementUnitPrice": 9.99,
      "measurementUnitQuantityPrice": 9.59,
      "measurementUnit": "L",
      "isRedPrice": false,
      "pricePerUOM": 9.99,
      "activationDate": "03-05-2023",
      "isPromoActive": "N",
      "priceChangeCode": "H",
      "quantityPricePerUOM": 9.59,
      "quantityActivationDate": "03-05-2023",
      "quantityPriceChangeCode": "E"
    },
    "isAvailable": true,
    "isPriceAvailable": true,
    "inPromo": false,
    "gtin": [
      "08437010036170",
      "08437010036187"
    ],
    "topCategoryName": "Wijn",
    "topCategoryId": "421",
    "businessDomain": "RETAIL_BE",
    "IsPrivateLabel": false,
    "IsBiffe": false,
    "WeightconversionFactor": "0",
    "IsWeightArticle": false,
    "IsBio": false,
    "CountryOfOrigin": "SPANJE",
    "IsExclusivelySoldInLuxembourg": false,
    "OrderUnit": "P",
    "ShortName": "MUSEUM ROSE 75CL",
    "InSeason": true,
    "IsNew": false,
    "RecentQuanityOfStockUnits": "1,6",
    "LongName": "Museum Rose D.O Cigales 75cl",
    "AlcoholVolume": "13",
    "StartSeasonDate": "26/01/2024",
    "FicCode": "E"
  },
  {
    "productId": "1172",
    "technicalArticleNumber": "17826",
    "commercialArticleNumber": "17826",
    "name": "1er Cru brut",
    "description": "FRANKRIJK CHAMPAGNE DROOG\n1er cru. Er zijn slechts 41 crus die\ndeze benaming 1er cru mogen gebruiken\n67 % chardonnay en 33 % pinot noir.\nAls aperitief maar ook bij gerechten.",
    "brand": "MARQUIS DE VILLON",
    "seoBrand": "Marquis de Villon",
    "thumbNail": "https://static.colruytgroup.com/images/200x200/std.lang.all/84/24/asset-1898424.jpg",
    "fullImage": "https://static.colruytgroup.com/images/500x500/std.lang.all/84/24/asset-1898424.jpg",
    "squareImage": "https://static.colruytgroup.com/images/500x500sq/std.lang.all/84/24/asset-1898424.jpg",
    "content": "75cl",
    "walkRouteSequenceNumber": 427,
    "price": {
      "basicPrice": 30.99,
      "recommendedQuantity": "1.0",
      "measurementUnitPrice": 41.32,
      "measurementUnit": "L",
      "isRedPrice": false,
      "pricePerUOM": 41.32,
      "activationDate": "15-02-2024",
      "recordSource": "Offline",
      "isPromoActive": "N",
      "priceChangeCode": "E"
    },
    "isAvailable": true,
    "isPriceAvailable": true,
    "inPromo": false,
    "gtin": [
      "15400141907237",
      "05400141104233"
    ],
    "topCategoryName": "Wijn",
    "topCategoryId": "421",
    "businessDomain": "RETAIL_BE",
    "IsPrivateLabel": true,
    "IsBiffe": false,
    "WeightconversionFactor": "0",
    "IsWeightArticle": false,
    "IsBio": false,
    "CountryOfOrigin": "FRANKRIJK",
    "IsExclusivelySoldInLuxembourg": false,
    "OrderUnit": "P",
    "ShortName": "CHAMP VILLON 1ER CRU",
    "IsNew": false,
    "EcoscoreLabel": "D",
    "RecentQuanityOfStockUnits": "1,6",
    "LongName": "MARQUIS DE VILLON 1er Cru brut 75cl",
    "AlcoholVolume": "12",
    "FicCode": "I",
    "EcoscoreValue": "36"
  },
  {
    "productId": "1173",
    "technicalArticleNumber": "17827",
    "commercialArticleNumber": "17827",
    "name": "demi sec",
    "description": "FRANKRIJK CHAMPAGNE HALFZOET\nMooi en elegant. Gemaakt uit de tra-\nditionele druiven Chardonnay, Pinot\nMeunier en Pinot Noir. Ideaal als\naperitief en recepties.",
    "brand": "MARQUIS DE VILLON",
    "seoBrand": "Marquis de Villon",
    "thumbNail": "https://static.colruytgroup.com/images/200x200/std.lang.all/39/99/asset-713999.jpg",
    "fullImage": "https://static.colruytgroup.com/images/500x500/std.lang.all/39/99/asset-713999.jpg",
    "squareImage": "https://static.colruytgroup.com/images/500x500sq/std.lang.all/39/99/asset-713999.jpg",
    "content": "75cl",
    "walkRouteSequenceNumber": 434,
    "price": {
      "basicPrice": 27.99,
      "recommendedQuantity": "1.0",
      "measurementUnitPrice": 37.32,
      "measurementUnit": "L",
      "isRedPrice": false,
      "pricePerUOM": 37.32,
      "activationDate": "15-02-2024",
      "recordSource": "Offline",
      "isPromoActive": "N",
      "priceChangeCode": "H"
    },
    "isAvailable": true,
    "isPriceAvailable": true,
    "inPromo": false,
    "gtin": [
      "05400141104318",
      "15400141907299"
    ],
    "topCategoryName": "Wijn",
    "topCategoryId": "421",
    "businessDomain": "RETAIL_BE",
    "IsPrivateLabel": true,
    "IsBiffe": false,
    "WeightconversionFactor": "0",
    "IsWeightArticle": false,
    "IsBio": false,
    "CountryOfOrigin": "FRANKRIJK",
    "IsExclusivelySoldInLuxembourg": false,
    "OrderUnit": "P",
    "ShortName": "CHAMP VILLON D/SEC 75CL",
    "IsNew": false,
    "EcoscoreLabel": "D",
    "RecentQuanityOfStockUnits": "1",
    "LongName": "MARQUIS DE VILLON demi sec 75cl",
    "AlcoholVolume": "12.5",
    "FicCode": "I",
    "EcoscoreValue": "34"
  },
  {
    "productId": "717741",
    "technicalArticleNumber": "4466614",
    "commercialArticleNumber": "26857",
    "name": "Libertin de Lussac",
    "description": "Tweede wijn van Château de Lussac.\nVoortreffelijke wijn uit deze\nsatelliet St Emilion, een referentie\nin de streek. Zeer geslaagd jaartal.",
    "thumbNail": "https://static.colruytgroup.com/images/200x200/std.lang.all/71/30/asset-2697130.jpg",
    "fullImage": "https://static.colruytgroup.com/images/500x500/std.lang.all/71/30/asset-2697130.jpg",
    "squareImage": "https://static.colruytgroup.com/images/500x500sq/std.lang.all/71/30/asset-2697130.jpg",
    "content": "75cl",
    "walkRouteSequenceNumber": 94,
    "price": {
      "basicPrice": 12.59,
      "recommendedQuantity": "1.0",
      "quantityPrice": 12.09,
      "quantityPriceQuantity": "6.0",
      "measurementUnitPrice": 16.79,
      "measurementUnitQuantityPrice": 16.12,
      "measurementUnit": "L",
      "isRedPrice": false,
      "pricePerUOM": 16.79,
      "activationDate": "14-11-2023",
      "isPromoActive": "N",
      "priceChangeCode": "E",
      "quantityPricePerUOM": 16.12,
      "quantityActivationDate": "14-11-2023",
      "quantityPriceChangeCode": "E"
    },
    "isAvailable": true,
    "isPriceAvailable": true,
    "inPromo": false,
    "gtin": [
      "03760092031920",
      "03760092031944"
    ],
    "topCategoryName": "Wijn",
    "topCategoryId": "421",
    "businessDomain": "RETAIL_BE",
    "IsPrivateLabel": false,
    "IsBiffe": false,
    "WeightconversionFactor": "0",
    "IsWeightArticle": false,
    "IsBio": false,
    "CountryOfOrigin": "FRANKRIJK",
    "IsExclusivelySoldInLuxembourg": false,
    "OrderUnit": "P",
    "ShortName": "LIBERTIN DE LUSSAC 75CL",
    "IsNew": false,
    "RecentQuanityOfStockUnits": "1,1,6,6",
    "LongName": "Libertin de Lussac 75cl",
    "AlcoholVolume": "14",
    "FicCode": "E"
  },
  {
    "productId": "718579",
    "technicalArticleNumber": "4466973",
    "commercialArticleNumber": "26869",
    "name": "Château Lalande",
    "description": "St Julien. Eén van de laatste \"kleine\"\nfamiliale domeinen. De wijngaarden\nzijn gelegen tussen de grote crus en\nde wijn is vergelijkbaar met de grote\nSt Juliens.",
    "thumbNail": "https://static.colruytgroup.com/images/200x200/std.lang.all/91/49/asset-2519149.jpg",
    "fullImage": "https://static.colruytgroup.com/images/500x500/std.lang.all/91/49/asset-2519149.jpg",
    "squareImage": "https://static.colruytgroup.com/images/500x500sq/std.lang.all/91/49/asset-2519149.jpg",
    "content": "75cl",
    "walkRouteSequenceNumber": 18,
    "price": {
      "basicPrice": 24.95,
      "recommendedQuantity": "1.0",
      "quantityPrice": 23.95,
      "quantityPriceQuantity": "6.0",
      "measurementUnitPrice": 33.27,
      "measurementUnitQuantityPrice": 31.94,
      "measurementUnit": "L",
      "isRedPrice": false,
      "pricePerUOM": 33.27,
      "activationDate": "04-11-2022",
      "isPromoActive": "N",
      "priceChangeCode": "E",
      "quantityPricePerUOM": 31.94,
      "quantityActivationDate": "04-11-2022",
      "quantityPriceChangeCode": "H"
    },
    "isAvailable": true,
    "isPriceAvailable": true,
    "inPromo": false,
    "gtin": [
      "03760150610456",
      "03760150613440",
      "03760150613457",
      "03760150613464",
      "03760150610463",
      "03760150611446",
      "03760150610449"
    ],
    "topCategoryName": "Wijn",
    "topCategoryId": "421",
    "businessDomain": "RETAIL_BE",
    "IsPrivateLabel": false,
    "IsBiffe": false,
    "WeightconversionFactor": "0",
    "IsWeightArticle": false,
    "IsBio": false,
    "CountryOfOrigin": "FRANKRIJK",
    "IsExclusivelySoldInLuxembourg": false,
    "OrderUnit": "P",
    "ShortName": "CH LALANDE SAINT-JULIEN",
    "IsNew": false,
    "EcoscoreLabel": "D",
    "RecentQuanityOfStockUnits": "1,1,1,6",
    "LongName": "Château Lalande 75cl",
    "AlcoholVolume": "15",
    "FicCode": "E",
    "EcoscoreValue": "22"
  },
  {
    "productId": "687182",
    "technicalArticleNumber": "4411477",
    "commercialArticleNumber": "25454",
    "name": "Château Vincent AOP Fronsac",
    "description": "Klassieker fronsac familiedomein Roux\nKrachtige en robuuste maar toch\nsoepele (merlotdruif) wijn\nGroot bewaarpotentieel.",
    "thumbNail": "https://static.colruytgroup.com/images/200x200/std.lang.all/15/15/asset-2701515.jpg",
    "fullImage": "https://static.colruytgroup.com/images/500x500/std.lang.all/15/15/asset-2701515.jpg",
    "squareImage": "https://static.colruytgroup.com/images/500x500sq/std.lang.all/15/15/asset-2701515.jpg",
    "content": "75cl",
    "walkRouteSequenceNumber": 97,
    "price": {
      "basicPrice": 9.75,
      "recommendedQuantity": "1.0",
      "quantityPrice": 9.36,
      "quantityPriceQuantity": "6.0",
      "measurementUnitPrice": 13,
      "measurementUnitQuantityPrice": 12.48,
      "measurementUnit": "L",
      "isRedPrice": false,
      "pricePerUOM": 13,
      "activationDate": "04-10-2023",
      "isPromoActive": "N",
      "priceChangeCode": "E",
      "quantityPricePerUOM": 12.48,
      "quantityActivationDate": "04-10-2023",
      "quantityPriceChangeCode": "E"
    },
    "isAvailable": true,
    "isPriceAvailable": true,
    "inPromo": false,
    "gtin": [
      "03770009068505",
      "03770009068512",
      "03770009068734",
      "03770009068727"
    ],
    "topCategoryName": "Wijn",
    "topCategoryId": "421",
    "businessDomain": "RETAIL_BE",
    "IsPrivateLabel": false,
    "IsBiffe": false,
    "WeightconversionFactor": "0",
    "IsWeightArticle": false,
    "IsBio": false,
    "CountryOfOrigin": "FRANKRIJK",
    "IsExclusivelySoldInLuxembourg": false,
    "OrderUnit": "P",
    "ShortName": "CH VINCENT",
    "IsNew": false,
    "RecentQuanityOfStockUnits": "6,1",
    "LongName": "Château Vincent AOP Fronsac 75cl",
    "AlcoholVolume": "14.5",
    "FicCode": "E"
  },
  {
    "productId": "107154",
    "technicalArticleNumber": "3094178",
    "commercialArticleNumber": "42661",
    "name": "Bourgogne Chardonnay C.C.M.",
    "description": "FRANKRIJK BOURGOGNE DROOG WIT\nKlassevolle Chardonnay uit Château de\nChassagne-Montrachet.Vet, intens en\nelegant. Lekkere houttoetsen. Ideaal\nbij vis, wit vlees, kazen. QAA",
    "thumbNail": "https://static.colruytgroup.com/images/200x200/std.lang.all/49/96/asset-1124996.jpg",
    "fullImage": "https://static.colruytgroup.com/images/500x500/std.lang.all/49/96/asset-1124996.jpg",
    "squareImage": "https://static.colruytgroup.com/images/500x500sq/std.lang.all/49/96/asset-1124996.jpg",
    "content": "75cl",
    "walkRouteSequenceNumber": 106,
    "price": {
      "basicPrice": 16.25,
      "recommendedQuantity": "1.0",
      "quantityPrice": 15.6,
      "quantityPriceQuantity": "6.0",
      "measurementUnitPrice": 21.67,
      "measurementUnitQuantityPrice": 20.8,
      "measurementUnit": "L",
      "isRedPrice": false,
      "pricePerUOM": 21.67,
      "activationDate": "14-07-2023",
      "isPromoActive": "N",
      "priceChangeCode": "H",
      "quantityPricePerUOM": 20.8,
      "quantityActivationDate": "14-07-2023",
      "quantityPriceChangeCode": "H"
    },
    "isAvailable": true,
    "isPriceAvailable": true,
    "inPromo": false,
    "gtin": [
      "03267686014289",
      "03267680009953",
      "03267680090173",
      "03267680091361"
    ],
    "topCategoryName": "Wijn",
    "topCategoryId": "421",
    "businessDomain": "RETAIL_BE",
    "IsPrivateLabel": false,
    "IsBiffe": false,
    "WeightconversionFactor": "0",
    "IsWeightArticle": false,
    "IsBio": false,
    "CountryOfOrigin": "FRANKRIJK",
    "IsExclusivelySoldInLuxembourg": false,
    "OrderUnit": "P",
    "ShortName": "BOURGOGNE CHARDONNAY CM",
    "InSeason": true,
    "IsNew": false,
    "RecentQuanityOfStockUnits": "1,6",
    "LongName": "Bourgogne Chardonnay C.C.M. 75cl",
    "AlcoholVolume": "13",
    "StartSeasonDate": "02/07/2020",
    "FicCode": "E"
  },
  {
    "productId": "617004",
    "technicalArticleNumber": "4293498",
    "commercialArticleNumber": "9753",
    "name": "Château l'Apolline St-Emilion GC",
    "description": "Saint emilion Grand Cru,\ngoedkoopste in zijn assortiment.\n1 houten vatrijping.",
    "thumbNail": "https://static.colruytgroup.com/images/200x200/std.lang.all/67/67/asset-2286767.jpg",
    "fullImage": "https://static.colruytgroup.com/images/500x500/std.lang.all/67/67/asset-2286767.jpg",
    "squareImage": "https://static.colruytgroup.com/images/500x500sq/std.lang.all/67/67/asset-2286767.jpg",
    "content": "75cl",
    "walkRouteSequenceNumber": 132,
    "price": {
      "basicPrice": 10.95,
      "recommendedQuantity": "1.0",
      "quantityPrice": 10.49,
      "quantityPriceQuantity": "2.0",
      "measurementUnitPrice": 14.6,
      "measurementUnitQuantityPrice": 13.99,
      "measurementUnit": "L",
      "isRedPrice": false,
      "pricePerUOM": 14.6,
      "activationDate": "22-03-2024",
      "recordSource": "Offline",
      "isPromoActive": "N",
      "priceChangeCode": "E",
      "quantityPricePerUOM": 13.99,
      "quantityActivationDate": "22-03-2024",
      "quantityPriceChangeCode": "E"
    },
    "isAvailable": true,
    "isPriceAvailable": true,
    "inPromo": false,
    "gtin": [
      "03700325914385",
      "03700325914378",
      "03700325900036",
      "03700325900043",
      "03700325913685",
      "03700325913692"
    ],
    "topCategoryName": "Wijn",
    "topCategoryId": "421",
    "businessDomain": "RETAIL_BE",
    "IsPrivateLabel": false,
    "IsBiffe": false,
    "WeightconversionFactor": "0",
    "IsWeightArticle": false,
    "IsBio": false,
    "CountryOfOrigin": "FRANKRIJK",
    "IsExclusivelySoldInLuxembourg": false,
    "OrderUnit": "P",
    "ShortName": "CH LAPOLLINE ST EM GC",
    "IsNew": false,
    "RecentQuanityOfStockUnits": "1,1",
    "LongName": "Château l'Apolline St-Emilion GC 75cl",
    "AlcoholVolume": "14",
    "FicCode": "E"
  },
  {
    "productId": "724410",
    "technicalArticleNumber": "4477242",
    "commercialArticleNumber": "5751",
    "name": "Château Padarnac Pauillac",
    "description": "Grote wijn uit Pauillac, wijngaarden\ngelegen in het midden van de AOP.\nVoortreffelijke prijs/kwaliteit\nverhouding.",
    "thumbNail": "https://static.colruytgroup.com/images/200x200/std.lang.all/15/16/asset-2701516.jpg",
    "fullImage": "https://static.colruytgroup.com/images/500x500/std.lang.all/15/16/asset-2701516.jpg",
    "squareImage": "https://static.colruytgroup.com/images/500x500sq/std.lang.all/15/16/asset-2701516.jpg",
    "content": "75cl",
    "walkRouteSequenceNumber": 16,
    "price": {
      "basicPrice": 19.99,
      "recommendedQuantity": "1.0",
      "measurementUnitPrice": 26.66,
      "measurementUnit": "L",
      "isRedPrice": false,
      "pricePerUOM": 26.66,
      "activationDate": "22-02-2024",
      "recordSource": "Offline",
      "isPromoActive": "N",
      "priceChangeCode": "E"
    },
    "isAvailable": true,
    "isPriceAvailable": true,
    "inPromo": false,
    "gtin": [
      "03433330082052",
      "03433330082069",
      "03433330076815",
      "03433330076822"
    ],
    "topCategoryName": "Wijn",
    "topCategoryId": "421",
    "businessDomain": "RETAIL_BE",
    "IsPrivateLabel": false,
    "IsBiffe": false,
    "WeightconversionFactor": "0",
    "IsWeightArticle": false,
    "IsBio": false,
    "CountryOfOrigin": "FRANKRIJK",
    "IsExclusivelySoldInLuxembourg": false,
    "OrderUnit": "P",
    "ShortName": "CH PADARNAC",
    "IsNew": false,
    "RecentQuanityOfStockUnits": "1,6,1",
    "LongName": "Château Padarnac Pauillac 75cl",
    "AlcoholVolume": "13",
    "FicCode": "E"
  },
  {
    "productId": "201974",
    "technicalArticleNumber": "3421347",
    "commercialArticleNumber": "158702",
    "name": "druppelstop",
    "brand": "BONI",
    "seoBrand": "Boni Selection",
    "thumbNail": "https://static.colruytgroup.com/images/200x200/std.lang.all/37/58/asset-2933758.jpg",
    "fullImage": "https://static.colruytgroup.com/images/500x500/std.lang.all/37/58/asset-2933758.jpg",
    "squareImage": "https://static.colruytgroup.com/images/500x500sq/std.lang.all/37/58/asset-2933758.jpg",
    "content": "3st",
    "walkRouteSequenceNumber": 666,
    "price": {
      "basicPrice": 4.39,
      "recommendedQuantity": "1.0",
      "measurementUnitPrice": 1.47,
      "measurementUnit": "S",
      "isRedPrice": false,
      "pricePerUOM": 1.47,
      "activationDate": "14-11-2022",
      "isPromoActive": "N",
      "priceChangeCode": "E"
    },
    "isAvailable": true,
    "isPriceAvailable": true,
    "inPromo": false,
    "gtin": [
      "05400141359787",
      "05400141228823",
      "01500141228824",
      "15400141831204",
      "15400141369783",
      "15400141359784",
      "25400141228827"
    ],
    "topCategoryName": "Wijn",
    "topCategoryId": "421",
    "businessDomain": "NON_FOOD",
    "IsPrivateLabel": true,
    "IsBiffe": false,
    "IsWeightArticle": false,
    "RecentQuanityOfStockUnits": "1,1",
    "LongName": "BONI druppelstop 3st",
    "IsBio": false,
    "CountryOfOrigin": "DENEMARKEN",
    "FicCode": "N",
    "OrderUnit": "P",
    "ShortName": "BONI DRUPPELSTOP 3ST",
    "IsNew": false
  },
  {
    "productId": "726735",
    "technicalArticleNumber": "4481439",
    "commercialArticleNumber": "16875",
    "name": "AOP Margaux",
    "description": "FRANKRIJK BORDEAUX MARGAUX ROOD\nVoortreffelijke Margaux die deel\nuitmaakt van ons vast assortiment\nkasteelwijn. Nadruk op fruitigheid\nen discreet hout.",
    "brand": "CH.TOUR DE BESSAN",
    "seoBrand": "Château La Tour de Bessan",
    "thumbNail": "https://static.colruytgroup.com/images/200x200/std.lang.all/80/16/asset-3248016.jpg",
    "fullImage": "https://static.colruytgroup.com/images/500x500/std.lang.all/80/16/asset-3248016.jpg",
    "squareImage": "https://static.colruytgroup.com/images/500x500sq/std.lang.all/80/16/asset-3248016.jpg",
    "content": "75cl",
    "walkRouteSequenceNumber": 39,
    "price": {
      "basicPrice": 22.95,
      "recommendedQuantity": "1.0",
      "quantityPrice": 22.03,
      "quantityPriceQuantity": "6.0",
      "measurementUnitPrice": 30.6,
      "measurementUnitQuantityPrice": 29.38,
      "measurementUnit": "L",
      "isRedPrice": false,
      "pricePerUOM": 30.6,
      "activationDate": "05-11-2022",
      "isPromoActive": "N",
      "priceChangeCode": "E",
      "quantityPricePerUOM": 29.38,
      "quantityActivationDate": "05-11-2022",
      "quantityPriceChangeCode": "H"
    },
    "isAvailable": true,
    "isPriceAvailable": true,
    "inPromo": false,
    "gtin": [
      "03760255770840",
      "03760255770963",
      "03760255770772",
      "03760255770659"
    ],
    "topCategoryName": "Wijn",
    "topCategoryId": "421",
    "businessDomain": "RETAIL_BE",
    "IsPrivateLabel": false,
    "IsBiffe": false,
    "WeightconversionFactor": "0",
    "IsWeightArticle": false,
    "IsBio": false,
    "CountryOfOrigin": "FRANKRIJK",
    "IsExclusivelySoldInLuxembourg": false,
    "OrderUnit": "P",
    "ShortName": "CH LA TOUR DE BESSAN",
    "IsNew": false,
    "RecentQuanityOfStockUnits": "1,1,6",
    "LongName": "CH.TOUR DE BESSAN AOP Margaux 75cl",
    "AlcoholVolume": "13.5",
    "FicCode": "E"
  },
  {
    "productId": "765543",
    "technicalArticleNumber": "4545038",
    "commercialArticleNumber": "7396",
    "name": "Champ des Murailles rosé Prém.Bio",
    "description": "Rosé uit de Corbières. Fruitig, fijn,\nelegant en complex met een heel\nmooie lengte.\nVoor de betere aperitieven en\ngerechten.",
    "thumbNail": "https://static.colruytgroup.com/images/200x200/std.lang.all/66/75/asset-3456675.jpg",
    "fullImage": "https://static.colruytgroup.com/images/500x500/std.lang.all/66/75/asset-3456675.jpg",
    "squareImage": "https://static.colruytgroup.com/images/500x500sq/std.lang.all/66/75/asset-3456675.jpg",
    "content": "75cl",
    "walkRouteSequenceNumber": 441,
    "price": {
      "basicPrice": 9.89,
      "recommendedQuantity": "1.0",
      "measurementUnitPrice": 13.19,
      "measurementUnit": "L",
      "isRedPrice": false,
      "pricePerUOM": 13.19,
      "activationDate": "18-09-2023",
      "isPromoActive": "N",
      "priceChangeCode": "H"
    },
    "isAvailable": true,
    "isPriceAvailable": true,
    "inPromo": false,
    "gtin": [
      "03418230007503",
      "03418230007510"
    ],
    "topCategoryName": "Wijn",
    "topCategoryId": "421",
    "businessDomain": "RETAIL_BE",
    "IsPrivateLabel": false,
    "IsBiffe": false,
    "WeightconversionFactor": "0",
    "IsWeightArticle": false,
    "IsBio": true,
    "CountryOfOrigin": "FRANKRIJK",
    "IsExclusivelySoldInLuxembourg": false,
    "OrderUnit": "P",
    "ShortName": "MURAILLES ROSE PREM BIO",
    "InSeason": true,
    "IsNew": false,
    "RecentQuanityOfStockUnits": "1",
    "LongName": "Champ des Murailles rosé Prém.Bio 75cl",
    "AlcoholVolume": "12",
    "StartSeasonDate": "26/01/2024",
    "FicCode": "E"
  },
  {
    "productId": "28712",
    "technicalArticleNumber": "1993831",
    "commercialArticleNumber": "17811",
    "name": "B. de Blanc 1 cru",
    "description": "FRANKRIJK CHAMPAGNE DROOG.\nVervaardigd uit 100 % chardonnaydruif\nZeer elegante, frisse champagne.\nFlorale neus met toetsen van boter.\nLange afdronk. Ideaal als aperitief.",
    "brand": "MARQUIS DE VILLON",
    "seoBrand": "Marquis de Villon",
    "thumbNail": "https://static.colruytgroup.com/images/200x200/std.lang.all/32/81/asset-1753281.jpg",
    "fullImage": "https://static.colruytgroup.com/images/500x500/std.lang.all/32/81/asset-1753281.jpg",
    "squareImage": "https://static.colruytgroup.com/images/500x500sq/std.lang.all/32/81/asset-1753281.jpg",
    "content": "75cl",
    "walkRouteSequenceNumber": 421,
    "price": {
      "basicPrice": 32.49,
      "recommendedQuantity": "1.0",
      "measurementUnitPrice": 43.32,
      "measurementUnit": "L",
      "isRedPrice": false,
      "pricePerUOM": 43.32,
      "activationDate": "02-01-2024",
      "isPromoActive": "N",
      "priceChangeCode": "E"
    },
    "isAvailable": true,
    "isPriceAvailable": true,
    "inPromo": false,
    "gtin": [
      "15400141907312",
      "15400141270959",
      "05400141270952",
      "05400141104356"
    ],
    "topCategoryName": "Wijn",
    "topCategoryId": "421",
    "businessDomain": "RETAIL_BE",
    "IsPrivateLabel": true,
    "IsBiffe": false,
    "WeightconversionFactor": "0",
    "IsWeightArticle": false,
    "IsBio": false,
    "CountryOfOrigin": "FRANKRIJK",
    "IsExclusivelySoldInLuxembourg": false,
    "OrderUnit": "P",
    "ShortName": "MDV BLA.DE BLANC 1C 75C",
    "InSeason": true,
    "IsNew": false,
    "EcoscoreLabel": "D",
    "RecentQuanityOfStockUnits": "1,6",
    "LongName": "MARQUIS DE VILLON B. de Blanc 1 cru 75cl",
    "AlcoholVolume": "12.5",
    "StartSeasonDate": "29/09/2009",
    "FicCode": "I",
    "EcoscoreValue": "36"
  },
  {
    "productId": "853647",
    "technicalArticleNumber": "4702281",
    "commercialArticleNumber": "31196",
    "name": "Le Cengle AOP Prov.Ste Victoire Bio",
    "description": "FRANKRIJK PROVENCE Ste Victoire\nElegant, fruitig en vooral veel\nfinesse. Soepele en fruitige afdronk.\nAan te raden bij grillades, vis, tapas\nen betere gerechten.",
    "thumbNail": "https://static.colruytgroup.com/images/200x200/std.lang.all/92/44/asset-3429244.jpg",
    "fullImage": "https://static.colruytgroup.com/images/500x500/std.lang.all/92/44/asset-3429244.jpg",
    "squareImage": "https://static.colruytgroup.com/images/500x500sq/std.lang.all/92/44/asset-3429244.jpg",
    "content": "75cl",
    "walkRouteSequenceNumber": 422,
    "price": {
      "basicPrice": 10.99,
      "recommendedQuantity": "1.0",
      "measurementUnitPrice": 14.66,
      "measurementUnit": "L",
      "isRedPrice": false,
      "pricePerUOM": 14.66,
      "activationDate": "09-08-2023",
      "isPromoActive": "N",
      "priceChangeCode": "H"
    },
    "isAvailable": true,
    "isPriceAvailable": true,
    "inPromo": false,
    "gtin": [
      "03500610151385",
      "03500611193995"
    ],
    "topCategoryName": "Wijn",
    "topCategoryId": "421",
    "businessDomain": "RETAIL_BE",
    "IsPrivateLabel": false,
    "IsBiffe": false,
    "WeightconversionFactor": "0",
    "IsWeightArticle": false,
    "IsBio": true,
    "CountryOfOrigin": "FRANKRIJK",
    "IsExclusivelySoldInLuxembourg": false,
    "OrderUnit": "P",
    "ShortName": "CENGLE VICTOIRE BIO75CL",
    "InSeason": true,
    "IsNew": false,
    "RecentQuanityOfStockUnits": "1,6",
    "LongName": "Le Cengle AOP Prov.Ste Victoire Bio 75cl",
    "AlcoholVolume": "13.5",
    "StartSeasonDate": "29/02/2024",
    "FicCode": "E"
  },
  {
    "productId": "87587",
    "technicalArticleNumber": "3022862",
    "commercialArticleNumber": "1227",
    "name": "brut Grand Cru",
    "description": "Champagne Brut Noir Grand Cru 75CL.",
    "brand": "MARQUIS DE VILLON",
    "seoBrand": "Marquis de Villon",
    "thumbNail": "https://static.colruytgroup.com/images/200x200/std.lang.all/40/84/asset-714084.jpg",
    "fullImage": "https://static.colruytgroup.com/images/500x500/std.lang.all/40/84/asset-714084.jpg",
    "squareImage": "https://static.colruytgroup.com/images/500x500sq/std.lang.all/40/84/asset-714084.jpg",
    "content": "75cl",
    "walkRouteSequenceNumber": 463,
    "price": {
      "basicPrice": 33.99,
      "recommendedQuantity": "1.0",
      "measurementUnitPrice": 45.32,
      "measurementUnit": "L",
      "isRedPrice": false,
      "pricePerUOM": 45.32,
      "activationDate": "13-12-2023",
      "isPromoActive": "N",
      "priceChangeCode": "E"
    },
    "isAvailable": true,
    "isPriceAvailable": true,
    "inPromo": false,
    "gtin": [
      "05400141026276",
      "15400141907275",
      "05400141104257",
      "05400141044003"
    ],
    "topCategoryName": "Wijn",
    "topCategoryId": "421",
    "businessDomain": "RETAIL_BE",
    "IsPrivateLabel": true,
    "IsBiffe": false,
    "WeightconversionFactor": "0",
    "IsWeightArticle": false,
    "IsBio": false,
    "CountryOfOrigin": "FRANKRIJK",
    "IsExclusivelySoldInLuxembourg": false,
    "OrderUnit": "P",
    "ShortName": "CHAM.GR.CRU.MARQ.VIL75C",
    "InSeason": true,
    "IsNew": false,
    "EcoscoreLabel": "D",
    "RecentQuanityOfStockUnits": "1,6",
    "LongName": "MARQUIS DE VILLON brut Grand Cru 75cl",
    "AlcoholVolume": "12.5",
    "StartSeasonDate": "26/02/2014",
    "FicCode": "I",
    "EcoscoreValue": "34"
  },
  {
    "productId": "6225",
    "technicalArticleNumber": "375106",
    "commercialArticleNumber": "375106",
    "name": "Rapid Ice Wine Cooler",
    "brand": "VACUVIN",
    "seoBrand": "Vacuvin",
    "thumbNail": "https://static.colruytgroup.com/images/200x200/std.lang.all/35/30/asset-1553530.jpg",
    "fullImage": "https://static.colruytgroup.com/images/500x500/std.lang.all/35/30/asset-1553530.jpg",
    "squareImage": "https://static.colruytgroup.com/images/500x500sq/std.lang.all/35/30/asset-1553530.jpg",
    "walkRouteSequenceNumber": 668,
    "price": {
      "basicPrice": 13.59,
      "recommendedQuantity": "1.0",
      "measurementUnitPrice": 13.59,
      "measurementUnit": "S",
      "isRedPrice": false,
      "pricePerUOM": 13.59,
      "activationDate": "05-08-2023",
      "isPromoActive": "N",
      "priceChangeCode": "E"
    },
    "isAvailable": true,
    "isPriceAvailable": true,
    "inPromo": false,
    "gtin": [
      "00084256388037",
      "05410767003858",
      "05410767121200",
      "08714793000575",
      "08714793001596",
      "08714793388031",
      "08710351100701"
    ],
    "topCategoryName": "Wijn",
    "topCategoryId": "421",
    "businessDomain": "NON_FOOD",
    "IsPrivateLabel": false,
    "IsBiffe": false,
    "IsWeightArticle": false,
    "RecentQuanityOfStockUnits": "1,1",
    "LongName": "VACUVIN Rapid Ice Wine Cooler",
    "IsBio": false,
    "AlcoholVolume": "0",
    "CountryOfOrigin": "BELGIË",
    "FicCode": "N",
    "OrderUnit": "P",
    "ShortName": "VACUVIN RAPIDICE",
    "IsNew": false
  },
  {
    "productId": "9400",
    "technicalArticleNumber": "1137069",
    "commercialArticleNumber": "510200",
    "name": "champagne Saver",
    "brand": "VACUVIN",
    "seoBrand": "Vacuvin",
    "thumbNail": "https://static.colruytgroup.com/images/200x200/std.lang.all/00/59/asset-390059.jpg",
    "fullImage": "https://static.colruytgroup.com/images/500x500/std.lang.all/00/59/asset-390059.jpg",
    "squareImage": "https://static.colruytgroup.com/images/500x500sq/std.lang.all/00/59/asset-390059.jpg",
    "walkRouteSequenceNumber": 663,
    "price": {
      "basicPrice": 14.79,
      "recommendedQuantity": "1.0",
      "measurementUnitPrice": 14.79,
      "measurementUnit": "S",
      "isRedPrice": false,
      "pricePerUOM": 14.79,
      "activationDate": "14-11-2023",
      "isPromoActive": "N",
      "priceChangeCode": "E"
    },
    "isAvailable": true,
    "isPriceAvailable": true,
    "inPromo": false,
    "gtin": [
      "00084256188040",
      "08714793188044",
      "08714793001619",
      "08714793000223",
      "05410767124027",
      "05410767003766"
    ],
    "topCategoryName": "Wijn",
    "topCategoryId": "421",
    "businessDomain": "NON_FOOD",
    "IsPrivateLabel": false,
    "IsBiffe": false,
    "IsWeightArticle": false,
    "RecentQuanityOfStockUnits": "1,1",
    "LongName": "VACUVIN champagne Saver",
    "IsBio": false,
    "AlcoholVolume": "0",
    "CountryOfOrigin": "BELGIË",
    "FicCode": "N",
    "OrderUnit": "P",
    "ShortName": "VACUVIN CHAMP.SAVER",
    "IsNew": false
  },
  {
    "productId": "134909",
    "technicalArticleNumber": "3196450",
    "commercialArticleNumber": "8414",
    "name": "La Petite Muraille Corbières wit",
    "description": "FRANCE BLANC CORBIERES\nIntens geel. Frisse en fruitige wijn.\nZeer lichte houttoetsen en complexe\naroma's van geel exotisch fruit.\nVis, salades, voorgerechten. QAG",
    "thumbNail": "https://static.colruytgroup.com/images/200x200/std.lang.all/15/19/asset-2471519.jpg",
    "fullImage": "https://static.colruytgroup.com/images/500x500/std.lang.all/15/19/asset-2471519.jpg",
    "squareImage": "https://static.colruytgroup.com/images/500x500sq/std.lang.all/15/19/asset-2471519.jpg",
    "content": "75cl",
    "walkRouteSequenceNumber": 171,
    "price": {
      "basicPrice": 5.99,
      "recommendedQuantity": "1.0",
      "measurementUnitPrice": 7.99,
      "measurementUnit": "L",
      "isRedPrice": false,
      "pricePerUOM": 7.99,
      "activationDate": "17-02-2024",
      "recordSource": "Offline",
      "isPromoActive": "N",
      "priceChangeCode": "E"
    },
    "isAvailable": true,
    "isPriceAvailable": true,
    "inPromo": true,
    "promotion": [
      {
        "techPromoId": "001120COLR",
        "promotionId": "001120",
        "promotionType": "3",
        "isPersonalized": "N",
        "publicationStartDate": "11-01-2024",
        "publicationEndDate": "10-05-2024"
      }
    ],
    "gtin": [
      "03418230001785",
      "03418230001778"
    ],
    "topCategoryName": "Wijn",
    "topCategoryId": "421",
    "businessDomain": "RETAIL_BE",
    "IsPrivateLabel": false,
    "IsBiffe": false,
    "WeightconversionFactor": "0",
    "IsWeightArticle": false,
    "IsBio": false,
    "CountryOfOrigin": "BELGIË",
    "IsExclusivelySoldInLuxembourg": false,
    "OrderUnit": "P",
    "ShortName": "PTE MURAILLE WIT",
    "IsNew": false,
    "EcoscoreLabel": "C",
    "RecentQuanityOfStockUnits": "1,6",
    "LongName": "La Petite Muraille Corbières wit 75cl",
    "AlcoholVolume": "13.5",
    "FicCode": "E",
    "EcoscoreValue": "56"
  },
  {
    "productId": "5639",
    "technicalArticleNumber": "231576",
    "commercialArticleNumber": "231576",
    "name": "Wine Saver",
    "brand": "VACUVIN",
    "seoBrand": "Vacuvin",
    "thumbNail": "https://static.colruytgroup.com/images/200x200/std.lang.all/06/47/asset-550647.jpg",
    "fullImage": "https://static.colruytgroup.com/images/500x500/std.lang.all/06/47/asset-550647.jpg",
    "squareImage": "https://static.colruytgroup.com/images/500x500sq/std.lang.all/06/47/asset-550647.jpg",
    "walkRouteSequenceNumber": 18712,
    "price": {
      "basicPrice": 13.29,
      "recommendedQuantity": "1.0",
      "measurementUnitPrice": 13.29,
      "measurementUnit": "S",
      "isRedPrice": false,
      "pricePerUOM": 13.29,
      "activationDate": "02-02-2024",
      "isPromoActive": "N",
      "priceChangeCode": "E"
    },
    "isAvailable": true,
    "isPriceAvailable": true,
    "inPromo": false,
    "gtin": [
      "05410767009492",
      "05410767240000",
      "08714793000018",
      "08714793004146",
      "08714793085428"
    ],
    "topCategoryName": "Wijn",
    "topCategoryId": "421",
    "businessDomain": "NON_FOOD",
    "IsPrivateLabel": false,
    "IsBiffe": false,
    "IsWeightArticle": false,
    "RecentQuanityOfStockUnits": "1",
    "LongName": "VACUVIN Wine Saver",
    "IsBio": false,
    "CountryOfOrigin": "BELGIË",
    "FicCode": "N",
    "OrderUnit": "P",
    "ShortName": "VACUVIN WINE SAVER",
    "IsNew": false
  },
  {
    "productId": "852261",
    "technicalArticleNumber": "4700409",
    "commercialArticleNumber": "31074",
    "name": "Bordeaux rosé",
    "description": "FRANKRIJK BORDEAUX DROOG ROSE\nMooie aroma's van rood fruit, citrus.\nZeer aangename ronde en frisse smaak.\nHeerlijk als aperitief, bij slaatjes,\nwit vlees of een barbecue.",
    "brand": "CH. LANSADE",
    "seoBrand": "Château Lansade",
    "thumbNail": "https://static.colruytgroup.com/images/200x200/std.lang.all/30/18/asset-3133018.jpg",
    "fullImage": "https://static.colruytgroup.com/images/500x500/std.lang.all/30/18/asset-3133018.jpg",
    "squareImage": "https://static.colruytgroup.com/images/500x500sq/std.lang.all/30/18/asset-3133018.jpg",
    "content": "75cl",
    "walkRouteSequenceNumber": 505,
    "price": {
      "basicPrice": 6.95,
      "recommendedQuantity": "1.0",
      "quantityPrice": 6.39,
      "quantityPriceQuantity": "6.0",
      "measurementUnitPrice": 9.27,
      "measurementUnitQuantityPrice": 8.52,
      "measurementUnit": "L",
      "isRedPrice": false,
      "pricePerUOM": 9.27,
      "activationDate": "08-02-2024",
      "isPromoActive": "N",
      "priceChangeCode": "E",
      "quantityPricePerUOM": 8.52,
      "quantityActivationDate": "08-02-2024",
      "quantityPriceChangeCode": "E"
    },
    "isAvailable": true,
    "isPriceAvailable": true,
    "inPromo": false,
    "gtin": [
      "03354902012027",
      "03354902012010"
    ],
    "topCategoryName": "Wijn",
    "topCategoryId": "421",
    "businessDomain": "RETAIL_BE",
    "IsPrivateLabel": false,
    "IsBiffe": false,
    "WeightconversionFactor": "0",
    "IsWeightArticle": false,
    "IsBio": false,
    "CountryOfOrigin": "FRANKRIJK",
    "IsExclusivelySoldInLuxembourg": false,
    "OrderUnit": "P",
    "ShortName": "CH LANSADE BORD ROSE",
    "InSeason": true,
    "IsNew": false,
    "RecentQuanityOfStockUnits": "1",
    "LongName": "CH. LANSADE Bordeaux rosé 75cl",
    "AlcoholVolume": "13",
    "StartSeasonDate": "29/01/2024",
    "FicCode": "E"
  },
  {
    "productId": "18264",
    "technicalArticleNumber": "1712260",
    "commercialArticleNumber": "18233",
    "name": "Argentinië 92 rood",
    "description": "ARGENTINIE ROOD\nElegante wijn uit de Mendoza-streek.\nDruiven: merlot, bonarda en sangiovese\nFruitig en zacht in de mond.Lekker bij\npasta's, stoofpotjes, wit vlees. QBD",
    "thumbNail": "https://static.colruytgroup.com/images/200x200/std.lang.all/92/35/asset-1809235.jpg",
    "fullImage": "https://static.colruytgroup.com/images/500x500/std.lang.all/92/35/asset-1809235.jpg",
    "squareImage": "https://static.colruytgroup.com/images/500x500sq/std.lang.all/92/35/asset-1809235.jpg",
    "content": "75cl",
    "walkRouteSequenceNumber": 416,
    "price": {
      "basicPrice": 3.55,
      "recommendedQuantity": "1.0",
      "quantityPrice": 3.27,
      "quantityPriceQuantity": "6.0",
      "measurementUnitPrice": 4.74,
      "measurementUnitQuantityPrice": 4.36,
      "measurementUnit": "L",
      "isRedPrice": false,
      "pricePerUOM": 4.74,
      "activationDate": "13-03-2024",
      "isPromoActive": "N",
      "priceChangeCode": "E",
      "quantityPricePerUOM": 4.36,
      "quantityActivationDate": "13-03-2024",
      "quantityPriceChangeCode": "H"
    },
    "isAvailable": true,
    "isPriceAvailable": true,
    "inPromo": false,
    "gtin": [
      "05400141054248",
      "15400141976493"
    ],
    "topCategoryName": "Wijn",
    "topCategoryId": "421",
    "businessDomain": "RETAIL_BE",
    "IsPrivateLabel": false,
    "IsBiffe": false,
    "WeightconversionFactor": "0",
    "IsWeightArticle": false,
    "IsBio": false,
    "CountryOfOrigin": "ARGENTINIË",
    "IsExclusivelySoldInLuxembourg": false,
    "OrderUnit": "P",
    "ShortName": "ARGENTINIE 1492 ROOD",
    "IsNew": false,
    "EcoscoreLabel": "D",
    "RecentQuanityOfStockUnits": "1",
    "LongName": "Argentinië 92 rood 75cl",
    "AlcoholVolume": "13.5",
    "FicCode": "I",
    "DepositValue": [
      0.3
    ],
    "EcoscoreValue": "35"
  },
  {
    "productId": "680670",
    "technicalArticleNumber": "4399721",
    "commercialArticleNumber": "24586",
    "name": "Vaugelas \"Le Rosé\" Languedoc AOP",
    "description": "Languedoc rosé.\nFris vol en elegant.\nIdeal als aperitief, met gevogelte en\nzomerse gerechten.",
    "thumbNail": "https://static.colruytgroup.com/images/200x200/std.lang.all/92/42/asset-3429242.jpg",
    "fullImage": "https://static.colruytgroup.com/images/500x500/std.lang.all/92/42/asset-3429242.jpg",
    "squareImage": "https://static.colruytgroup.com/images/500x500sq/std.lang.all/92/42/asset-3429242.jpg",
    "content": "75cl",
    "walkRouteSequenceNumber": 423,
    "price": {
      "basicPrice": 7.85,
      "recommendedQuantity": "1.0",
      "measurementUnitPrice": 10.47,
      "measurementUnit": "L",
      "isRedPrice": false,
      "pricePerUOM": 10.47,
      "activationDate": "17-11-2023",
      "isPromoActive": "N",
      "priceChangeCode": "L"
    },
    "isAvailable": true,
    "isPriceAvailable": true,
    "inPromo": false,
    "gtin": [
      "03443660014845",
      "03443660114842"
    ],
    "topCategoryName": "Wijn",
    "topCategoryId": "421",
    "businessDomain": "RETAIL_BE",
    "IsPrivateLabel": false,
    "IsBiffe": false,
    "WeightconversionFactor": "0",
    "IsWeightArticle": false,
    "IsBio": false,
    "CountryOfOrigin": "FRANKRIJK",
    "IsExclusivelySoldInLuxembourg": false,
    "OrderUnit": "P",
    "ShortName": "VAUGELAS LE ROSE",
    "InSeason": true,
    "IsNew": false,
    "EcoscoreLabel": "D",
    "RecentQuanityOfStockUnits": "1",
    "LongName": "Vaugelas \"Le Rosé\" Languedoc AOP 75cl",
    "AlcoholVolume": "13",
    "StartSeasonDate": "28/12/2023",
    "FicCode": "E",
    "EcoscoreValue": "25"
  },
  {
    "productId": "693847",
    "technicalArticleNumber": "4422143",
    "commercialArticleNumber": "25811",
    "name": "Jaillance Clair. de Die Légère Bio",
    "description": "Een Clairette de Die die niet enkel\nbiologisch is, maar ook licht, want\nhij bevat minder suiker en is daardoor\nfrisser en aangenamer.",
    "thumbNail": "https://static.colruytgroup.com/images/200x200/std.lang.all/27/27/asset-2932727.jpg",
    "fullImage": "https://static.colruytgroup.com/images/500x500/std.lang.all/27/27/asset-2932727.jpg",
    "squareImage": "https://static.colruytgroup.com/images/500x500sq/std.lang.all/27/27/asset-2932727.jpg",
    "content": "75cl",
    "walkRouteSequenceNumber": 518,
    "price": {
      "basicPrice": 8.35,
      "recommendedQuantity": "1.0",
      "quantityPrice": 8.02,
      "quantityPriceQuantity": "6.0",
      "measurementUnitPrice": 11.14,
      "measurementUnitQuantityPrice": 10.7,
      "measurementUnit": "L",
      "isRedPrice": false,
      "pricePerUOM": 11.14,
      "activationDate": "23-06-2023",
      "isPromoActive": "N",
      "priceChangeCode": "E",
      "quantityPricePerUOM": 10.7,
      "quantityActivationDate": "23-06-2023",
      "quantityPriceChangeCode": "H"
    },
    "isAvailable": true,
    "isPriceAvailable": true,
    "inPromo": false,
    "gtin": [
      "03416140191923",
      "03416140121920"
    ],
    "topCategoryName": "Wijn",
    "topCategoryId": "421",
    "businessDomain": "RETAIL_BE",
    "IsPrivateLabel": false,
    "IsBiffe": false,
    "WeightconversionFactor": "0",
    "IsWeightArticle": false,
    "IsBio": true,
    "CountryOfOrigin": "FRANKRIJK",
    "IsExclusivelySoldInLuxembourg": false,
    "OrderUnit": "P",
    "ShortName": "CLAIRETTE LEGERE BIO",
    "IsNew": false,
    "RecentQuanityOfStockUnits": "1",
    "LongName": "Jaillance Clair. de Die Légère Bio 75cl",
    "AlcoholVolume": "8.3",
    "FicCode": "E"
  },
  {
    "productId": "1051162",
    "technicalArticleNumber": "4800377",
    "commercialArticleNumber": "15627",
    "name": "Reserva DOC Alentejo",
    "description": "PORTUGAL ALENTEJO DOC ROOD\nDonkerrode kleur. Aroma van\nhout, zwart fruit, kruiden, munt.\nMooi fruit en hout bij de aanzet,\nevenwichtig, pittige en lange afdronk.",
    "brand": "ALIBI",
    "seoBrand": "Alibi",
    "thumbNail": "https://ecgproductmw.colruytgroup.com/ecgproductmw/noPicForArticle_2.jpg",
    "fullImage": "https://ecgproductmw.colruytgroup.com/ecgproductmw/noPicForArticle_5.jpg",
    "squareImage": "https://ecgproductmw.colruytgroup.com/ecgproductmw/noPicForArticle_5.jpg",
    "content": "75cl",
    "walkRouteSequenceNumber": 47,
    "price": {
      "basicPrice": 7.99,
      "recommendedQuantity": "1.0",
      "measurementUnitPrice": 10.66,
      "measurementUnit": "L",
      "isRedPrice": false,
      "pricePerUOM": 10.66,
      "activationDate": "28-02-2024",
      "isPromoActive": "N",
      "priceChangeCode": "E"
    },
    "isAvailable": true,
    "isPriceAvailable": true,
    "inPromo": false,
    "topCategoryName": "Wijn",
    "topCategoryId": "421",
    "businessDomain": "RETAIL_BE",
    "IsPrivateLabel": false,
    "IsBiffe": false,
    "WeightconversionFactor": "0",
    "IsWeightArticle": false,
    "IsBio": false,
    "CountryOfOrigin": "PORTUGAL",
    "IsExclusivelySoldInLuxembourg": false,
    "OrderUnit": "P",
    "ShortName": "ALIBI RESER.ALENTEJO75C",
    "IsNew": true,
    "RecentQuanityOfStockUnits": "1",
    "LongName": "ALIBI Reserva DOC Alentejo 75cl",
    "AlcoholVolume": "14",
    "FicCode": "E"
  }
]