[
  {
    "productId": "799220",
    "technicalArticleNumber": "4612446",
    "commercialArticleNumber": "9864",
    "name": "Caffè Latte PET",
    "brand": "STARBUCKS",
    "seoBrand": "Starbucks",
    "thumbNail": "https://static.colruytgroup.com/images/200x200/std.lang.all/12/57/asset-2831257.jpg",
    "fullImage": "https://static.colruytgroup.com/images/500x500/std.lang.all/12/57/asset-2831257.jpg",
    "squareImage": "https://static.colruytgroup.com/images/500x500sq/std.lang.all/12/57/asset-2831257.jpg",
    "content": "22cl",
    "walkRouteSequenceNumber": 5986,
    "price": {
      "basicPrice": 2.19,
      "recommendedQuantity": "1.0",
      "measurementUnitPrice": 9.96,
      "measurementUnit": "L",
      "isRedPrice": false,
      "pricePerUOM": 9.96,
      "activationDate": "23-02-2024",
      "recordSource": "Offline",
      "isPromoActive": "N",
      "priceChangeCode": "E"
    },
    "isAvailable": true,
    "isPriceAvailable": true,
    "inPromo": false,
    "gtin": [
      "05711953145483",
      "15711953145831"
    ],
    "topCategoryName": "Zuivel",
    "topCategoryId": "65",
    "businessDomain": "RETAIL_BE",
    "IsPrivateLabel": false,
    "IsBiffe": false,
    "WeightconversionFactor": "0",
    "IsWeightArticle": false,
    "nutriscoreLabel": "D",
    "IsBio": false,
    "CountryOfOrigin": "DENEMARKEN",
    "IsExclusivelySoldInLuxembourg": false,
    "OrderUnit": "P",
    "ShortName": "STAR CAFFE LATTE PET22C",
    "IsNew": false,
    "EcoscoreLabel": "C",
    "RecentQuanityOfStockUnits": "1,8",
    "LongName": "STARBUCKS Caffè Latte PET 22cl",
    "FicCode": "E",
    "EcoscoreValue": "57"
  },
  {
    "productId": "635977",
    "technicalArticleNumber": "4325226",
    "commercialArticleNumber": "18960",
    "name": "lactosevrij brik",
    "description": "*Lactosevrij",
    "brand": "CÉCÉMEL",
    "seoBrand": "Cécémel",
    "thumbNail": "https://static.colruytgroup.com/images/200x200/nl_be/21/74/asset-2752174.jpg",
    "fullImage": "https://static.colruytgroup.com/images/500x500/nl_be/21/74/asset-2752174.jpg",
    "squareImage": "https://static.colruytgroup.com/images/500x500sq/nl_be/21/74/asset-2752174.jpg",
    "content": "1L",
    "walkRouteSequenceNumber": 6354,
    "price": {
      "basicPrice": 2.99,
      "recommendedQuantity": "1.0",
      "measurementUnitPrice": 2.99,
      "measurementUnit": "L",
      "isRedPrice": false,
      "pricePerUOM": 2.99,
      "activationDate": "16-02-2024",
      "recordSource": "Offline",
      "isPromoActive": "N",
      "priceChangeCode": "E"
    },
    "isAvailable": true,
    "isPriceAvailable": true,
    "inPromo": false,
    "gtin": [
      "05410438042353",
      "05410438042360"
    ],
    "topCategoryName": "Zuivel",
    "topCategoryId": "65",
    "businessDomain": "RETAIL_BE",
    "IsPrivateLabel": false,
    "IsBiffe": false,
    "WeightconversionFactor": "0",
    "IsWeightArticle": false,
    "nutriscoreLabel": "D",
    "IsBio": false,
    "CountryOfOrigin": "BELGIË",
    "IsExclusivelySoldInLuxembourg": false,
    "OrderUnit": "P",
    "ShortName": "CECE LACTOSEVRIJ 1L",
    "IsNew": false,
    "EcoscoreLabel": "B",
    "RecentQuanityOfStockUnits": "6,1",
    "LongName": "CÉCÉMEL lactosevrij brik 1L",
    "FicCode": "E",
    "EcoscoreValue": "72"
  },
  {
    "productId": "859181",
    "technicalArticleNumber": "4709578",
    "commercialArticleNumber": "31798",
    "name": "plantaardig chocoladedrink",
    "description": "*Plantaardig",
    "brand": "CÉCÉMEL",
    "seoBrand": "Cécémel",
    "thumbNail": "https://static.colruytgroup.com/images/200x200/nl_be/61/52/asset-3176152.jpg",
    "fullImage": "https://static.colruytgroup.com/images/500x500/nl_be/61/52/asset-3176152.jpg",
    "squareImage": "https://static.colruytgroup.com/images/500x500sq/nl_be/61/52/asset-3176152.jpg",
    "content": "1L",
    "walkRouteSequenceNumber": 6309,
    "price": {
      "basicPrice": 2.99,
      "recommendedQuantity": "1.0",
      "measurementUnitPrice": 2.99,
      "measurementUnit": "L",
      "isRedPrice": false,
      "pricePerUOM": 2.99,
      "activationDate": "04-03-2024",
      "recordSource": "Offline",
      "isPromoActive": "N",
      "priceChangeCode": "E"
    },
    "isAvailable": true,
    "isPriceAvailable": true,
    "inPromo": false,
    "gtin": [
      "05410438045019",
      "05410438045026"
    ],
    "topCategoryName": "Zuivel",
    "topCategoryId": "65",
    "businessDomain": "RETAIL_BE",
    "IsPrivateLabel": false,
    "IsBiffe": false,
    "WeightconversionFactor": "0",
    "IsWeightArticle": false,
    "nutriscoreLabel": "B",
    "IsBio": false,
    "CountryOfOrigin": "PORTUGAL",
    "IsExclusivelySoldInLuxembourg": false,
    "OrderUnit": "P",
    "ShortName": "CECE PLANTAARD.CHOCO 1L",
    "IsNew": false,
    "RecentQuanityOfStockUnits": "6,1",
    "LongName": "CÉCÉMEL plantaardig chocoladedrink 1L",
    "AlcoholVolume": "0",
    "FicCode": "E"
  },
  {
    "productId": "16564",
    "technicalArticleNumber": "1567475",
    "commercialArticleNumber": "7956",
    "name": "Rijstdrank",
    "description": "*Plantaardig",
    "brand": "JOYA",
    "seoBrand": "Joya",
    "thumbNail": "https://static.colruytgroup.com/images/200x200/std.lang.all/01/03/asset-3240103.jpg",
    "fullImage": "https://static.colruytgroup.com/images/500x500/std.lang.all/01/03/asset-3240103.jpg",
    "squareImage": "https://static.colruytgroup.com/images/500x500sq/std.lang.all/01/03/asset-3240103.jpg",
    "content": "1L",
    "walkRouteSequenceNumber": 6266,
    "price": {
      "basicPrice": 2.69,
      "recommendedQuantity": "1.0",
      "measurementUnitPrice": 2.69,
      "measurementUnit": "L",
      "isRedPrice": false,
      "pricePerUOM": 2.69,
      "activationDate": "12-12-2023",
      "isPromoActive": "N",
      "priceChangeCode": "H"
    },
    "isAvailable": true,
    "isPriceAvailable": true,
    "inPromo": false,
    "gtin": [
      "05425000199281",
      "00084253334129",
      "09020200132999"
    ],
    "topCategoryName": "Zuivel",
    "topCategoryId": "65",
    "businessDomain": "RETAIL_BE",
    "IsPrivateLabel": false,
    "IsBiffe": false,
    "WeightconversionFactor": "0",
    "IsWeightArticle": false,
    "nutriscoreLabel": "D",
    "IsBio": false,
    "CountryOfOrigin": "DUITSLAND",
    "IsExclusivelySoldInLuxembourg": false,
    "OrderUnit": "P",
    "ShortName": "JOYA RIJSTDRANK 1L",
    "InSeason": true,
    "IsNew": false,
    "EcoscoreLabel": "A",
    "RecentQuanityOfStockUnits": "8,1",
    "LongName": "JOYA Rijstdrank 1L",
    "AlcoholVolume": "0",
    "StartSeasonDate": "13/07/2007",
    "FicCode": "E",
    "EcoscoreValue": "88"
  },
  {
    "productId": "87583",
    "technicalArticleNumber": "3022829",
    "commercialArticleNumber": "3944",
    "name": "amandeldrink choco",
    "description": "*België\n*Plantaardig",
    "brand": "ALPRO",
    "seoBrand": "Alpro",
    "thumbNail": "https://static.colruytgroup.com/images/200x200/std.lang.all/77/70/asset-3367770.jpg",
    "fullImage": "https://static.colruytgroup.com/images/500x500/std.lang.all/77/70/asset-3367770.jpg",
    "squareImage": "https://static.colruytgroup.com/images/500x500sq/std.lang.all/77/70/asset-3367770.jpg",
    "content": "1L",
    "walkRouteSequenceNumber": 6314,
    "price": {
      "basicPrice": 3.89,
      "recommendedQuantity": "4.0",
      "measurementUnitPrice": 3.89,
      "measurementUnit": "L",
      "isRedPrice": false,
      "pricePerUOM": 3.89,
      "activationDate": "19-03-2024",
      "recordSource": "Offline",
      "isPromoActive": "N",
      "priceChangeCode": "E"
    },
    "isAvailable": true,
    "isPriceAvailable": true,
    "inPromo": false,
    "gtin": [
      "35400141312820",
      "05411188114673",
      "05411188114666"
    ],
    "topCategoryName": "Zuivel",
    "topCategoryId": "65",
    "businessDomain": "RETAIL_BE",
    "IsPrivateLabel": false,
    "IsBiffe": false,
    "WeightconversionFactor": "0",
    "IsWeightArticle": false,
    "nutriscoreLabel": "B",
    "IsBio": false,
    "CountryOfOrigin": "VERENIGD KONINKRIJK",
    "IsExclusivelySoldInLuxembourg": false,
    "OrderUnit": "P",
    "ShortName": "ALPRO AMAND DARK CHOC1L",
    "IsNew": false,
    "EcoscoreLabel": "A",
    "RecentQuanityOfStockUnits": "4,1",
    "LongName": "ALPRO amandeldrink choco 1L",
    "AlcoholVolume": "0",
    "FicCode": "E",
    "EcoscoreValue": "84"
  },
  {
    "productId": "770602",
    "technicalArticleNumber": "4557817",
    "commercialArticleNumber": "26953",
    "name": "halfvolle geitenmelk",
    "description": "*Geitenmelk\n*Halfvol",
    "brand": "LACTEL",
    "seoBrand": "Lactel",
    "thumbNail": "https://static.colruytgroup.com/images/200x200/std.lang.all/30/91/asset-3193091.jpg",
    "fullImage": "https://static.colruytgroup.com/images/500x500/std.lang.all/30/91/asset-3193091.jpg",
    "squareImage": "https://static.colruytgroup.com/images/500x500sq/std.lang.all/30/91/asset-3193091.jpg",
    "content": "50cl",
    "walkRouteSequenceNumber": 6274,
    "price": {
      "basicPrice": 2.28,
      "recommendedQuantity": "1.0",
      "measurementUnitPrice": 4.56,
      "measurementUnit": "L",
      "isRedPrice": false,
      "pricePerUOM": 4.56,
      "activationDate": "17-02-2024",
      "recordSource": "Offline",
      "isPromoActive": "N",
      "priceChangeCode": "E"
    },
    "isAvailable": true,
    "isPriceAvailable": true,
    "inPromo": false,
    "gtin": [
      "03428273140051",
      "03428273140068"
    ],
    "topCategoryName": "Zuivel",
    "topCategoryId": "65",
    "businessDomain": "RETAIL_BE",
    "IsPrivateLabel": false,
    "IsBiffe": false,
    "WeightconversionFactor": "0",
    "IsWeightArticle": false,
    "nutriscoreLabel": "B",
    "IsBio": false,
    "CountryOfOrigin": "FRANKRIJK",
    "IsExclusivelySoldInLuxembourg": false,
    "OrderUnit": "P",
    "ShortName": "LACT GEITENMELK HV 50CL",
    "IsNew": false,
    "EcoscoreLabel": "E",
    "RecentQuanityOfStockUnits": "6,1",
    "LongName": "LACTEL halfvolle geitenmelk 50cl",
    "FicCode": "E",
    "EcoscoreValue": "19"
  },
  {
    "productId": "234443",
    "technicalArticleNumber": "3545473",
    "commercialArticleNumber": "41527",
    "name": "haverdrink",
    "description": "*België\n*Plantaardig",
    "brand": "ALPRO",
    "seoBrand": "Alpro",
    "thumbNail": "https://static.colruytgroup.com/images/200x200/std.lang.all/10/35/asset-3441035.jpg",
    "fullImage": "https://static.colruytgroup.com/images/500x500/std.lang.all/10/35/asset-3441035.jpg",
    "squareImage": "https://static.colruytgroup.com/images/500x500sq/std.lang.all/10/35/asset-3441035.jpg",
    "content": "1L",
    "walkRouteSequenceNumber": 6296,
    "price": {
      "basicPrice": 3.65,
      "recommendedQuantity": "4.0",
      "measurementUnitPrice": 3.65,
      "measurementUnit": "L",
      "isRedPrice": false,
      "pricePerUOM": 3.65,
      "activationDate": "08-03-2024",
      "recordSource": "Offline",
      "isPromoActive": "N",
      "priceChangeCode": "H"
    },
    "isAvailable": true,
    "isPriceAvailable": true,
    "inPromo": false,
    "gtin": [
      "45400141312827",
      "05411188115380",
      "05411188115366"
    ],
    "topCategoryName": "Zuivel",
    "topCategoryId": "65",
    "businessDomain": "RETAIL_BE",
    "IsPrivateLabel": false,
    "IsBiffe": false,
    "WeightconversionFactor": "0",
    "IsWeightArticle": false,
    "nutriscoreLabel": "A",
    "IsBio": false,
    "CountryOfOrigin": "BELGIË",
    "IsExclusivelySoldInLuxembourg": false,
    "OrderUnit": "P",
    "ShortName": "ALPRO OAT HAVERDRANK 1L",
    "IsNew": false,
    "EcoscoreLabel": "B",
    "RecentQuanityOfStockUnits": "1,8,4",
    "LongName": "ALPRO haverdrink 1L",
    "AlcoholVolume": "0",
    "FicCode": "E",
    "EcoscoreValue": "67"
  },
  {
    "productId": "842504",
    "technicalArticleNumber": "4687469",
    "commercialArticleNumber": "30611",
    "name": "Original",
    "brand": "NESTLÉ COFFEE-MATE",
    "seoBrand": "Nestlé",
    "thumbNail": "https://static.colruytgroup.com/images/200x200/std.lang.all/86/02/asset-3028602.jpg",
    "fullImage": "https://static.colruytgroup.com/images/500x500/std.lang.all/86/02/asset-3028602.jpg",
    "squareImage": "https://static.colruytgroup.com/images/500x500sq/std.lang.all/86/02/asset-3028602.jpg",
    "content": "450g",
    "walkRouteSequenceNumber": 6369,
    "price": {
      "basicPrice": 7.45,
      "recommendedQuantity": "1.0",
      "measurementUnitPrice": 16.56,
      "measurementUnit": "K",
      "isRedPrice": false,
      "pricePerUOM": 16.56,
      "activationDate": "08-03-2024",
      "recordSource": "Offline",
      "isPromoActive": "N",
      "priceChangeCode": "H"
    },
    "isAvailable": true,
    "isPriceAvailable": true,
    "inPromo": false,
    "gtin": [
      "08445290227775",
      "08445290227768"
    ],
    "topCategoryName": "Zuivel",
    "topCategoryId": "65",
    "businessDomain": "RETAIL_BE",
    "IsPrivateLabel": false,
    "IsBiffe": false,
    "WeightconversionFactor": "0",
    "IsWeightArticle": false,
    "nutriscoreLabel": "E",
    "IsBio": false,
    "CountryOfOrigin": "VERENIGD KONINKRIJK",
    "IsExclusivelySoldInLuxembourg": false,
    "OrderUnit": "P",
    "ShortName": "NEST COFF MATE ORI.450G",
    "IsNew": false,
    "RecentQuanityOfStockUnits": "6,1",
    "LongName": "NESTLÉ COFFEE-MATE Original 450g",
    "AlcoholVolume": "0",
    "FicCode": "E"
  },
  {
    "productId": "587",
    "technicalArticleNumber": "5603",
    "commercialArticleNumber": "5603",
    "name": "koffiemelk romig cups",
    "description": "*Geëvaporeerde melk",
    "brand": "NUTROMA",
    "seoBrand": "Nutroma",
    "thumbNail": "https://static.colruytgroup.com/images/200x200/std.lang.all/63/04/asset-396304.jpg",
    "fullImage": "https://static.colruytgroup.com/images/500x500/std.lang.all/63/04/asset-396304.jpg",
    "squareImage": "https://static.colruytgroup.com/images/500x500sq/std.lang.all/63/04/asset-396304.jpg",
    "content": "200x9g",
    "walkRouteSequenceNumber": 6375,
    "price": {
      "basicPrice": 22.45,
      "recommendedQuantity": "1.0",
      "measurementUnitPrice": 12.48,
      "measurementUnit": "K",
      "isRedPrice": false,
      "pricePerUOM": 12.48,
      "activationDate": "12-03-2024",
      "isPromoActive": "N",
      "priceChangeCode": "L"
    },
    "isAvailable": true,
    "isPriceAvailable": true,
    "inPromo": false,
    "gtin": [
      "08712400000789"
    ],
    "topCategoryName": "Zuivel",
    "topCategoryId": "65",
    "businessDomain": "RETAIL_BE",
    "IsPrivateLabel": false,
    "IsBiffe": false,
    "WeightconversionFactor": "0",
    "IsWeightArticle": false,
    "nutriscoreLabel": "E",
    "IsBio": false,
    "CountryOfOrigin": "BELGIË",
    "IsExclusivelySoldInLuxembourg": false,
    "OrderUnit": "P",
    "ShortName": "NUTROMA CUPS 200X9GR",
    "IsNew": false,
    "RecentQuanityOfStockUnits": "1",
    "LongName": "NUTROMA koffiemelk romig cups 200x9g",
    "FicCode": "E"
  },
  {
    "productId": "584",
    "technicalArticleNumber": "5598",
    "commercialArticleNumber": "5598",
    "name": "halfvolle melk HDPE",
    "description": "*Halfvolle melk\n*België\n*Met toegevoegde\nvitamines",
    "brand": "LACTEL NR1",
    "seoBrand": "Lactel",
    "thumbNail": "https://static.colruytgroup.com/images/200x200/std.lang.all/50/50/asset-1345050.jpg",
    "fullImage": "https://static.colruytgroup.com/images/500x500/std.lang.all/50/50/asset-1345050.jpg",
    "squareImage": "https://static.colruytgroup.com/images/500x500sq/std.lang.all/50/50/asset-1345050.jpg",
    "content": "1L",
    "walkRouteSequenceNumber": 6275,
    "price": {
      "basicPrice": 2.28,
      "recommendedQuantity": "1.0",
      "measurementUnitPrice": 2.28,
      "measurementUnit": "L",
      "isRedPrice": false,
      "pricePerUOM": 2.28,
      "activationDate": "12-03-2024",
      "recordSource": "Offline",
      "isPromoActive": "N",
      "priceChangeCode": "E"
    },
    "isAvailable": true,
    "isPriceAvailable": true,
    "inPromo": false,
    "gtin": [
      "03428273080036",
      "03428273080043"
    ],
    "topCategoryName": "Zuivel",
    "topCategoryId": "65",
    "businessDomain": "RETAIL_BE",
    "IsPrivateLabel": false,
    "IsBiffe": false,
    "WeightconversionFactor": "0",
    "IsWeightArticle": false,
    "nutriscoreLabel": "E",
    "IsBio": false,
    "CountryOfOrigin": "BELGIË",
    "IsExclusivelySoldInLuxembourg": false,
    "OrderUnit": "P",
    "ShortName": "LACTEL N1 HV MELK 1L",
    "IsNew": false,
    "EcoscoreLabel": "D",
    "RecentQuanityOfStockUnits": "6,1",
    "LongName": "LACTEL NR1 halfvolle melk HDPE 1L",
    "AlcoholVolume": "0",
    "FicCode": "E",
    "EcoscoreValue": "36"
  },
  {
    "productId": "10075",
    "technicalArticleNumber": "1350591",
    "commercialArticleNumber": "5626",
    "name": "sojadrink banaan",
    "description": "*België\n*Plantaardig,\nlactosevrij",
    "brand": "ALPRO",
    "seoBrand": "Alpro",
    "thumbNail": "https://static.colruytgroup.com/images/200x200/std.lang.all/77/68/asset-3367768.jpg",
    "fullImage": "https://static.colruytgroup.com/images/500x500/std.lang.all/77/68/asset-3367768.jpg",
    "squareImage": "https://static.colruytgroup.com/images/500x500sq/std.lang.all/77/68/asset-3367768.jpg",
    "content": "1L",
    "walkRouteSequenceNumber": 6317,
    "price": {
      "basicPrice": 1.99,
      "recommendedQuantity": "6.0",
      "measurementUnitPrice": 1.99,
      "measurementUnit": "L",
      "isRedPrice": false,
      "pricePerUOM": 1.99,
      "activationDate": "19-03-2024",
      "recordSource": "Offline",
      "isPromoActive": "N",
      "priceChangeCode": "H"
    },
    "isAvailable": true,
    "isPriceAvailable": true,
    "inPromo": false,
    "gtin": [
      "05411188129387",
      "05411188129370",
      "05411188122234",
      "05411188118404",
      "05411188116912",
      "05411188116905",
      "05411188098317"
    ],
    "topCategoryName": "Zuivel",
    "topCategoryId": "65",
    "businessDomain": "RETAIL_BE",
    "IsPrivateLabel": false,
    "IsBiffe": false,
    "WeightconversionFactor": "0",
    "IsWeightArticle": false,
    "nutriscoreLabel": "B",
    "IsBio": false,
    "CountryOfOrigin": "BELGIË",
    "IsExclusivelySoldInLuxembourg": false,
    "OrderUnit": "P",
    "ShortName": "ALPRO DRINK BANAAN 1L",
    "IsNew": false,
    "EcoscoreLabel": "A",
    "RecentQuanityOfStockUnits": "6,1,12",
    "LongName": "ALPRO sojadrink banaan 1L",
    "AlcoholVolume": "0",
    "FicCode": "E",
    "EcoscoreValue": "82"
  },
  {
    "productId": "594",
    "technicalArticleNumber": "5635",
    "commercialArticleNumber": "5635",
    "name": "rood fruit brik",
    "description": "*Magere melk\n*België",
    "brand": "FRISTI",
    "seoBrand": "Fristi",
    "thumbNail": "https://static.colruytgroup.com/images/200x200/std.lang.all/39/24/asset-1583924.jpg",
    "fullImage": "https://static.colruytgroup.com/images/500x500/std.lang.all/39/24/asset-1583924.jpg",
    "squareImage": "https://static.colruytgroup.com/images/500x500sq/std.lang.all/39/24/asset-1583924.jpg",
    "content": "1L",
    "walkRouteSequenceNumber": 6357,
    "price": {
      "basicPrice": 1.59,
      "recommendedQuantity": "1.0",
      "measurementUnitPrice": 1.59,
      "measurementUnit": "L",
      "isRedPrice": false,
      "pricePerUOM": 1.59,
      "activationDate": "12-02-2024",
      "recordSource": "Offline",
      "isPromoActive": "N",
      "priceChangeCode": "E"
    },
    "isAvailable": true,
    "isPriceAvailable": true,
    "inPromo": false,
    "gtin": [
      "05410438040694",
      "05410438040731"
    ],
    "topCategoryName": "Zuivel",
    "topCategoryId": "65",
    "businessDomain": "RETAIL_BE",
    "IsPrivateLabel": false,
    "IsBiffe": false,
    "WeightconversionFactor": "0",
    "IsWeightArticle": false,
    "nutriscoreLabel": "D",
    "IsBio": false,
    "CountryOfOrigin": "BELGIË",
    "IsExclusivelySoldInLuxembourg": false,
    "OrderUnit": "P",
    "ShortName": "FRISTI ROOD FRUIT 1L",
    "IsNew": false,
    "EcoscoreLabel": "A",
    "RecentQuanityOfStockUnits": "6,1",
    "LongName": "FRISTI rood fruit brik 1L",
    "AlcoholVolume": "0",
    "FicCode": "E",
    "EcoscoreValue": "100"
  },
  {
    "productId": "344861",
    "technicalArticleNumber": "3827805",
    "commercialArticleNumber": "21808",
    "name": "less sugar brik",
    "description": "*met zoetstoffen\n*België",
    "brand": "CÉCÉMEL",
    "seoBrand": "Cécémel",
    "thumbNail": "https://static.colruytgroup.com/images/200x200/nl_be/51/66/asset-2755166.jpg",
    "fullImage": "https://static.colruytgroup.com/images/500x500/nl_be/51/66/asset-2755166.jpg",
    "squareImage": "https://static.colruytgroup.com/images/500x500sq/nl_be/51/66/asset-2755166.jpg",
    "content": "1L",
    "walkRouteSequenceNumber": 6366,
    "price": {
      "basicPrice": 2.59,
      "recommendedQuantity": "1.0",
      "measurementUnitPrice": 2.59,
      "measurementUnit": "L",
      "isRedPrice": false,
      "pricePerUOM": 2.59,
      "activationDate": "14-02-2024",
      "recordSource": "Offline",
      "isPromoActive": "N",
      "priceChangeCode": "E"
    },
    "isAvailable": true,
    "isPriceAvailable": true,
    "inPromo": false,
    "gtin": [
      "05410438040465",
      "05410438040472"
    ],
    "topCategoryName": "Zuivel",
    "topCategoryId": "65",
    "businessDomain": "RETAIL_BE",
    "IsPrivateLabel": false,
    "IsBiffe": false,
    "WeightconversionFactor": "0",
    "IsWeightArticle": false,
    "nutriscoreLabel": "C",
    "IsBio": false,
    "CountryOfOrigin": "BELGIË",
    "IsExclusivelySoldInLuxembourg": false,
    "OrderUnit": "P",
    "ShortName": "CECE LESS SUGAR BRIK 1L",
    "IsNew": false,
    "EcoscoreLabel": "B",
    "RecentQuanityOfStockUnits": "6,1",
    "LongName": "CÉCÉMEL less sugar brik 1L",
    "AlcoholVolume": "0",
    "FicCode": "E",
    "EcoscoreValue": "72"
  },
  {
    "productId": "578",
    "technicalArticleNumber": "5589",
    "commercialArticleNumber": "5589",
    "name": "sojadrink zonder suikers",
    "description": "*België\n*Plantaardig,\nlactosevrij",
    "brand": "ALPRO",
    "seoBrand": "Alpro",
    "thumbNail": "https://static.colruytgroup.com/images/200x200/std.lang.all/02/99/asset-3280299.jpg",
    "fullImage": "https://static.colruytgroup.com/images/500x500/std.lang.all/02/99/asset-3280299.jpg",
    "squareImage": "https://static.colruytgroup.com/images/500x500sq/std.lang.all/02/99/asset-3280299.jpg",
    "content": "1L",
    "walkRouteSequenceNumber": 6284,
    "price": {
      "basicPrice": 1.59,
      "recommendedQuantity": "6.0",
      "measurementUnitPrice": 1.59,
      "measurementUnit": "L",
      "isRedPrice": false,
      "pricePerUOM": 1.59,
      "activationDate": "18-03-2024",
      "recordSource": "Offline",
      "isPromoActive": "Y",
      "priceChangeCode": "H"
    },
    "isAvailable": true,
    "isPriceAvailable": true,
    "inPromo": true,
    "promotion": [
      {
        "techPromoId": "100834COLR",
        "promotionId": "100834",
        "promotionType": "4",
        "isPersonalized": "N",
        "publicationStartDate": "13-03-2024",
        "publicationEndDate": "26-03-2024"
      }
    ],
    "gtin": [
      "05411188115496",
      "05411188115502",
      "05411188129479",
      "05411188129486"
    ],
    "topCategoryName": "Zuivel",
    "topCategoryId": "65",
    "businessDomain": "RETAIL_BE",
    "IsPrivateLabel": false,
    "IsBiffe": false,
    "WeightconversionFactor": "0",
    "IsWeightArticle": false,
    "nutriscoreLabel": "A",
    "IsBio": false,
    "CountryOfOrigin": "BELGIË",
    "IsExclusivelySoldInLuxembourg": false,
    "OrderUnit": "P",
    "ShortName": "ALPRO SOJA ZZ/ZS 1L.",
    "InSeason": true,
    "IsNew": false,
    "EcoscoreLabel": "A",
    "RecentQuanityOfStockUnits": "1,6,12",
    "LongName": "ALPRO sojadrink zonder suikers 1L",
    "AlcoholVolume": "0",
    "StartSeasonDate": "27/07/2009",
    "FicCode": "E",
    "EcoscoreValue": "83"
  },
  {
    "productId": "691216",
    "technicalArticleNumber": "4418254",
    "commercialArticleNumber": "22342",
    "name": "Haverdrink suikervrij brik",
    "description": "*Plantaardig\n*Suikervrij\n*Met toegevoegde\nvitamines",
    "brand": "BONI",
    "seoBrand": "Boni Selection",
    "thumbNail": "https://static.colruytgroup.com/images/200x200/std.lang.all/05/34/asset-3280534.jpg",
    "fullImage": "https://static.colruytgroup.com/images/500x500/std.lang.all/05/34/asset-3280534.jpg",
    "squareImage": "https://static.colruytgroup.com/images/500x500sq/std.lang.all/05/34/asset-3280534.jpg",
    "content": "1L",
    "walkRouteSequenceNumber": 6280,
    "price": {
      "basicPrice": 1.49,
      "recommendedQuantity": "1.0",
      "measurementUnitPrice": 1.49,
      "measurementUnit": "L",
      "isRedPrice": false,
      "pricePerUOM": 1.49,
      "activationDate": "26-01-2024",
      "recordSource": "Offline",
      "isPromoActive": "N",
      "priceChangeCode": "L"
    },
    "isAvailable": true,
    "isPriceAvailable": true,
    "inPromo": false,
    "gtin": [
      "15400141760573",
      "05400141469585",
      "15400141469582",
      "05400141760576"
    ],
    "topCategoryName": "Zuivel",
    "topCategoryId": "65",
    "businessDomain": "RETAIL_BE",
    "IsPrivateLabel": true,
    "IsBiffe": false,
    "WeightconversionFactor": "0",
    "IsWeightArticle": false,
    "nutriscoreLabel": "C",
    "IsBio": false,
    "CountryOfOrigin": "SPANJE",
    "IsExclusivelySoldInLuxembourg": false,
    "OrderUnit": "P",
    "ShortName": "BONI HAVERDR.SUIKERVR1L",
    "IsNew": false,
    "EcoscoreLabel": "C",
    "RecentQuanityOfStockUnits": "12,1",
    "LongName": "BONI Haverdrink suikervrij brik 1L",
    "FicCode": "I",
    "EcoscoreValue": "52"
  },
  {
    "productId": "42567",
    "technicalArticleNumber": "2539746",
    "commercialArticleNumber": "39772",
    "name": "melk vol vers brik",
    "description": "*Volle melk\n*België",
    "brand": "BONI",
    "seoBrand": "Boni Selection",
    "thumbNail": "https://static.colruytgroup.com/images/200x200/std.lang.all/53/84/asset-2915384.jpg",
    "fullImage": "https://static.colruytgroup.com/images/500x500/std.lang.all/53/84/asset-2915384.jpg",
    "squareImage": "https://static.colruytgroup.com/images/500x500sq/std.lang.all/53/84/asset-2915384.jpg",
    "content": "1L",
    "walkRouteSequenceNumber": 5748,
    "price": {
      "basicPrice": 1.49,
      "recommendedQuantity": "1.0",
      "measurementUnitPrice": 1.49,
      "measurementUnit": "L",
      "isRedPrice": false,
      "pricePerUOM": 1.49,
      "activationDate": "28-12-2023",
      "recordSource": "Offline",
      "isPromoActive": "N",
      "priceChangeCode": "E"
    },
    "isAvailable": true,
    "isPriceAvailable": true,
    "inPromo": false,
    "gtin": [
      "05400141035902",
      "15400141989851",
      "15400141002871",
      "15400141979043",
      "15400141422785",
      "15400141293057",
      "05400141194685",
      "05400141293050",
      "05400141415148",
      "05400141422788",
      "15400141833895"
    ],
    "topCategoryName": "Zuivel",
    "topCategoryId": "65",
    "businessDomain": "RETAIL_BE",
    "IsPrivateLabel": true,
    "IsBiffe": false,
    "WeightconversionFactor": "0",
    "IsWeightArticle": false,
    "nutriscoreLabel": "C",
    "IsBio": false,
    "CountryOfOrigin": "BELGIË",
    "IsExclusivelySoldInLuxembourg": false,
    "OrderUnit": "P",
    "ShortName": "BONI VERS VOL MEL1L",
    "IsNew": false,
    "EcoscoreLabel": "B",
    "RecentQuanityOfStockUnits": "1,6",
    "LongName": "BONI melk vol vers brik 1L",
    "AlcoholVolume": "0",
    "FicCode": "I",
    "EcoscoreValue": "65"
  },
  {
    "productId": "474715",
    "technicalArticleNumber": "4063346",
    "commercialArticleNumber": "7051",
    "name": "halfvolle melk brik",
    "description": "*Halfvolle melk\n*België",
    "brand": "BONI",
    "seoBrand": "Boni Selection",
    "thumbNail": "https://static.colruytgroup.com/images/200x200/std.lang.all/53/82/asset-3215382.jpg",
    "fullImage": "https://static.colruytgroup.com/images/500x500/std.lang.all/53/82/asset-3215382.jpg",
    "squareImage": "https://static.colruytgroup.com/images/500x500sq/std.lang.all/53/82/asset-3215382.jpg",
    "content": "6x20cl",
    "walkRouteSequenceNumber": 6262,
    "price": {
      "basicPrice": 1.99,
      "recommendedQuantity": "1.0",
      "measurementUnitPrice": 1.66,
      "measurementUnit": "L",
      "isRedPrice": false,
      "pricePerUOM": 1.66,
      "activationDate": "08-11-2023",
      "recordSource": "Offline",
      "isPromoActive": "N",
      "priceChangeCode": "L"
    },
    "isAvailable": true,
    "isPriceAvailable": true,
    "inPromo": false,
    "gtin": [
      "25400141266737",
      "25400141998775",
      "05400141266733",
      "15400141266730",
      "15400141998778",
      "05400141998771"
    ],
    "topCategoryName": "Zuivel",
    "topCategoryId": "65",
    "businessDomain": "RETAIL_BE",
    "IsPrivateLabel": true,
    "IsBiffe": false,
    "WeightconversionFactor": "0",
    "IsWeightArticle": false,
    "nutriscoreLabel": "B",
    "IsBio": false,
    "CountryOfOrigin": "BELGIË",
    "IsExclusivelySoldInLuxembourg": false,
    "OrderUnit": "P",
    "ShortName": "BONI HV MELK 6X20CL",
    "IsNew": false,
    "EcoscoreLabel": "B",
    "RecentQuanityOfStockUnits": "4,1",
    "LongName": "BONI halfvolle melk brik 6x20cl",
    "FicCode": "I",
    "EcoscoreValue": "69"
  },
  {
    "productId": "292132",
    "technicalArticleNumber": "3708913",
    "commercialArticleNumber": "16809",
    "name": "Rijstdrink zonder toegev.suikers",
    "description": "*Plantaardig\n*Zonder toegevoegde\nsuikers",
    "brand": "BONI",
    "seoBrand": "Boni Selection",
    "thumbNail": "https://static.colruytgroup.com/images/200x200/std.lang.all/40/21/asset-3234021.jpg",
    "fullImage": "https://static.colruytgroup.com/images/500x500/std.lang.all/40/21/asset-3234021.jpg",
    "squareImage": "https://static.colruytgroup.com/images/500x500sq/std.lang.all/40/21/asset-3234021.jpg",
    "content": "1L",
    "walkRouteSequenceNumber": 6282,
    "price": {
      "basicPrice": 1.49,
      "recommendedQuantity": "1.0",
      "measurementUnitPrice": 1.49,
      "measurementUnit": "L",
      "isRedPrice": false,
      "pricePerUOM": 1.49,
      "activationDate": "06-12-2023",
      "recordSource": "Offline",
      "isPromoActive": "N",
      "priceChangeCode": "E"
    },
    "isAvailable": true,
    "isPriceAvailable": true,
    "inPromo": false,
    "gtin": [
      "05400141033922",
      "15400141301868",
      "05400141301861",
      "15400141452270",
      "05400141626292",
      "05400141926736"
    ],
    "topCategoryName": "Zuivel",
    "topCategoryId": "65",
    "businessDomain": "RETAIL_BE",
    "IsPrivateLabel": true,
    "IsBiffe": false,
    "WeightconversionFactor": "0",
    "IsWeightArticle": false,
    "nutriscoreLabel": "C",
    "IsBio": false,
    "CountryOfOrigin": "ITALIË",
    "IsExclusivelySoldInLuxembourg": false,
    "OrderUnit": "P",
    "ShortName": "BONI RIJSTDRINK Z.T.S1L",
    "IsNew": false,
    "EcoscoreLabel": "A",
    "RecentQuanityOfStockUnits": "12,1",
    "LongName": "BONI Rijstdrink zonder toegev.suikers 1L",
    "AlcoholVolume": "0",
    "FicCode": "I",
    "EcoscoreValue": "87"
  },
  {
    "productId": "211379",
    "technicalArticleNumber": "3517584",
    "commercialArticleNumber": "17970",
    "name": "sojadrink choco 100Calories",
    "description": "*100 Kcal",
    "brand": "ALPRO",
    "seoBrand": "Alpro",
    "thumbNail": "https://static.colruytgroup.com/images/200x200/std.lang.all/86/87/asset-3368687.jpg",
    "fullImage": "https://static.colruytgroup.com/images/500x500/std.lang.all/86/87/asset-3368687.jpg",
    "squareImage": "https://static.colruytgroup.com/images/500x500sq/std.lang.all/86/87/asset-3368687.jpg",
    "content": "6x25cl",
    "walkRouteSequenceNumber": 6304,
    "price": {
      "basicPrice": 3.98,
      "recommendedQuantity": "1.0",
      "measurementUnitPrice": 2.66,
      "measurementUnit": "L",
      "isRedPrice": false,
      "pricePerUOM": 2.66,
      "activationDate": "09-01-2024",
      "recordSource": "Offline",
      "isPromoActive": "N",
      "priceChangeCode": "E"
    },
    "isAvailable": true,
    "isPriceAvailable": true,
    "inPromo": false,
    "gtin": [
      "05411188122067",
      "05411188122043",
      "05411188122050"
    ],
    "topCategoryName": "Zuivel",
    "topCategoryId": "65",
    "businessDomain": "RETAIL_BE",
    "IsPrivateLabel": false,
    "IsBiffe": false,
    "WeightconversionFactor": "0",
    "IsWeightArticle": false,
    "nutriscoreLabel": "A",
    "IsBio": false,
    "CountryOfOrigin": "BELGIË",
    "IsExclusivelySoldInLuxembourg": false,
    "OrderUnit": "P",
    "ShortName": "ALP SOY LIGHT CHOC6X25C",
    "IsNew": false,
    "EcoscoreLabel": "A",
    "RecentQuanityOfStockUnits": "1,4",
    "LongName": "ALPRO sojadrink choco 100Calories 6x25cl",
    "AlcoholVolume": "0",
    "FicCode": "E",
    "EcoscoreValue": "92"
  },
  {
    "productId": "713459",
    "technicalArticleNumber": "4457061",
    "commercialArticleNumber": "11035",
    "name": "This is Not Milk halfvol",
    "description": "*Plantaardig\n*Halfvol",
    "brand": "ALPRO",
    "seoBrand": "Alpro",
    "thumbNail": "https://static.colruytgroup.com/images/200x200/std.lang.all/86/50/asset-3368650.jpg",
    "fullImage": "https://static.colruytgroup.com/images/500x500/std.lang.all/86/50/asset-3368650.jpg",
    "squareImage": "https://static.colruytgroup.com/images/500x500sq/std.lang.all/86/50/asset-3368650.jpg",
    "content": "1L",
    "walkRouteSequenceNumber": 6297,
    "price": {
      "basicPrice": 2.49,
      "recommendedQuantity": "1.0",
      "measurementUnitPrice": 2.49,
      "measurementUnit": "L",
      "isRedPrice": false,
      "pricePerUOM": 2.49,
      "activationDate": "19-03-2024",
      "recordSource": "Offline",
      "isPromoActive": "N",
      "priceChangeCode": "E"
    },
    "isAvailable": true,
    "isPriceAvailable": true,
    "inPromo": false,
    "gtin": [
      "05411188135005",
      "05411188135012"
    ],
    "topCategoryName": "Zuivel",
    "topCategoryId": "65",
    "businessDomain": "RETAIL_BE",
    "IsPrivateLabel": false,
    "IsBiffe": false,
    "WeightconversionFactor": "0",
    "IsWeightArticle": false,
    "nutriscoreLabel": "A",
    "IsBio": false,
    "CountryOfOrigin": "BELGIË",
    "IsExclusivelySoldInLuxembourg": false,
    "OrderUnit": "P",
    "ShortName": "ALPR T.I.NOT MILK HV 1L",
    "IsNew": false,
    "EcoscoreLabel": "B",
    "RecentQuanityOfStockUnits": "1,8",
    "LongName": "ALPRO This is Not Milk halfvol 1L",
    "FicCode": "E",
    "EcoscoreValue": "67"
  },
  {
    "productId": "3125",
    "technicalArticleNumber": "1044331",
    "commercialArticleNumber": "5606",
    "name": "sojadrink choco",
    "description": "*België\n*Plantaardig",
    "brand": "ALPRO",
    "seoBrand": "Alpro",
    "thumbNail": "https://static.colruytgroup.com/images/200x200/std.lang.all/77/66/asset-3367766.jpg",
    "fullImage": "https://static.colruytgroup.com/images/500x500/std.lang.all/77/66/asset-3367766.jpg",
    "squareImage": "https://static.colruytgroup.com/images/500x500sq/std.lang.all/77/66/asset-3367766.jpg",
    "content": "1L",
    "walkRouteSequenceNumber": 6318,
    "price": {
      "basicPrice": 1.89,
      "recommendedQuantity": "6.0",
      "measurementUnitPrice": 1.89,
      "measurementUnit": "L",
      "isRedPrice": false,
      "pricePerUOM": 1.89,
      "activationDate": "19-03-2024",
      "recordSource": "Offline",
      "isPromoActive": "N",
      "priceChangeCode": "H"
    },
    "isAvailable": true,
    "isPriceAvailable": true,
    "inPromo": false,
    "gtin": [
      "05411188115458",
      "05411188129356",
      "05411188129363",
      "05411188093091"
    ],
    "topCategoryName": "Zuivel",
    "topCategoryId": "65",
    "businessDomain": "RETAIL_BE",
    "IsPrivateLabel": false,
    "IsBiffe": false,
    "WeightconversionFactor": "0",
    "IsWeightArticle": false,
    "nutriscoreLabel": "B",
    "IsBio": false,
    "CountryOfOrigin": "BELGIË",
    "IsExclusivelySoldInLuxembourg": false,
    "OrderUnit": "P",
    "ShortName": "ALPRO SOYADRIN.CHOCO 1L",
    "IsNew": false,
    "EcoscoreLabel": "A",
    "RecentQuanityOfStockUnits": "1,6,12",
    "LongName": "ALPRO sojadrink choco 1L",
    "AlcoholVolume": "0",
    "FicCode": "E",
    "EcoscoreValue": "93"
  },
  {
    "productId": "35814",
    "technicalArticleNumber": "1908624",
    "commercialArticleNumber": "8147",
    "name": "melk halfvol brik",
    "description": "*Halfvolle melk\n*Lactosevrij",
    "brand": "DILEA ZERO LACTOSE",
    "seoBrand": "Dilea",
    "thumbNail": "https://static.colruytgroup.com/images/200x200/std.lang.all/09/62/asset-3360962.jpg",
    "fullImage": "https://static.colruytgroup.com/images/500x500/std.lang.all/09/62/asset-3360962.jpg",
    "squareImage": "https://static.colruytgroup.com/images/500x500sq/std.lang.all/09/62/asset-3360962.jpg",
    "content": "1L",
    "walkRouteSequenceNumber": 6301,
    "price": {
      "basicPrice": 2.79,
      "recommendedQuantity": "1.0",
      "measurementUnitPrice": 2.79,
      "measurementUnit": "L",
      "isRedPrice": false,
      "pricePerUOM": 2.79,
      "activationDate": "13-03-2024",
      "recordSource": "Offline",
      "isPromoActive": "N",
      "priceChangeCode": "E"
    },
    "isAvailable": true,
    "isPriceAvailable": true,
    "inPromo": true,
    "promotion": [
      {
        "techPromoId": "100827COLR",
        "promotionId": "100827",
        "promotionType": "3",
        "isPersonalized": "N",
        "publicationStartDate": "13-03-2024",
        "publicationEndDate": "26-03-2024"
      }
    ],
    "gtin": [
      "05410298086276",
      "05410298086214"
    ],
    "topCategoryName": "Zuivel",
    "topCategoryId": "65",
    "businessDomain": "RETAIL_BE",
    "IsPrivateLabel": false,
    "IsBiffe": false,
    "WeightconversionFactor": "0",
    "IsWeightArticle": false,
    "IsBio": false,
    "CountryOfOrigin": "BELGIË",
    "IsExclusivelySoldInLuxembourg": false,
    "OrderUnit": "P",
    "ShortName": "DILEA ZERO LACTOSE 1L",
    "IsNew": false,
    "EcoscoreLabel": "D",
    "RecentQuanityOfStockUnits": "1,6",
    "LongName": "DILEA ZERO LACTOSE melk halfvol brik 1L",
    "AlcoholVolume": "0",
    "FicCode": "E",
    "EcoscoreValue": "36"
  },
  {
    "productId": "153677",
    "technicalArticleNumber": "3251499",
    "commercialArticleNumber": "8750",
    "name": "sojadrink rode vruchten",
    "description": "*België\n*Plantaardig,\nlactosevrij",
    "brand": "ALPRO",
    "seoBrand": "Alpro",
    "thumbNail": "https://static.colruytgroup.com/images/200x200/std.lang.all/22/64/asset-3392264.jpg",
    "fullImage": "https://static.colruytgroup.com/images/500x500/std.lang.all/22/64/asset-3392264.jpg",
    "squareImage": "https://static.colruytgroup.com/images/500x500sq/std.lang.all/22/64/asset-3392264.jpg",
    "content": "1L",
    "walkRouteSequenceNumber": 6316,
    "price": {
      "basicPrice": 1.99,
      "recommendedQuantity": "1.0",
      "measurementUnitPrice": 1.99,
      "measurementUnit": "L",
      "isRedPrice": false,
      "pricePerUOM": 1.99,
      "activationDate": "19-03-2024",
      "recordSource": "Offline",
      "isPromoActive": "N",
      "priceChangeCode": "E"
    },
    "isAvailable": true,
    "isPriceAvailable": true,
    "inPromo": false,
    "gtin": [
      "05411188116844",
      "05411188122197",
      "05411188129417",
      "05411188129424",
      "05411188116851"
    ],
    "topCategoryName": "Zuivel",
    "topCategoryId": "65",
    "businessDomain": "RETAIL_BE",
    "IsPrivateLabel": false,
    "IsBiffe": false,
    "WeightconversionFactor": "0",
    "IsWeightArticle": false,
    "nutriscoreLabel": "B",
    "IsBio": false,
    "CountryOfOrigin": "BELGIË",
    "IsExclusivelySoldInLuxembourg": false,
    "OrderUnit": "P",
    "ShortName": "ALPR DRINK RODE VRUCH1L",
    "IsNew": false,
    "EcoscoreLabel": "A",
    "RecentQuanityOfStockUnits": "1,8",
    "LongName": "ALPRO sojadrink rode vruchten 1L",
    "AlcoholVolume": "0",
    "FicCode": "E",
    "EcoscoreValue": "82"
  },
  {
    "productId": "28477",
    "technicalArticleNumber": "2175809",
    "commercialArticleNumber": "36014",
    "name": "sojadrink macchiato",
    "description": "*België\n*Plantaardig,\nlactosevrij",
    "brand": "ALPRO",
    "seoBrand": "Alpro",
    "thumbNail": "https://static.colruytgroup.com/images/200x200/std.lang.all/22/63/asset-3392263.jpg",
    "fullImage": "https://static.colruytgroup.com/images/500x500/std.lang.all/22/63/asset-3392263.jpg",
    "squareImage": "https://static.colruytgroup.com/images/500x500sq/std.lang.all/22/63/asset-3392263.jpg",
    "content": "1L",
    "walkRouteSequenceNumber": 6315,
    "price": {
      "basicPrice": 2.19,
      "recommendedQuantity": "4.0",
      "measurementUnitPrice": 2.19,
      "measurementUnit": "L",
      "isRedPrice": false,
      "pricePerUOM": 2.19,
      "activationDate": "19-03-2024",
      "recordSource": "Offline",
      "isPromoActive": "N",
      "priceChangeCode": "E"
    },
    "isAvailable": true,
    "isPriceAvailable": true,
    "inPromo": false,
    "gtin": [
      "75400141312828",
      "05411188116899",
      "05411188116882"
    ],
    "topCategoryName": "Zuivel",
    "topCategoryId": "65",
    "businessDomain": "RETAIL_BE",
    "IsPrivateLabel": false,
    "IsBiffe": false,
    "WeightconversionFactor": "0",
    "IsWeightArticle": false,
    "nutriscoreLabel": "B",
    "IsBio": false,
    "CountryOfOrigin": "BELGIË",
    "IsExclusivelySoldInLuxembourg": false,
    "OrderUnit": "P",
    "ShortName": "ALPRO MACCHIATO 1L",
    "IsNew": false,
    "EcoscoreLabel": "A",
    "RecentQuanityOfStockUnits": "1,8,4",
    "LongName": "ALPRO sojadrink macchiato 1L",
    "AlcoholVolume": "0",
    "FicCode": "E",
    "EcoscoreValue": "83"
  },
  {
    "productId": "23852",
    "technicalArticleNumber": "2239719",
    "commercialArticleNumber": "3913",
    "name": "sojadrank zonder toe.suikers",
    "description": "*Plantaardig\n*Met toegevoegde\nvitamines\n*Zonder toegevoegde\nsuikers",
    "brand": "BONI BIO",
    "seoBrand": "Boni Selection Bio",
    "thumbNail": "https://static.colruytgroup.com/images/200x200/std.lang.all/55/70/asset-3275570.jpg",
    "fullImage": "https://static.colruytgroup.com/images/500x500/std.lang.all/55/70/asset-3275570.jpg",
    "squareImage": "https://static.colruytgroup.com/images/500x500sq/std.lang.all/55/70/asset-3275570.jpg",
    "content": "1L",
    "walkRouteSequenceNumber": 6285,
    "price": {
      "basicPrice": 0.85,
      "recommendedQuantity": "1.0",
      "measurementUnitPrice": 0.85,
      "measurementUnit": "L",
      "isRedPrice": false,
      "pricePerUOM": 0.85,
      "activationDate": "19-03-2024",
      "recordSource": "Offline",
      "isPromoActive": "N",
      "priceChangeCode": "L"
    },
    "isAvailable": true,
    "isPriceAvailable": true,
    "inPromo": false,
    "gtin": [
      "15400141820970",
      "05400141332513",
      "05400141379488",
      "15400141332510",
      "15400141469599",
      "05400141469592",
      "15400141912279",
      "05400141912272",
      "05400141601732"
    ],
    "topCategoryName": "Zuivel",
    "topCategoryId": "65",
    "businessDomain": "RETAIL_BE",
    "IsPrivateLabel": true,
    "IsBiffe": false,
    "WeightconversionFactor": "0",
    "IsWeightArticle": false,
    "nutriscoreLabel": "B",
    "IsBio": true,
    "CountryOfOrigin": "SPANJE",
    "IsExclusivelySoldInLuxembourg": false,
    "OrderUnit": "P",
    "ShortName": "BONI BIO SOJADR.Z.T.S1L",
    "InSeason": true,
    "IsNew": false,
    "EcoscoreLabel": "A",
    "RecentQuanityOfStockUnits": "1,12",
    "LongName": "BONI BIO sojadrank zonder toe.suikers 1L",
    "AlcoholVolume": "0",
    "StartSeasonDate": "13/04/2022",
    "FicCode": "I",
    "EcoscoreValue": "100"
  },
  {
    "productId": "713445",
    "technicalArticleNumber": "4457045",
    "commercialArticleNumber": "10770",
    "name": "This is Not Milk vol",
    "description": "*Plantaardig\n*Vol",
    "brand": "ALPRO",
    "seoBrand": "Alpro",
    "thumbNail": "https://static.colruytgroup.com/images/200x200/std.lang.all/86/48/asset-3368648.jpg",
    "fullImage": "https://static.colruytgroup.com/images/500x500/std.lang.all/86/48/asset-3368648.jpg",
    "squareImage": "https://static.colruytgroup.com/images/500x500sq/std.lang.all/86/48/asset-3368648.jpg",
    "content": "1L",
    "walkRouteSequenceNumber": 6295,
    "price": {
      "basicPrice": 2.49,
      "recommendedQuantity": "1.0",
      "measurementUnitPrice": 2.49,
      "measurementUnit": "L",
      "isRedPrice": false,
      "pricePerUOM": 2.49,
      "activationDate": "19-03-2024",
      "recordSource": "Offline",
      "isPromoActive": "N",
      "priceChangeCode": "E"
    },
    "isAvailable": true,
    "isPriceAvailable": true,
    "inPromo": false,
    "gtin": [
      "05411188134992",
      "05411188134985"
    ],
    "topCategoryName": "Zuivel",
    "topCategoryId": "65",
    "businessDomain": "RETAIL_BE",
    "IsPrivateLabel": false,
    "IsBiffe": false,
    "WeightconversionFactor": "0",
    "IsWeightArticle": false,
    "nutriscoreLabel": "A",
    "IsBio": false,
    "CountryOfOrigin": "BELGIË",
    "IsExclusivelySoldInLuxembourg": false,
    "OrderUnit": "P",
    "ShortName": "ALPR T.I.NOT MILK VOL1L",
    "IsNew": false,
    "EcoscoreLabel": "B",
    "RecentQuanityOfStockUnits": "1,8",
    "LongName": "ALPRO This is Not Milk vol 1L",
    "FicCode": "E",
    "EcoscoreValue": "67"
  },
  {
    "productId": "726800",
    "technicalArticleNumber": "4481519",
    "commercialArticleNumber": "17725",
    "name": "Lactosevrije halfvolle melk",
    "description": "*Halfvolle melk\n*Lactosevrij\n*België",
    "brand": "BONI",
    "seoBrand": "Boni Selection",
    "thumbNail": "https://static.colruytgroup.com/images/200x200/nl_be/64/38/asset-2686438.jpg",
    "fullImage": "https://static.colruytgroup.com/images/500x500/nl_be/64/38/asset-2686438.jpg",
    "squareImage": "https://static.colruytgroup.com/images/500x500sq/nl_be/64/38/asset-2686438.jpg",
    "content": "3x20cl",
    "walkRouteSequenceNumber": 6273,
    "price": {
      "basicPrice": 1.27,
      "recommendedQuantity": "1.0",
      "measurementUnitPrice": 2.12,
      "measurementUnit": "L",
      "isRedPrice": false,
      "pricePerUOM": 2.12,
      "activationDate": "16-06-2023",
      "isPromoActive": "N",
      "priceChangeCode": "H"
    },
    "isAvailable": true,
    "isPriceAvailable": true,
    "inPromo": false,
    "gtin": [
      "15400141998327",
      "25400141998324",
      "05400141998320"
    ],
    "topCategoryName": "Zuivel",
    "topCategoryId": "65",
    "businessDomain": "RETAIL_BE",
    "IsPrivateLabel": true,
    "IsBiffe": false,
    "WeightconversionFactor": "0",
    "IsWeightArticle": false,
    "nutriscoreLabel": "B",
    "IsBio": false,
    "CountryOfOrigin": "BELGIË",
    "IsExclusivelySoldInLuxembourg": false,
    "OrderUnit": "P",
    "ShortName": "BONI HV MELK LV 3X20CL",
    "IsNew": false,
    "EcoscoreLabel": "B",
    "RecentQuanityOfStockUnits": "1,8",
    "LongName": "BONI Lactosevrije halfvolle melk 3x20cl",
    "FicCode": "I",
    "EcoscoreValue": "68"
  },
  {
    "productId": "104138",
    "technicalArticleNumber": "3130349",
    "commercialArticleNumber": "3772",
    "name": "kokosnootdrink",
    "description": "*België\n*Plantaardig",
    "brand": "ALPRO",
    "seoBrand": "Alpro",
    "thumbNail": "https://static.colruytgroup.com/images/200x200/std.lang.all/33/56/asset-2193356.jpg",
    "fullImage": "https://static.colruytgroup.com/images/500x500/std.lang.all/33/56/asset-2193356.jpg",
    "squareImage": "https://static.colruytgroup.com/images/500x500sq/std.lang.all/33/56/asset-2193356.jpg",
    "content": "1L",
    "walkRouteSequenceNumber": 6290,
    "price": {
      "basicPrice": 2.49,
      "recommendedQuantity": "4.0",
      "measurementUnitPrice": 2.49,
      "measurementUnit": "L",
      "isRedPrice": false,
      "pricePerUOM": 2.49,
      "activationDate": "18-03-2024",
      "recordSource": "Offline",
      "isPromoActive": "N",
      "priceChangeCode": "H"
    },
    "isAvailable": true,
    "isPriceAvailable": true,
    "inPromo": false,
    "gtin": [
      "05411188116608",
      "05411188125976",
      "05411188125969",
      "05411188116592",
      "05411188110910"
    ],
    "topCategoryName": "Zuivel",
    "topCategoryId": "65",
    "businessDomain": "RETAIL_BE",
    "IsPrivateLabel": false,
    "IsBiffe": false,
    "WeightconversionFactor": "0",
    "IsWeightArticle": false,
    "nutriscoreLabel": "B",
    "IsBio": false,
    "CountryOfOrigin": "BELGIË",
    "IsExclusivelySoldInLuxembourg": false,
    "OrderUnit": "P",
    "ShortName": "ALPRO COCOSDRINK 1L",
    "IsNew": false,
    "EcoscoreLabel": "C",
    "RecentQuanityOfStockUnits": "4,8,1",
    "LongName": "ALPRO kokosnootdrink 1L",
    "AlcoholVolume": "0",
    "FicCode": "E",
    "EcoscoreValue": "46"
  },
  {
    "productId": "598",
    "technicalArticleNumber": "5810",
    "commercialArticleNumber": "5810",
    "name": "gecondens. melk suiker tube",
    "description": "*Gecondenseerde melk\n*Voor gebruik in\ndesserts",
    "brand": "NESTLÉ",
    "seoBrand": "Nestlé",
    "thumbNail": "https://static.colruytgroup.com/images/200x200/std.lang.all/79/29/asset-2947929.jpg",
    "fullImage": "https://static.colruytgroup.com/images/500x500/std.lang.all/79/29/asset-2947929.jpg",
    "squareImage": "https://static.colruytgroup.com/images/500x500sq/std.lang.all/79/29/asset-2947929.jpg",
    "content": "131ml",
    "walkRouteSequenceNumber": 6370,
    "price": {
      "basicPrice": 2.55,
      "recommendedQuantity": "1.0",
      "measurementUnitPrice": 19.47,
      "measurementUnit": "L",
      "isRedPrice": false,
      "pricePerUOM": 19.47,
      "activationDate": "06-03-2024",
      "recordSource": "Offline",
      "isPromoActive": "N",
      "priceChangeCode": "H"
    },
    "isAvailable": true,
    "isPriceAvailable": true,
    "inPromo": false,
    "gtin": [
      "05410001012202",
      "05410001015005"
    ],
    "topCategoryName": "Zuivel",
    "topCategoryId": "65",
    "businessDomain": "RETAIL_BE",
    "IsPrivateLabel": false,
    "IsBiffe": false,
    "WeightconversionFactor": "0",
    "IsWeightArticle": false,
    "nutriscoreLabel": "E",
    "IsBio": false,
    "CountryOfOrigin": "SPANJE",
    "IsExclusivelySoldInLuxembourg": false,
    "OrderUnit": "P",
    "ShortName": "NESTLE TUBE MELK 131ML",
    "IsNew": false,
    "RecentQuanityOfStockUnits": "24,1",
    "LongName": "NESTLÉ gecondens. melk suiker tube 131ml",
    "AlcoholVolume": "0",
    "FicCode": "E"
  },
  {
    "productId": "37018",
    "technicalArticleNumber": "1907354",
    "commercialArticleNumber": "7967",
    "name": "gecond.melk met suiker blik",
    "description": "*Gecondenseerde melk\n*Voor gebruik in\ndesserts",
    "brand": "NESTLÉ",
    "seoBrand": "Nestlé",
    "thumbNail": "https://static.colruytgroup.com/images/200x200/std.lang.all/79/31/asset-2947931.jpg",
    "fullImage": "https://static.colruytgroup.com/images/500x500/std.lang.all/79/31/asset-2947931.jpg",
    "squareImage": "https://static.colruytgroup.com/images/500x500sq/std.lang.all/79/31/asset-2947931.jpg",
    "content": "305ml",
    "walkRouteSequenceNumber": 6371,
    "price": {
      "basicPrice": 4.39,
      "recommendedQuantity": "1.0",
      "measurementUnitPrice": 14.4,
      "measurementUnit": "L",
      "isRedPrice": false,
      "pricePerUOM": 14.4,
      "activationDate": "14-02-2024",
      "recordSource": "Offline",
      "isPromoActive": "N",
      "priceChangeCode": "H"
    },
    "isAvailable": true,
    "isPriceAvailable": true,
    "inPromo": false,
    "gtin": [
      "08715000984961",
      "05410001012004"
    ],
    "topCategoryName": "Zuivel",
    "topCategoryId": "65",
    "businessDomain": "RETAIL_BE",
    "IsPrivateLabel": false,
    "IsBiffe": false,
    "WeightconversionFactor": "0",
    "IsWeightArticle": false,
    "nutriscoreLabel": "E",
    "IsBio": false,
    "CountryOfOrigin": "BELGIË",
    "IsExclusivelySoldInLuxembourg": false,
    "OrderUnit": "P",
    "ShortName": "NESTLE G.MELK SUIK305ML",
    "IsNew": false,
    "RecentQuanityOfStockUnits": "1",
    "LongName": "NESTLÉ gecond.melk met suiker blik 305ml",
    "AlcoholVolume": "0",
    "FicCode": "E"
  },
  {
    "productId": "713453",
    "technicalArticleNumber": "4457055",
    "commercialArticleNumber": "10947",
    "name": "Barista haverdrink",
    "description": "*Plantaardige drank\n*Haver",
    "brand": "ALPRO",
    "seoBrand": "Alpro",
    "thumbNail": "https://static.colruytgroup.com/images/200x200/std.lang.all/86/49/asset-3368649.jpg",
    "fullImage": "https://static.colruytgroup.com/images/500x500/std.lang.all/86/49/asset-3368649.jpg",
    "squareImage": "https://static.colruytgroup.com/images/500x500sq/std.lang.all/86/49/asset-3368649.jpg",
    "content": "50cl",
    "walkRouteSequenceNumber": 6293,
    "price": {
      "basicPrice": 1.99,
      "recommendedQuantity": "1.0",
      "measurementUnitPrice": 3.98,
      "measurementUnit": "L",
      "isRedPrice": false,
      "pricePerUOM": 3.98,
      "activationDate": "18-03-2024",
      "recordSource": "Offline",
      "isPromoActive": "N",
      "priceChangeCode": "H"
    },
    "isAvailable": true,
    "isPriceAvailable": true,
    "inPromo": false,
    "gtin": [
      "05411188134459",
      "05411188134466"
    ],
    "topCategoryName": "Zuivel",
    "topCategoryId": "65",
    "businessDomain": "RETAIL_BE",
    "IsPrivateLabel": false,
    "IsBiffe": false,
    "WeightconversionFactor": "0",
    "IsWeightArticle": false,
    "nutriscoreLabel": "A",
    "IsBio": false,
    "CountryOfOrigin": "BELGIË",
    "IsExclusivelySoldInLuxembourg": false,
    "OrderUnit": "P",
    "ShortName": "ALPR BARISTA HAVER 50CL",
    "IsNew": false,
    "EcoscoreLabel": "B",
    "RecentQuanityOfStockUnits": "1,8",
    "LongName": "ALPRO Barista haverdrink 50cl",
    "FicCode": "E",
    "EcoscoreValue": "67"
  },
  {
    "productId": "590",
    "technicalArticleNumber": "5611",
    "commercialArticleNumber": "5611",
    "name": "chocomelk glas",
    "description": "*Halfvolle melk\n*België",
    "brand": "CÉCÉMEL",
    "seoBrand": "Cécémel",
    "thumbNail": "https://static.colruytgroup.com/images/200x200/nl_be/59/37/asset-605937.jpg",
    "fullImage": "https://static.colruytgroup.com/images/500x500/nl_be/59/37/asset-605937.jpg",
    "squareImage": "https://static.colruytgroup.com/images/500x500sq/nl_be/59/37/asset-605937.jpg",
    "content": "75cl",
    "walkRouteSequenceNumber": 6351,
    "price": {
      "basicPrice": 3.69,
      "recommendedQuantity": "1.0",
      "measurementUnitPrice": 4.92,
      "measurementUnit": "L",
      "isRedPrice": false,
      "pricePerUOM": 4.92,
      "activationDate": "14-11-2023",
      "isPromoActive": "N",
      "priceChangeCode": "E"
    },
    "isAvailable": true,
    "isPriceAvailable": true,
    "inPromo": false,
    "gtin": [
      "05414150098940",
      "05414150529208",
      "05414150629236"
    ],
    "topCategoryName": "Zuivel",
    "topCategoryId": "65",
    "businessDomain": "RETAIL_BE",
    "IsPrivateLabel": false,
    "IsBiffe": false,
    "WeightconversionFactor": "0",
    "IsWeightArticle": false,
    "nutriscoreLabel": "D",
    "IsBio": false,
    "CountryOfOrigin": "BELGIË",
    "IsExclusivelySoldInLuxembourg": false,
    "OrderUnit": "P",
    "ShortName": "CECEMEL CHOCOM 75 CL",
    "IsNew": false,
    "EcoscoreLabel": "B",
    "RecentQuanityOfStockUnits": "1,8",
    "LongName": "CÉCÉMEL chocomelk glas 75cl",
    "AlcoholVolume": "0",
    "FicCode": "E",
    "EcoscoreValue": "74"
  },
  {
    "productId": "574",
    "technicalArticleNumber": "5572",
    "commercialArticleNumber": "5572",
    "name": "Halfvolle melk brik",
    "description": "*Halfvolle melk\n*België",
    "brand": "EVERYDAY",
    "seoBrand": "Everyday",
    "thumbNail": "https://static.colruytgroup.com/images/200x200/std.lang.all/09/94/asset-2080994.jpg",
    "fullImage": "https://static.colruytgroup.com/images/500x500/std.lang.all/09/94/asset-2080994.jpg",
    "squareImage": "https://static.colruytgroup.com/images/500x500sq/std.lang.all/09/94/asset-2080994.jpg",
    "content": "1L",
    "walkRouteSequenceNumber": 6302,
    "price": {
      "basicPrice": 0.79,
      "recommendedQuantity": "12.0",
      "measurementUnitPrice": 0.79,
      "measurementUnit": "L",
      "isRedPrice": false,
      "pricePerUOM": 0.79,
      "activationDate": "19-03-2024",
      "recordSource": "Offline",
      "isPromoActive": "N",
      "priceChangeCode": "E"
    },
    "isAvailable": true,
    "isPriceAvailable": true,
    "inPromo": false,
    "gtin": [
      "05400141055214",
      "05400141167887",
      "05400141255768",
      "05400141404630",
      "05400141433586",
      "15400141433583",
      "15400141975526",
      "05400141058970"
    ],
    "topCategoryName": "Zuivel",
    "topCategoryId": "65",
    "businessDomain": "RETAIL_BE",
    "IsPrivateLabel": true,
    "IsBiffe": false,
    "WeightconversionFactor": "0",
    "IsWeightArticle": false,
    "nutriscoreLabel": "B",
    "IsBio": false,
    "CountryOfOrigin": "BELGIË",
    "IsExclusivelySoldInLuxembourg": false,
    "OrderUnit": "P",
    "ShortName": "EVD HALFV MELK 1L",
    "IsNew": false,
    "EcoscoreLabel": "C",
    "RecentQuanityOfStockUnits": "12,1",
    "LongName": "EVERYDAY Halfvolle melk brik 1L",
    "AlcoholVolume": "0",
    "FicCode": "I",
    "EcoscoreValue": "47"
  },
  {
    "productId": "473232",
    "technicalArticleNumber": "4066706",
    "commercialArticleNumber": "1610",
    "name": "halfvolle melk PET",
    "brand": "BONI",
    "seoBrand": "Boni Selection",
    "thumbNail": "https://static.colruytgroup.com/images/200x200/nl_be/83/58/asset-3028358.jpg",
    "fullImage": "https://static.colruytgroup.com/images/500x500/nl_be/83/58/asset-3028358.jpg",
    "squareImage": "https://static.colruytgroup.com/images/500x500sq/nl_be/83/58/asset-3028358.jpg",
    "content": "1L",
    "walkRouteSequenceNumber": 6264,
    "price": {
      "basicPrice": 1.09,
      "recommendedQuantity": "1.0",
      "quantityPrice": 1.05,
      "quantityPriceQuantity": "6.0",
      "measurementUnitPrice": 1.09,
      "measurementUnitQuantityPrice": 1.05,
      "measurementUnit": "L",
      "isRedPrice": false,
      "pricePerUOM": 1.09,
      "activationDate": "12-03-2024",
      "recordSource": "Offline",
      "isPromoActive": "N",
      "priceChangeCode": "H",
      "quantityPricePerUOM": 1.05,
      "quantityActivationDate": "12-03-2024",
      "quantityPriceChangeCode": "H"
    },
    "isAvailable": true,
    "isPriceAvailable": true,
    "inPromo": false,
    "gtin": [
      "35400141269537",
      "05400141269536",
      "15400141269533"
    ],
    "topCategoryName": "Zuivel",
    "topCategoryId": "65",
    "businessDomain": "RETAIL_BE",
    "IsPrivateLabel": true,
    "IsBiffe": false,
    "WeightconversionFactor": "0",
    "IsWeightArticle": false,
    "nutriscoreLabel": "B",
    "IsBio": false,
    "CountryOfOrigin": "BELGIË",
    "IsExclusivelySoldInLuxembourg": false,
    "OrderUnit": "P",
    "ShortName": "BONI HV MELK 1L",
    "IsNew": false,
    "EcoscoreLabel": "B",
    "RecentQuanityOfStockUnits": "1,6",
    "LongName": "BONI halfvolle melk PET 1L",
    "FicCode": "I",
    "EcoscoreValue": "63"
  },
  {
    "productId": "473225",
    "technicalArticleNumber": "4066699",
    "commercialArticleNumber": "1599",
    "name": "halfvolle melk PET",
    "brand": "BONI",
    "seoBrand": "Boni Selection",
    "thumbNail": "https://static.colruytgroup.com/images/200x200/nl_be/98/96/asset-3209896.jpg",
    "fullImage": "https://static.colruytgroup.com/images/500x500/nl_be/98/96/asset-3209896.jpg",
    "squareImage": "https://static.colruytgroup.com/images/500x500sq/nl_be/98/96/asset-3209896.jpg",
    "content": "50cl",
    "walkRouteSequenceNumber": 6263,
    "price": {
      "basicPrice": 0.69,
      "recommendedQuantity": "1.0",
      "quantityPrice": 0.665,
      "quantityPriceQuantity": "6.0",
      "measurementUnitPrice": 1.38,
      "measurementUnitQuantityPrice": 1.33,
      "measurementUnit": "L",
      "isRedPrice": false,
      "pricePerUOM": 1.38,
      "activationDate": "19-03-2024",
      "recordSource": "Offline",
      "isPromoActive": "N",
      "priceChangeCode": "E",
      "quantityPricePerUOM": 1.33,
      "quantityActivationDate": "19-03-2024",
      "quantityPriceChangeCode": "H"
    },
    "isAvailable": true,
    "isPriceAvailable": true,
    "inPromo": false,
    "gtin": [
      "05400141269512",
      "15400141269519"
    ],
    "topCategoryName": "Zuivel",
    "topCategoryId": "65",
    "businessDomain": "RETAIL_BE",
    "IsPrivateLabel": true,
    "IsBiffe": false,
    "WeightconversionFactor": "0",
    "IsWeightArticle": false,
    "nutriscoreLabel": "B",
    "IsBio": false,
    "CountryOfOrigin": "BELGIË",
    "IsExclusivelySoldInLuxembourg": false,
    "OrderUnit": "P",
    "ShortName": "BONI HV MELK 50CL",
    "IsNew": false,
    "EcoscoreLabel": "B",
    "RecentQuanityOfStockUnits": "1,6",
    "LongName": "BONI halfvolle melk PET 50cl",
    "AlcoholVolume": "0",
    "FicCode": "I",
    "EcoscoreValue": "63"
  },
  {
    "productId": "3968",
    "technicalArticleNumber": "1006113",
    "commercialArticleNumber": "5563",
    "name": "magere melk brik",
    "description": "*Magere melk\n*België",
    "brand": "EVERYDAY",
    "seoBrand": "Everyday",
    "thumbNail": "https://static.colruytgroup.com/images/200x200/std.lang.all/38/66/asset-2513866.jpg",
    "fullImage": "https://static.colruytgroup.com/images/500x500/std.lang.all/38/66/asset-2513866.jpg",
    "squareImage": "https://static.colruytgroup.com/images/500x500sq/std.lang.all/38/66/asset-2513866.jpg",
    "content": "1L",
    "walkRouteSequenceNumber": 6270,
    "price": {
      "basicPrice": 0.75,
      "recommendedQuantity": "12.0",
      "measurementUnitPrice": 0.75,
      "measurementUnit": "L",
      "isRedPrice": false,
      "pricePerUOM": 0.75,
      "activationDate": "08-12-2023",
      "recordSource": "Offline",
      "isPromoActive": "N",
      "priceChangeCode": "L"
    },
    "isAvailable": true,
    "isPriceAvailable": true,
    "inPromo": false,
    "gtin": [
      "05400141147056",
      "05400141404685",
      "15400141975533",
      "05400141167894",
      "05400141002256"
    ],
    "topCategoryName": "Zuivel",
    "topCategoryId": "65",
    "businessDomain": "RETAIL_BE",
    "IsPrivateLabel": true,
    "IsBiffe": false,
    "WeightconversionFactor": "0",
    "IsWeightArticle": false,
    "nutriscoreLabel": "B",
    "IsBio": false,
    "CountryOfOrigin": "BELGIË",
    "IsExclusivelySoldInLuxembourg": false,
    "OrderUnit": "P",
    "ShortName": "EVD MAG MELK 1L",
    "IsNew": false,
    "EcoscoreLabel": "B",
    "RecentQuanityOfStockUnits": "1,12",
    "LongName": "EVERYDAY magere melk brik 1L",
    "AlcoholVolume": "0",
    "FicCode": "I",
    "EcoscoreValue": "73"
  },
  {
    "productId": "504991",
    "technicalArticleNumber": "4063374",
    "commercialArticleNumber": "7054",
    "name": "melk lactosevrij brik",
    "description": "*UHT\n*Zonder lactose",
    "brand": "BONI",
    "seoBrand": "Boni Selection",
    "thumbNail": "https://static.colruytgroup.com/images/200x200/std.lang.all/28/32/asset-2112832.jpg",
    "fullImage": "https://static.colruytgroup.com/images/500x500/std.lang.all/28/32/asset-2112832.jpg",
    "squareImage": "https://static.colruytgroup.com/images/500x500sq/std.lang.all/28/32/asset-2112832.jpg",
    "content": "1L",
    "walkRouteSequenceNumber": 6303,
    "price": {
      "basicPrice": 1.15,
      "recommendedQuantity": "1.0",
      "measurementUnitPrice": 1.15,
      "measurementUnit": "L",
      "isRedPrice": false,
      "pricePerUOM": 1.15,
      "activationDate": "14-11-2023",
      "recordSource": "Offline",
      "isPromoActive": "N",
      "priceChangeCode": "E"
    },
    "isAvailable": true,
    "isPriceAvailable": true,
    "inPromo": false,
    "gtin": [
      "05400141266757",
      "15400141266754"
    ],
    "topCategoryName": "Zuivel",
    "topCategoryId": "65",
    "businessDomain": "RETAIL_BE",
    "IsPrivateLabel": true,
    "IsBiffe": false,
    "WeightconversionFactor": "0",
    "IsWeightArticle": false,
    "nutriscoreLabel": "B",
    "IsBio": false,
    "CountryOfOrigin": "BELGIË",
    "IsExclusivelySoldInLuxembourg": false,
    "OrderUnit": "P",
    "ShortName": "BONI LAC.VR MELK 1L",
    "IsNew": false,
    "EcoscoreLabel": "B",
    "RecentQuanityOfStockUnits": "1,12",
    "LongName": "BONI melk lactosevrij brik 1L",
    "AlcoholVolume": "0",
    "FicCode": "I",
    "EcoscoreValue": "69"
  },
  {
    "productId": "843036",
    "technicalArticleNumber": "4688115",
    "commercialArticleNumber": "30631",
    "name": "Volle melk brik",
    "brand": "EVERYDAY",
    "seoBrand": "Everyday",
    "thumbNail": "https://static.colruytgroup.com/images/200x200/std.lang.all/42/81/asset-2844281.jpg",
    "fullImage": "https://static.colruytgroup.com/images/500x500/std.lang.all/42/81/asset-2844281.jpg",
    "squareImage": "https://static.colruytgroup.com/images/500x500sq/std.lang.all/42/81/asset-2844281.jpg",
    "content": "1L",
    "walkRouteSequenceNumber": 6254,
    "price": {
      "basicPrice": 0.85,
      "recommendedQuantity": "12.0",
      "measurementUnitPrice": 0.85,
      "measurementUnit": "L",
      "isRedPrice": false,
      "pricePerUOM": 0.85,
      "activationDate": "19-03-2024",
      "recordSource": "Offline",
      "isPromoActive": "N",
      "priceChangeCode": "E"
    },
    "isAvailable": true,
    "isPriceAvailable": true,
    "inPromo": false,
    "gtin": [
      "15400141701927",
      "05400141701920"
    ],
    "topCategoryName": "Zuivel",
    "topCategoryId": "65",
    "businessDomain": "RETAIL_BE",
    "IsPrivateLabel": true,
    "IsBiffe": false,
    "WeightconversionFactor": "0",
    "IsWeightArticle": false,
    "IsBio": false,
    "CountryOfOrigin": "BELGIË",
    "IsExclusivelySoldInLuxembourg": false,
    "OrderUnit": "P",
    "ShortName": "EVD VOLLE MELK 1L",
    "IsNew": false,
    "RecentQuanityOfStockUnits": "12,1",
    "LongName": "EVERYDAY Volle melk brik 1L",
    "AlcoholVolume": "0",
    "FicCode": "I"
  },
  {
    "productId": "2603",
    "technicalArticleNumber": "1100356",
    "commercialArticleNumber": "5661",
    "name": "chocomelk brik",
    "description": "*Halfvolle melk\n*België",
    "brand": "CÉCÉMEL",
    "seoBrand": "Cécémel",
    "thumbNail": "https://static.colruytgroup.com/images/200x200/nl_be/06/56/asset-2400656.jpg",
    "fullImage": "https://static.colruytgroup.com/images/500x500/nl_be/06/56/asset-2400656.jpg",
    "squareImage": "https://static.colruytgroup.com/images/500x500sq/nl_be/06/56/asset-2400656.jpg",
    "content": "6x20cl",
    "walkRouteSequenceNumber": 6365,
    "price": {
      "basicPrice": 2.49,
      "recommendedQuantity": "1.0",
      "measurementUnitPrice": 2.08,
      "measurementUnit": "L",
      "isRedPrice": false,
      "pricePerUOM": 2.08,
      "activationDate": "14-03-2024",
      "recordSource": "Offline",
      "isPromoActive": "N",
      "priceChangeCode": "E"
    },
    "isAvailable": true,
    "isPriceAvailable": true,
    "inPromo": false,
    "gtin": [
      "05414150042783",
      "05414150215255"
    ],
    "topCategoryName": "Zuivel",
    "topCategoryId": "65",
    "businessDomain": "RETAIL_BE",
    "IsPrivateLabel": false,
    "IsBiffe": false,
    "WeightconversionFactor": "0",
    "IsWeightArticle": false,
    "nutriscoreLabel": "E",
    "IsBio": false,
    "CountryOfOrigin": "DUITSLAND",
    "IsExclusivelySoldInLuxembourg": false,
    "OrderUnit": "P",
    "ShortName": "CECEMEL DE ECHTE 6X20CL",
    "IsNew": false,
    "EcoscoreLabel": "B",
    "RecentQuanityOfStockUnits": "1,5",
    "LongName": "CÉCÉMEL chocomelk brik 6x20cl",
    "AlcoholVolume": "0",
    "FicCode": "E",
    "EcoscoreValue": "71"
  },
  {
    "productId": "467623",
    "technicalArticleNumber": "4066796",
    "commercialArticleNumber": "1651",
    "name": "volle melk PET",
    "brand": "BONI",
    "seoBrand": "Boni Selection",
    "thumbNail": "https://static.colruytgroup.com/images/200x200/nl_be/83/59/asset-3028359.jpg",
    "fullImage": "https://static.colruytgroup.com/images/500x500/nl_be/83/59/asset-3028359.jpg",
    "squareImage": "https://static.colruytgroup.com/images/500x500sq/nl_be/83/59/asset-3028359.jpg",
    "content": "1L",
    "walkRouteSequenceNumber": 6260,
    "price": {
      "basicPrice": 1.16,
      "recommendedQuantity": "1.0",
      "measurementUnitPrice": 1.16,
      "measurementUnit": "L",
      "isRedPrice": false,
      "pricePerUOM": 1.16,
      "activationDate": "12-03-2024",
      "recordSource": "Offline",
      "isPromoActive": "N",
      "priceChangeCode": "E"
    },
    "isAvailable": true,
    "isPriceAvailable": true,
    "inPromo": false,
    "gtin": [
      "35400141269575",
      "15400141269571",
      "05400141269574"
    ],
    "topCategoryName": "Zuivel",
    "topCategoryId": "65",
    "businessDomain": "RETAIL_BE",
    "IsPrivateLabel": true,
    "IsBiffe": false,
    "WeightconversionFactor": "0",
    "IsWeightArticle": false,
    "nutriscoreLabel": "C",
    "IsBio": false,
    "CountryOfOrigin": "BELGIË",
    "IsExclusivelySoldInLuxembourg": false,
    "OrderUnit": "P",
    "ShortName": "BONI VOLLE MELK 1L",
    "IsNew": false,
    "EcoscoreLabel": "C",
    "RecentQuanityOfStockUnits": "1,6",
    "LongName": "BONI volle melk PET 1L",
    "FicCode": "I",
    "EcoscoreValue": "59"
  },
  {
    "productId": "6109",
    "technicalArticleNumber": "1161562",
    "commercialArticleNumber": "5671",
    "name": "Halfvolle melk brik",
    "description": "*Halfvolle melk\n*België",
    "brand": "BONI BIO",
    "seoBrand": "Boni Selection Bio",
    "thumbNail": "https://static.colruytgroup.com/images/200x200/std.lang.all/83/76/asset-3028376.jpg",
    "fullImage": "https://static.colruytgroup.com/images/500x500/std.lang.all/83/76/asset-3028376.jpg",
    "squareImage": "https://static.colruytgroup.com/images/500x500sq/std.lang.all/83/76/asset-3028376.jpg",
    "content": "1L",
    "walkRouteSequenceNumber": 6253,
    "price": {
      "basicPrice": 1.29,
      "recommendedQuantity": "1.0",
      "measurementUnitPrice": 1.29,
      "measurementUnit": "L",
      "isRedPrice": false,
      "pricePerUOM": 1.29,
      "activationDate": "12-03-2024",
      "recordSource": "Offline",
      "isPromoActive": "N",
      "priceChangeCode": "E"
    },
    "isAvailable": true,
    "isPriceAvailable": true,
    "inPromo": false,
    "gtin": [
      "15400141894285",
      "05400141056716",
      "05400141219746",
      "05400141354355",
      "15400141354352"
    ],
    "topCategoryName": "Zuivel",
    "topCategoryId": "65",
    "businessDomain": "RETAIL_BE",
    "IsPrivateLabel": true,
    "IsBiffe": false,
    "WeightconversionFactor": "0",
    "IsWeightArticle": false,
    "nutriscoreLabel": "B",
    "IsBio": true,
    "CountryOfOrigin": "BELGIË",
    "IsExclusivelySoldInLuxembourg": false,
    "OrderUnit": "P",
    "ShortName": "BS BIO HV.MELK BRIK 1L",
    "IsNew": false,
    "EcoscoreLabel": "A",
    "RecentQuanityOfStockUnits": "1,6",
    "LongName": "BONI BIO Halfvolle melk brik 1L",
    "AlcoholVolume": "0",
    "FicCode": "I",
    "EcoscoreValue": "81"
  },
  {
    "productId": "26410",
    "technicalArticleNumber": "2235559",
    "commercialArticleNumber": "4393",
    "name": "Halfvolle melk PET",
    "description": "*Halfvolle melk\n*België",
    "brand": "CAMPINA",
    "seoBrand": "Campina",
    "thumbNail": "https://static.colruytgroup.com/images/200x200/nl_be/82/39/asset-3388239.jpg",
    "fullImage": "https://static.colruytgroup.com/images/500x500/nl_be/82/39/asset-3388239.jpg",
    "squareImage": "https://static.colruytgroup.com/images/500x500sq/nl_be/82/39/asset-3388239.jpg",
    "content": "50cl",
    "walkRouteSequenceNumber": 6272,
    "price": {
      "basicPrice": 0.89,
      "recommendedQuantity": "6.0",
      "measurementUnitPrice": 1.78,
      "measurementUnit": "L",
      "isRedPrice": false,
      "pricePerUOM": 1.78,
      "activationDate": "02-02-2024",
      "recordSource": "Offline",
      "isPromoActive": "N",
      "priceChangeCode": "E"
    },
    "isAvailable": true,
    "isPriceAvailable": true,
    "inPromo": false,
    "gtin": [
      "05410438026360",
      "05410438001633",
      "05410438026322",
      "05410438046498",
      "05410438027435"
    ],
    "topCategoryName": "Zuivel",
    "topCategoryId": "65",
    "businessDomain": "RETAIL_BE",
    "IsPrivateLabel": false,
    "IsBiffe": false,
    "WeightconversionFactor": "0",
    "IsWeightArticle": false,
    "nutriscoreLabel": "A",
    "IsBio": false,
    "CountryOfOrigin": "BELGIË",
    "IsExclusivelySoldInLuxembourg": false,
    "OrderUnit": "P",
    "ShortName": "CAMP HV MELK PET 50CL",
    "IsNew": false,
    "EcoscoreLabel": "B",
    "RecentQuanityOfStockUnits": "24,6,1",
    "LongName": "CAMPINA Halfvolle melk PET 50cl",
    "AlcoholVolume": "0",
    "FicCode": "E",
    "EcoscoreValue": "69"
  },
  {
    "productId": "467601",
    "technicalArticleNumber": "4066774",
    "commercialArticleNumber": "1634",
    "name": "volle melk",
    "brand": "BONI",
    "seoBrand": "Boni Selection",
    "thumbNail": "https://static.colruytgroup.com/images/200x200/nl_be/98/97/asset-3209897.jpg",
    "fullImage": "https://static.colruytgroup.com/images/500x500/nl_be/98/97/asset-3209897.jpg",
    "squareImage": "https://static.colruytgroup.com/images/500x500sq/nl_be/98/97/asset-3209897.jpg",
    "content": "50cl",
    "walkRouteSequenceNumber": 6259,
    "price": {
      "basicPrice": 0.69,
      "recommendedQuantity": "1.0",
      "measurementUnitPrice": 1.38,
      "measurementUnit": "L",
      "isRedPrice": false,
      "pricePerUOM": 1.38,
      "activationDate": "19-03-2024",
      "recordSource": "Offline",
      "isPromoActive": "N",
      "priceChangeCode": "E"
    },
    "isAvailable": true,
    "isPriceAvailable": true,
    "inPromo": false,
    "gtin": [
      "05400141269567",
      "15400141269564"
    ],
    "topCategoryName": "Zuivel",
    "topCategoryId": "65",
    "businessDomain": "RETAIL_BE",
    "IsPrivateLabel": true,
    "IsBiffe": false,
    "WeightconversionFactor": "0",
    "IsWeightArticle": false,
    "nutriscoreLabel": "C",
    "IsBio": false,
    "CountryOfOrigin": "BELGIË",
    "IsExclusivelySoldInLuxembourg": false,
    "OrderUnit": "P",
    "ShortName": "BONI VOL MELK 50CL",
    "IsNew": false,
    "EcoscoreLabel": "B",
    "RecentQuanityOfStockUnits": "1,6",
    "LongName": "BONI volle melk 50cl",
    "FicCode": "I",
    "EcoscoreValue": "68"
  },
  {
    "productId": "95647",
    "technicalArticleNumber": "2917950",
    "commercialArticleNumber": "9167",
    "name": "halfvolle chocomelk brik",
    "description": "*Halfvolle melk",
    "brand": "EVERYDAY",
    "seoBrand": "Everyday",
    "thumbNail": "https://static.colruytgroup.com/images/200x200/nl_be/51/95/asset-555195.jpg",
    "fullImage": "https://static.colruytgroup.com/images/500x500/nl_be/51/95/asset-555195.jpg",
    "squareImage": "https://static.colruytgroup.com/images/500x500sq/nl_be/51/95/asset-555195.jpg",
    "content": "6x20cl",
    "walkRouteSequenceNumber": 6361,
    "price": {
      "basicPrice": 1.49,
      "recommendedQuantity": "1.0",
      "measurementUnitPrice": 1.25,
      "measurementUnit": "L",
      "isRedPrice": false,
      "pricePerUOM": 1.25,
      "activationDate": "01-03-2024",
      "recordSource": "Offline",
      "isPromoActive": "N",
      "priceChangeCode": "L"
    },
    "isAvailable": true,
    "isPriceAvailable": true,
    "inPromo": false,
    "gtin": [
      "15400141512677",
      "25400141512674",
      "15400141030522",
      "05400141966565",
      "25400141966569",
      "05400141512670",
      "05400141030525",
      "05400141035780",
      "05400141096583",
      "15400141966562",
      "05400141169553",
      "15400141204428",
      "05400141204421"
    ],
    "topCategoryName": "Zuivel",
    "topCategoryId": "65",
    "businessDomain": "RETAIL_BE",
    "IsPrivateLabel": true,
    "IsBiffe": false,
    "WeightconversionFactor": "0",
    "IsWeightArticle": false,
    "nutriscoreLabel": "D",
    "IsBio": false,
    "CountryOfOrigin": "DUITSLAND",
    "IsExclusivelySoldInLuxembourg": false,
    "OrderUnit": "P",
    "ShortName": "EVD CHOCOMELK BRIK6X20C",
    "IsNew": false,
    "EcoscoreLabel": "D",
    "RecentQuanityOfStockUnits": "1,5",
    "LongName": "EVERYDAY halfvolle chocomelk brik 6x20cl",
    "AlcoholVolume": "0",
    "FicCode": "I",
    "EcoscoreValue": "39"
  },
  {
    "productId": "687361",
    "technicalArticleNumber": "4411436",
    "commercialArticleNumber": "25446",
    "name": "brik",
    "brand": "CÉCÉMEL",
    "seoBrand": "Cécémel",
    "thumbNail": "https://static.colruytgroup.com/images/200x200/nl_be/51/67/asset-2755167.jpg",
    "fullImage": "https://static.colruytgroup.com/images/500x500/nl_be/51/67/asset-2755167.jpg",
    "squareImage": "https://static.colruytgroup.com/images/500x500sq/nl_be/51/67/asset-2755167.jpg",
    "content": "1L",
    "walkRouteSequenceNumber": 6360,
    "price": {
      "basicPrice": 1.25,
      "recommendedQuantity": "1.0",
      "measurementUnitPrice": 1.25,
      "measurementUnit": "L",
      "isRedPrice": false,
      "pricePerUOM": 1.25,
      "activationDate": "01-02-2024",
      "recordSource": "Offline",
      "isPromoActive": "N",
      "priceChangeCode": "E"
    },
    "isAvailable": true,
    "isPriceAvailable": true,
    "inPromo": false,
    "gtin": [
      "05414150631147",
      "05414150520700"
    ],
    "topCategoryName": "Zuivel",
    "topCategoryId": "65",
    "businessDomain": "RETAIL_BE",
    "IsPrivateLabel": false,
    "IsBiffe": false,
    "WeightconversionFactor": "0",
    "IsWeightArticle": false,
    "nutriscoreLabel": "B",
    "IsBio": false,
    "CountryOfOrigin": "BELGIË",
    "IsExclusivelySoldInLuxembourg": false,
    "OrderUnit": "P",
    "ShortName": "CECE BRIK 1L",
    "IsNew": false,
    "EcoscoreLabel": "B",
    "RecentQuanityOfStockUnits": "6,1",
    "LongName": "CÉCÉMEL brik 1L",
    "FicCode": "E",
    "EcoscoreValue": "72"
  },
  {
    "productId": "58613",
    "technicalArticleNumber": "2349232",
    "commercialArticleNumber": "21725",
    "name": "halfvolle melk brik",
    "description": "*Halfvolle melk",
    "brand": "FAIREBEL",
    "seoBrand": "Fairebel",
    "thumbNail": "https://static.colruytgroup.com/images/200x200/std.lang.all/49/40/asset-2634940.jpg",
    "fullImage": "https://static.colruytgroup.com/images/500x500/std.lang.all/49/40/asset-2634940.jpg",
    "squareImage": "https://static.colruytgroup.com/images/500x500sq/std.lang.all/49/40/asset-2634940.jpg",
    "content": "1L",
    "walkRouteSequenceNumber": 6278,
    "price": {
      "basicPrice": 1.29,
      "recommendedQuantity": "1.0",
      "measurementUnitPrice": 1.29,
      "measurementUnit": "L",
      "isRedPrice": false,
      "pricePerUOM": 1.29,
      "activationDate": "12-03-2024",
      "recordSource": "Offline",
      "isPromoActive": "N",
      "priceChangeCode": "E"
    },
    "isAvailable": true,
    "isPriceAvailable": true,
    "inPromo": false,
    "gtin": [
      "05425027280023",
      "05425027280016"
    ],
    "topCategoryName": "Zuivel",
    "topCategoryId": "65",
    "businessDomain": "RETAIL_BE",
    "IsPrivateLabel": false,
    "IsBiffe": false,
    "WeightconversionFactor": "0",
    "IsWeightArticle": false,
    "nutriscoreLabel": "B",
    "IsBio": false,
    "CountryOfOrigin": "BELGIË",
    "IsExclusivelySoldInLuxembourg": false,
    "OrderUnit": "P",
    "ShortName": "FAIREBEL HV MELK 1L",
    "IsNew": false,
    "EcoscoreLabel": "B",
    "RecentQuanityOfStockUnits": "1,6",
    "LongName": "FAIREBEL halfvolle melk brik 1L",
    "AlcoholVolume": "0",
    "FicCode": "E",
    "EcoscoreValue": "75"
  },
  {
    "productId": "583",
    "technicalArticleNumber": "5597",
    "commercialArticleNumber": "5597",
    "name": "Halfvolle melk PET",
    "description": "*Halfvolle melk\n*België",
    "brand": "CAMPINA",
    "seoBrand": "Campina",
    "thumbNail": "https://static.colruytgroup.com/images/200x200/nl_be/58/00/asset-3405800.jpg",
    "fullImage": "https://static.colruytgroup.com/images/500x500/nl_be/58/00/asset-3405800.jpg",
    "squareImage": "https://static.colruytgroup.com/images/500x500sq/nl_be/58/00/asset-3405800.jpg",
    "content": "1L",
    "walkRouteSequenceNumber": 6276,
    "price": {
      "basicPrice": 1.28,
      "recommendedQuantity": "1.0",
      "measurementUnitPrice": 1.28,
      "measurementUnit": "L",
      "isRedPrice": false,
      "pricePerUOM": 1.28,
      "activationDate": "12-03-2024",
      "recordSource": "Offline",
      "isPromoActive": "N",
      "priceChangeCode": "E"
    },
    "isAvailable": true,
    "isPriceAvailable": true,
    "inPromo": false,
    "gtin": [
      "05410438046443",
      "05410438000209",
      "05410438000216",
      "05410438032200",
      "05410438046542"
    ],
    "topCategoryName": "Zuivel",
    "topCategoryId": "65",
    "businessDomain": "RETAIL_BE",
    "IsPrivateLabel": false,
    "IsBiffe": false,
    "WeightconversionFactor": "0",
    "IsWeightArticle": false,
    "nutriscoreLabel": "A",
    "IsBio": false,
    "CountryOfOrigin": "BELGIË",
    "IsExclusivelySoldInLuxembourg": false,
    "OrderUnit": "P",
    "ShortName": "CAMP H.V. MELK PET 1L",
    "IsNew": false,
    "EcoscoreLabel": "B",
    "RecentQuanityOfStockUnits": "1,1,8,6,8",
    "LongName": "CAMPINA Halfvolle melk PET 1L",
    "AlcoholVolume": "0",
    "FicCode": "E",
    "EcoscoreValue": "69"
  },
  {
    "productId": "577",
    "technicalArticleNumber": "5588",
    "commercialArticleNumber": "5588",
    "name": "Halfvolle melk Ardennen brik",
    "description": "*Halfvolle melk\n*België\n*Uit de Belgische\nArdennen",
    "brand": "BONI",
    "seoBrand": "Boni Selection",
    "thumbNail": "https://static.colruytgroup.com/images/200x200/nl_be/81/12/asset-3028112.jpg",
    "fullImage": "https://static.colruytgroup.com/images/500x500/nl_be/81/12/asset-3028112.jpg",
    "squareImage": "https://static.colruytgroup.com/images/500x500sq/nl_be/81/12/asset-3028112.jpg",
    "content": "1L",
    "walkRouteSequenceNumber": 6265,
    "price": {
      "basicPrice": 1.45,
      "recommendedQuantity": "1.0",
      "quantityPrice": 1.08,
      "quantityPriceQuantity": "6.0",
      "measurementUnitPrice": 1.45,
      "measurementUnitQuantityPrice": 1.08,
      "measurementUnit": "L",
      "isRedPrice": false,
      "pricePerUOM": 1.45,
      "activationDate": "12-03-2024",
      "isPromoActive": "N",
      "priceChangeCode": "H",
      "quantityPricePerUOM": 1.08,
      "quantityActivationDate": "12-03-2024",
      "quantityPriceChangeCode": "H"
    },
    "isAvailable": true,
    "isPriceAvailable": true,
    "inPromo": false,
    "gtin": [
      "05400141155884",
      "05400141339116",
      "05400141354348",
      "15400141354345",
      "15400141849520",
      "05400141023268",
      "05400141055887",
      "15400141822073"
    ],
    "topCategoryName": "Zuivel",
    "topCategoryId": "65",
    "businessDomain": "RETAIL_BE",
    "IsPrivateLabel": true,
    "IsBiffe": false,
    "WeightconversionFactor": "0",
    "IsWeightArticle": false,
    "nutriscoreLabel": "B",
    "IsBio": false,
    "CountryOfOrigin": "BELGIË",
    "IsExclusivelySoldInLuxembourg": false,
    "OrderUnit": "P",
    "ShortName": "BONI HV.MELK ARDENNEN1L",
    "IsNew": false,
    "EcoscoreLabel": "B",
    "RecentQuanityOfStockUnits": "1,12",
    "LongName": "BONI Halfvolle melk Ardennen brik 1L",
    "AlcoholVolume": "0",
    "FicCode": "I",
    "EcoscoreValue": "69"
  },
  {
    "productId": "12843",
    "technicalArticleNumber": "1236119",
    "commercialArticleNumber": "5675",
    "name": "koffieroom cups",
    "description": "*Vetgehalte: 10 %\n*Niet-opklopbaar",
    "brand": "EVERYDAY",
    "seoBrand": "Everyday",
    "thumbNail": "https://static.colruytgroup.com/images/200x200/std.lang.all/36/49/asset-343649.jpg",
    "fullImage": "https://static.colruytgroup.com/images/500x500/std.lang.all/36/49/asset-343649.jpg",
    "squareImage": "https://static.colruytgroup.com/images/500x500sq/std.lang.all/36/49/asset-343649.jpg",
    "content": "20x10g",
    "walkRouteSequenceNumber": 6376,
    "price": {
      "basicPrice": 0.79,
      "recommendedQuantity": "1.0",
      "measurementUnitPrice": 3.95,
      "measurementUnit": "K",
      "isRedPrice": false,
      "pricePerUOM": 3.95,
      "activationDate": "14-11-2023",
      "recordSource": "Offline",
      "isPromoActive": "N",
      "priceChangeCode": "E"
    },
    "isAvailable": true,
    "isPriceAvailable": true,
    "inPromo": false,
    "gtin": [
      "05400141167900",
      "05400141015805",
      "05400141058642"
    ],
    "topCategoryName": "Zuivel",
    "topCategoryId": "65",
    "businessDomain": "RETAIL_BE",
    "IsPrivateLabel": true,
    "IsBiffe": false,
    "WeightconversionFactor": "0",
    "IsWeightArticle": false,
    "nutriscoreLabel": "D",
    "IsBio": false,
    "CountryOfOrigin": "DUITSLAND",
    "IsExclusivelySoldInLuxembourg": false,
    "OrderUnit": "P",
    "ShortName": "EVD KOFFIEROOM 20X10G",
    "IsNew": false,
    "EcoscoreLabel": "B",
    "RecentQuanityOfStockUnits": "1,15",
    "LongName": "EVERYDAY koffieroom cups 20x10g",
    "AlcoholVolume": "0",
    "FicCode": "I",
    "EcoscoreValue": "62"
  },
  {
    "productId": "12011",
    "technicalArticleNumber": "1377407",
    "commercialArticleNumber": "5585",
    "name": "halfvolle chocomelk brik",
    "description": "*Halfvolle melk",
    "brand": "EVERYDAY",
    "seoBrand": "Everyday",
    "thumbNail": "https://static.colruytgroup.com/images/200x200/std.lang.all/63/50/asset-2906350.jpg",
    "fullImage": "https://static.colruytgroup.com/images/500x500/std.lang.all/63/50/asset-2906350.jpg",
    "squareImage": "https://static.colruytgroup.com/images/500x500sq/std.lang.all/63/50/asset-2906350.jpg",
    "content": "1L",
    "walkRouteSequenceNumber": 6364,
    "price": {
      "basicPrice": 0.99,
      "recommendedQuantity": "12.0",
      "measurementUnitPrice": 0.99,
      "measurementUnit": "L",
      "isRedPrice": false,
      "pricePerUOM": 0.99,
      "activationDate": "14-11-2023",
      "recordSource": "Offline",
      "isPromoActive": "N",
      "priceChangeCode": "E"
    },
    "isAvailable": true,
    "isPriceAvailable": true,
    "inPromo": false,
    "gtin": [
      "05400141105001",
      "05400141167733",
      "15400141105008",
      "15400141946281",
      "05400141946284"
    ],
    "topCategoryName": "Zuivel",
    "topCategoryId": "65",
    "businessDomain": "RETAIL_BE",
    "IsPrivateLabel": true,
    "IsBiffe": false,
    "WeightconversionFactor": "0",
    "IsWeightArticle": false,
    "nutriscoreLabel": "D",
    "IsBio": false,
    "CountryOfOrigin": "DUITSLAND",
    "IsExclusivelySoldInLuxembourg": false,
    "OrderUnit": "P",
    "ShortName": "EVD HALFVOL CHOCO 1L",
    "IsNew": false,
    "EcoscoreLabel": "D",
    "RecentQuanityOfStockUnits": "1,12",
    "LongName": "EVERYDAY halfvolle chocomelk brik 1L",
    "AlcoholVolume": "0",
    "FicCode": "I",
    "EcoscoreValue": "29"
  },
  {
    "productId": "572",
    "technicalArticleNumber": "5556",
    "commercialArticleNumber": "5556",
    "name": "halfvolle melk brik",
    "description": "*Halfvolle melk\n*Verrijkt met\nvitamine D\n*België",
    "brand": "JOYVALLE",
    "seoBrand": "Joyvalle",
    "thumbNail": "https://static.colruytgroup.com/images/200x200/std.lang.all/61/00/asset-3176100.jpg",
    "fullImage": "https://static.colruytgroup.com/images/500x500/std.lang.all/61/00/asset-3176100.jpg",
    "squareImage": "https://static.colruytgroup.com/images/500x500sq/std.lang.all/61/00/asset-3176100.jpg",
    "content": "1L",
    "walkRouteSequenceNumber": 6277,
    "price": {
      "basicPrice": 1.58,
      "recommendedQuantity": "1.0",
      "measurementUnitPrice": 1.58,
      "measurementUnit": "L",
      "isRedPrice": false,
      "pricePerUOM": 1.58,
      "activationDate": "13-03-2024",
      "isPromoActive": "Y",
      "priceChangeCode": "E"
    },
    "isAvailable": true,
    "isPriceAvailable": true,
    "inPromo": true,
    "promotion": [
      {
        "techPromoId": "100835COLR",
        "promotionId": "100835",
        "promotionType": "4",
        "isPersonalized": "N",
        "publicationStartDate": "13-03-2024",
        "publicationEndDate": "26-03-2024"
      }
    ],
    "gtin": [
      "05410438045095",
      "05410401013014",
      "05410401013410",
      "05410438045088"
    ],
    "topCategoryName": "Zuivel",
    "topCategoryId": "65",
    "businessDomain": "RETAIL_BE",
    "IsPrivateLabel": false,
    "IsBiffe": false,
    "WeightconversionFactor": "0",
    "IsWeightArticle": false,
    "nutriscoreLabel": "A",
    "IsBio": false,
    "CountryOfOrigin": "BELGIË",
    "IsExclusivelySoldInLuxembourg": false,
    "OrderUnit": "P",
    "ShortName": "JOYV HALVOLLE MELK 1L",
    "IsNew": false,
    "EcoscoreLabel": "B",
    "RecentQuanityOfStockUnits": "1,12",
    "LongName": "JOYVALLE halfvolle melk brik 1L",
    "AlcoholVolume": "0",
    "FicCode": "E",
    "EcoscoreValue": "69"
  },
  {
    "productId": "113317",
    "technicalArticleNumber": "3049153",
    "commercialArticleNumber": "25728",
    "name": "volle melk brik",
    "description": "*Volle melk",
    "brand": "FAIREBEL",
    "seoBrand": "Fairebel",
    "thumbNail": "https://static.colruytgroup.com/images/200x200/std.lang.all/51/90/asset-2635190.jpg",
    "fullImage": "https://static.colruytgroup.com/images/500x500/std.lang.all/51/90/asset-2635190.jpg",
    "squareImage": "https://static.colruytgroup.com/images/500x500sq/std.lang.all/51/90/asset-2635190.jpg",
    "content": "1L",
    "walkRouteSequenceNumber": 6251,
    "price": {
      "basicPrice": 1.35,
      "recommendedQuantity": "1.0",
      "quantityPrice": 1.27,
      "quantityPriceQuantity": "6.0",
      "measurementUnitPrice": 1.35,
      "measurementUnitQuantityPrice": 1.27,
      "measurementUnit": "L",
      "isRedPrice": false,
      "pricePerUOM": 1.35,
      "activationDate": "19-03-2024",
      "recordSource": "Offline",
      "isPromoActive": "N",
      "priceChangeCode": "E",
      "quantityPricePerUOM": 1.27,
      "quantityActivationDate": "19-03-2024",
      "quantityPriceChangeCode": "E"
    },
    "isAvailable": true,
    "isPriceAvailable": true,
    "inPromo": false,
    "gtin": [
      "05425027280153",
      "05425027280160"
    ],
    "topCategoryName": "Zuivel",
    "topCategoryId": "65",
    "businessDomain": "RETAIL_BE",
    "IsPrivateLabel": false,
    "IsBiffe": false,
    "WeightconversionFactor": "0",
    "IsWeightArticle": false,
    "nutriscoreLabel": "C",
    "IsBio": false,
    "CountryOfOrigin": "LUXEMBURG",
    "IsExclusivelySoldInLuxembourg": false,
    "OrderUnit": "P",
    "ShortName": "FAIREBEL VOL MELK 1L",
    "IsNew": false,
    "EcoscoreLabel": "C",
    "RecentQuanityOfStockUnits": "1,6",
    "LongName": "FAIREBEL volle melk brik 1L",
    "AlcoholVolume": "0",
    "FicCode": "E",
    "EcoscoreValue": "49"
  },
  {
    "productId": "575",
    "technicalArticleNumber": "5577",
    "commercialArticleNumber": "5577",
    "name": "magere chocomelk fles",
    "description": "*Magere melk\n*Met toegevoegde\nvitamines",
    "brand": "CHOCOVIT",
    "seoBrand": "Chocovit",
    "thumbNail": "https://static.colruytgroup.com/images/200x200/std.lang.all/35/92/asset-1033592.jpg",
    "fullImage": "https://static.colruytgroup.com/images/500x500/std.lang.all/35/92/asset-1033592.jpg",
    "squareImage": "https://static.colruytgroup.com/images/500x500sq/std.lang.all/35/92/asset-1033592.jpg",
    "content": "50cl",
    "walkRouteSequenceNumber": 6349,
    "price": {
      "basicPrice": 1.39,
      "recommendedQuantity": "1.0",
      "measurementUnitPrice": 2.78,
      "measurementUnit": "L",
      "isRedPrice": false,
      "pricePerUOM": 2.78,
      "activationDate": "29-01-2024",
      "recordSource": "Offline",
      "isPromoActive": "N",
      "priceChangeCode": "E"
    },
    "isAvailable": true,
    "isPriceAvailable": true,
    "inPromo": false,
    "gtin": [
      "05412451000037",
      "05412451120032"
    ],
    "topCategoryName": "Zuivel",
    "topCategoryId": "65",
    "businessDomain": "RETAIL_BE",
    "IsPrivateLabel": false,
    "IsBiffe": false,
    "WeightconversionFactor": "0",
    "IsWeightArticle": false,
    "nutriscoreLabel": "D",
    "IsBio": false,
    "CountryOfOrigin": "BELGIË",
    "IsExclusivelySoldInLuxembourg": false,
    "OrderUnit": "P",
    "ShortName": "CHOC CHOCOM. MAGER 50CL",
    "IsNew": false,
    "EcoscoreLabel": "B",
    "RecentQuanityOfStockUnits": "1,12",
    "LongName": "CHOCOVIT magere chocomelk fles 50cl",
    "AlcoholVolume": "0",
    "FicCode": "E",
    "EcoscoreValue": "63"
  },
  {
    "productId": "11323",
    "technicalArticleNumber": "1387563",
    "commercialArticleNumber": "5681",
    "name": "sojadrank natuur brik",
    "description": "*Plantaardige drank",
    "brand": "EVERYDAY",
    "seoBrand": "Everyday",
    "thumbNail": "https://static.colruytgroup.com/images/200x200/std.lang.all/40/20/asset-3234020.jpg",
    "fullImage": "https://static.colruytgroup.com/images/500x500/std.lang.all/40/20/asset-3234020.jpg",
    "squareImage": "https://static.colruytgroup.com/images/500x500sq/std.lang.all/40/20/asset-3234020.jpg",
    "content": "1L",
    "walkRouteSequenceNumber": 6289,
    "price": {
      "basicPrice": 0.69,
      "recommendedQuantity": "1.0",
      "measurementUnitPrice": 0.69,
      "measurementUnit": "L",
      "isRedPrice": false,
      "pricePerUOM": 0.69,
      "activationDate": "19-03-2024",
      "recordSource": "Offline",
      "isPromoActive": "N",
      "priceChangeCode": "E"
    },
    "isAvailable": true,
    "isPriceAvailable": true,
    "inPromo": false,
    "gtin": [
      "05400141056815",
      "05400141167085",
      "05400141353778",
      "15400141834410",
      "05400141911596",
      "15400141469551",
      "05400141469554",
      "15400141911593"
    ],
    "topCategoryName": "Zuivel",
    "topCategoryId": "65",
    "businessDomain": "RETAIL_BE",
    "IsPrivateLabel": true,
    "IsBiffe": false,
    "WeightconversionFactor": "0",
    "IsWeightArticle": false,
    "nutriscoreLabel": "B",
    "IsBio": false,
    "CountryOfOrigin": "SPANJE",
    "IsExclusivelySoldInLuxembourg": false,
    "OrderUnit": "P",
    "ShortName": "EVD SOJADRANK NATUUR 1L",
    "IsNew": false,
    "EcoscoreLabel": "B",
    "RecentQuanityOfStockUnits": "1,8",
    "LongName": "EVERYDAY sojadrank natuur brik 1L",
    "AlcoholVolume": "0",
    "FicCode": "I",
    "EcoscoreValue": "68"
  },
  {
    "productId": "2604",
    "technicalArticleNumber": "1100357",
    "commercialArticleNumber": "5662",
    "name": "rood fruit brik",
    "description": "*Magere melk\n*België",
    "brand": "FRISTI",
    "seoBrand": "Fristi",
    "thumbNail": "https://static.colruytgroup.com/images/200x200/nl_be/98/74/asset-2509874.jpg",
    "fullImage": "https://static.colruytgroup.com/images/500x500/nl_be/98/74/asset-2509874.jpg",
    "squareImage": "https://static.colruytgroup.com/images/500x500sq/nl_be/98/74/asset-2509874.jpg",
    "content": "6x200ml",
    "walkRouteSequenceNumber": 6358,
    "price": {
      "basicPrice": 1.79,
      "recommendedQuantity": "1.0",
      "measurementUnitPrice": 1.5,
      "measurementUnit": "L",
      "isRedPrice": false,
      "pricePerUOM": 1.5,
      "activationDate": "14-03-2024",
      "recordSource": "Offline",
      "isPromoActive": "N",
      "priceChangeCode": "E"
    },
    "isAvailable": true,
    "isPriceAvailable": true,
    "inPromo": false,
    "gtin": [
      "05414150215262",
      "08713300801230"
    ],
    "topCategoryName": "Zuivel",
    "topCategoryId": "65",
    "businessDomain": "RETAIL_BE",
    "IsPrivateLabel": false,
    "IsBiffe": false,
    "WeightconversionFactor": "0",
    "IsWeightArticle": false,
    "nutriscoreLabel": "C",
    "IsBio": false,
    "CountryOfOrigin": "DUITSLAND",
    "IsExclusivelySoldInLuxembourg": false,
    "OrderUnit": "P",
    "ShortName": "FRISTI ROOD FRUIT 6X20C",
    "IsNew": false,
    "EcoscoreLabel": "A",
    "RecentQuanityOfStockUnits": "5,1",
    "LongName": "FRISTI rood fruit brik 6x200ml",
    "AlcoholVolume": "0",
    "FicCode": "E",
    "EcoscoreValue": "99"
  },
  {
    "productId": "13827",
    "technicalArticleNumber": "1318345",
    "commercialArticleNumber": "5613",
    "name": "sojadrink vanille",
    "description": "*België\n*Plantaardig",
    "brand": "ALPRO",
    "seoBrand": "Alpro",
    "thumbNail": "https://static.colruytgroup.com/images/200x200/std.lang.all/77/67/asset-3367767.jpg",
    "fullImage": "https://static.colruytgroup.com/images/500x500/std.lang.all/77/67/asset-3367767.jpg",
    "squareImage": "https://static.colruytgroup.com/images/500x500sq/std.lang.all/77/67/asset-3367767.jpg",
    "content": "1L",
    "walkRouteSequenceNumber": 6319,
    "price": {
      "basicPrice": 1.44,
      "recommendedQuantity": "6.0",
      "measurementUnitPrice": 1.44,
      "measurementUnit": "L",
      "isRedPrice": false,
      "pricePerUOM": 1.44,
      "activationDate": "19-03-2024",
      "recordSource": "Offline",
      "isPromoActive": "N",
      "priceChangeCode": "H"
    },
    "isAvailable": true,
    "isPriceAvailable": true,
    "inPromo": false,
    "gtin": [
      "05411188129400",
      "05411188129394",
      "05411188115533",
      "05411188093077"
    ],
    "topCategoryName": "Zuivel",
    "topCategoryId": "65",
    "businessDomain": "RETAIL_BE",
    "IsPrivateLabel": false,
    "IsBiffe": false,
    "WeightconversionFactor": "0",
    "IsWeightArticle": false,
    "nutriscoreLabel": "B",
    "IsBio": false,
    "CountryOfOrigin": "BELGIË",
    "IsExclusivelySoldInLuxembourg": false,
    "OrderUnit": "P",
    "ShortName": "ALPRO SOYADRINK VAN. 1L",
    "IsNew": false,
    "EcoscoreLabel": "A",
    "RecentQuanityOfStockUnits": "12,1,6",
    "LongName": "ALPRO sojadrink vanille 1L",
    "AlcoholVolume": "0",
    "FicCode": "E",
    "EcoscoreValue": "83"
  },
  {
    "productId": "718599",
    "technicalArticleNumber": "4466993",
    "commercialArticleNumber": "26878",
    "name": "koffiemelk romig PET",
    "description": "*Geëvaporeerde,\ngesteriliseerde melk",
    "brand": "BONI",
    "seoBrand": "Boni Selection",
    "thumbNail": "https://static.colruytgroup.com/images/200x200/std.lang.all/04/20/asset-2700420.jpg",
    "fullImage": "https://static.colruytgroup.com/images/500x500/std.lang.all/04/20/asset-2700420.jpg",
    "squareImage": "https://static.colruytgroup.com/images/500x500sq/std.lang.all/04/20/asset-2700420.jpg",
    "content": "471ml",
    "walkRouteSequenceNumber": 6362,
    "price": {
      "basicPrice": 2.04,
      "recommendedQuantity": "1.0",
      "measurementUnitPrice": 4.34,
      "measurementUnit": "L",
      "isRedPrice": false,
      "pricePerUOM": 4.34,
      "activationDate": "17-11-2023",
      "isPromoActive": "N",
      "priceChangeCode": "H"
    },
    "isAvailable": true,
    "isPriceAvailable": true,
    "inPromo": false,
    "gtin": [
      "15400141950318",
      "05400141950311"
    ],
    "topCategoryName": "Zuivel",
    "topCategoryId": "65",
    "businessDomain": "RETAIL_BE",
    "IsPrivateLabel": true,
    "IsBiffe": false,
    "WeightconversionFactor": "0",
    "IsWeightArticle": false,
    "nutriscoreLabel": "E",
    "IsBio": false,
    "CountryOfOrigin": "BELGIË",
    "IsExclusivelySoldInLuxembourg": false,
    "OrderUnit": "P",
    "ShortName": "BONI KOFFIEMEL.PET471ML",
    "IsNew": false,
    "EcoscoreLabel": "C",
    "RecentQuanityOfStockUnits": "1,12",
    "LongName": "BONI koffiemelk romig PET 471ml",
    "FicCode": "I",
    "EcoscoreValue": "51"
  },
  {
    "productId": "439237",
    "technicalArticleNumber": "3985735",
    "commercialArticleNumber": "3960",
    "name": "amandeldrink suikervrij brik",
    "description": "*Plantaardig",
    "brand": "BONI",
    "seoBrand": "Boni Selection",
    "thumbNail": "https://static.colruytgroup.com/images/200x200/std.lang.all/21/87/asset-3342187.jpg",
    "fullImage": "https://static.colruytgroup.com/images/500x500/std.lang.all/21/87/asset-3342187.jpg",
    "squareImage": "https://static.colruytgroup.com/images/500x500sq/std.lang.all/21/87/asset-3342187.jpg",
    "content": "1L",
    "walkRouteSequenceNumber": 6283,
    "price": {
      "basicPrice": 1.49,
      "recommendedQuantity": "1.0",
      "measurementUnitPrice": 1.49,
      "measurementUnit": "L",
      "isRedPrice": false,
      "pricePerUOM": 1.49,
      "activationDate": "19-03-2024",
      "recordSource": "Offline",
      "isPromoActive": "N",
      "priceChangeCode": "E"
    },
    "isAvailable": true,
    "isPriceAvailable": true,
    "inPromo": false,
    "gtin": [
      "15400141301882",
      "05400141130713",
      "05400141301885",
      "15400141130710",
      "05400141452266"
    ],
    "topCategoryName": "Zuivel",
    "topCategoryId": "65",
    "businessDomain": "RETAIL_BE",
    "IsPrivateLabel": true,
    "IsBiffe": false,
    "WeightconversionFactor": "0",
    "IsWeightArticle": false,
    "nutriscoreLabel": "B",
    "IsBio": false,
    "CountryOfOrigin": "DUITSLAND",
    "IsExclusivelySoldInLuxembourg": false,
    "OrderUnit": "P",
    "ShortName": "BONI AMAN.DR.SUIKERVR1L",
    "IsNew": false,
    "EcoscoreLabel": "B",
    "RecentQuanityOfStockUnits": "10,1",
    "LongName": "BONI amandeldrink suikervrij brik 1L",
    "AlcoholVolume": "0",
    "FicCode": "I",
    "EcoscoreValue": "74"
  },
  {
    "productId": "596",
    "technicalArticleNumber": "5652",
    "commercialArticleNumber": "5652",
    "name": "koffiemelk glas",
    "description": "*Gesteriliseerde\nmelk",
    "brand": "EVERYDAY",
    "seoBrand": "Everyday",
    "thumbNail": "https://static.colruytgroup.com/images/200x200/std.lang.all/29/78/asset-532978.jpg",
    "fullImage": "https://static.colruytgroup.com/images/500x500/std.lang.all/29/78/asset-532978.jpg",
    "squareImage": "https://static.colruytgroup.com/images/500x500sq/std.lang.all/29/78/asset-532978.jpg",
    "content": "250ml",
    "walkRouteSequenceNumber": 6373,
    "price": {
      "basicPrice": 0.69,
      "recommendedQuantity": "1.0",
      "measurementUnitPrice": 2.76,
      "measurementUnit": "L",
      "isRedPrice": false,
      "pricePerUOM": 2.76,
      "activationDate": "14-11-2023",
      "recordSource": "Offline",
      "isPromoActive": "N",
      "priceChangeCode": "E"
    },
    "isAvailable": true,
    "isPriceAvailable": true,
    "inPromo": false,
    "gtin": [
      "05400141005745",
      "05400141099621",
      "05400141168334",
      "05400141415889",
      "15400141099628",
      "15400141415886"
    ],
    "topCategoryName": "Zuivel",
    "topCategoryId": "65",
    "businessDomain": "RETAIL_BE",
    "IsPrivateLabel": true,
    "IsBiffe": false,
    "WeightconversionFactor": "0",
    "IsWeightArticle": false,
    "nutriscoreLabel": "C",
    "IsBio": false,
    "CountryOfOrigin": "DUITSLAND",
    "IsExclusivelySoldInLuxembourg": false,
    "OrderUnit": "P",
    "ShortName": "EVD MELK VOOR KOFF 250M",
    "IsNew": false,
    "EcoscoreLabel": "D",
    "RecentQuanityOfStockUnits": "1,20",
    "LongName": "EVERYDAY koffiemelk glas 250ml",
    "AlcoholVolume": "0",
    "FicCode": "I",
    "EcoscoreValue": "28"
  },
  {
    "productId": "301992",
    "technicalArticleNumber": "3700265",
    "commercialArticleNumber": "10360",
    "name": "volle melk brik",
    "description": "*Vol\n*België",
    "brand": "BONI BIO",
    "seoBrand": "Boni Selection Bio",
    "thumbNail": "https://static.colruytgroup.com/images/200x200/std.lang.all/81/43/asset-3028143.jpg",
    "fullImage": "https://static.colruytgroup.com/images/500x500/std.lang.all/81/43/asset-3028143.jpg",
    "squareImage": "https://static.colruytgroup.com/images/500x500sq/std.lang.all/81/43/asset-3028143.jpg",
    "content": "1L",
    "walkRouteSequenceNumber": 6258,
    "price": {
      "basicPrice": 1.59,
      "recommendedQuantity": "1.0",
      "measurementUnitPrice": 1.59,
      "measurementUnit": "L",
      "isRedPrice": false,
      "pricePerUOM": 1.59,
      "activationDate": "17-08-2023",
      "recordSource": "Offline",
      "isPromoActive": "N",
      "priceChangeCode": "E"
    },
    "isAvailable": true,
    "isPriceAvailable": true,
    "inPromo": false,
    "gtin": [
      "15400141033790",
      "05400141358810",
      "05400141293029",
      "05400141033793",
      "15400141293026",
      "15400141358817",
      "15400141822110"
    ],
    "topCategoryName": "Zuivel",
    "topCategoryId": "65",
    "businessDomain": "RETAIL_BE",
    "IsPrivateLabel": true,
    "IsBiffe": false,
    "WeightconversionFactor": "0",
    "IsWeightArticle": false,
    "nutriscoreLabel": "C",
    "IsBio": true,
    "CountryOfOrigin": "BELGIË",
    "IsExclusivelySoldInLuxembourg": false,
    "OrderUnit": "P",
    "ShortName": "BONI BIO VOLLE MELK1L",
    "IsNew": false,
    "EcoscoreLabel": "B",
    "RecentQuanityOfStockUnits": "1,12",
    "LongName": "BONI BIO volle melk brik 1L",
    "AlcoholVolume": "0",
    "FicCode": "I",
    "EcoscoreValue": "76"
  },
  {
    "productId": "292634",
    "technicalArticleNumber": "3708928",
    "commercialArticleNumber": "16920",
    "name": "amandeldrink",
    "description": "*Plantaardig",
    "brand": "BONI",
    "seoBrand": "Boni Selection",
    "thumbNail": "https://static.colruytgroup.com/images/200x200/std.lang.all/15/78/asset-3361578.jpg",
    "fullImage": "https://static.colruytgroup.com/images/500x500/std.lang.all/15/78/asset-3361578.jpg",
    "squareImage": "https://static.colruytgroup.com/images/500x500sq/std.lang.all/15/78/asset-3361578.jpg",
    "content": "1L",
    "walkRouteSequenceNumber": 6286,
    "price": {
      "basicPrice": 1.43,
      "recommendedQuantity": "1.0",
      "measurementUnitPrice": 1.43,
      "measurementUnit": "L",
      "isRedPrice": false,
      "pricePerUOM": 1.43,
      "activationDate": "21-03-2024",
      "recordSource": "Folder",
      "isPromoActive": "N",
      "priceChangeCode": "L"
    },
    "isAvailable": true,
    "isPriceAvailable": true,
    "inPromo": false,
    "gtin": [
      "05400141241860",
      "15400141241867",
      "15400141301929",
      "05400141301922",
      "05400141033939",
      "05400141850932",
      "15400141850939"
    ],
    "topCategoryName": "Zuivel",
    "topCategoryId": "65",
    "businessDomain": "RETAIL_BE",
    "IsPrivateLabel": true,
    "IsBiffe": false,
    "WeightconversionFactor": "0",
    "IsWeightArticle": false,
    "nutriscoreLabel": "C",
    "IsBio": false,
    "CountryOfOrigin": "DUITSLAND",
    "IsExclusivelySoldInLuxembourg": false,
    "OrderUnit": "P",
    "ShortName": "BONI AMANDELDRINK 1L",
    "IsNew": false,
    "EcoscoreLabel": "A",
    "RecentQuanityOfStockUnits": "1,10",
    "LongName": "BONI amandeldrink 1L",
    "AlcoholVolume": "0",
    "FicCode": "I",
    "EcoscoreValue": "88"
  },
  {
    "productId": "41373",
    "technicalArticleNumber": "2503714",
    "commercialArticleNumber": "3173",
    "name": "aardbeidrink brik",
    "description": "*Magere melk\n*Oorsprong: Belgie",
    "brand": "EVERYDAY",
    "seoBrand": "Everyday",
    "thumbNail": "https://static.colruytgroup.com/images/200x200/std.lang.all/99/52/asset-1549952.jpg",
    "fullImage": "https://static.colruytgroup.com/images/500x500/std.lang.all/99/52/asset-1549952.jpg",
    "squareImage": "https://static.colruytgroup.com/images/500x500sq/std.lang.all/99/52/asset-1549952.jpg",
    "content": "6x20cl",
    "walkRouteSequenceNumber": 6346,
    "price": {
      "basicPrice": 1.55,
      "recommendedQuantity": "1.0",
      "measurementUnitPrice": 1.3,
      "measurementUnit": "L",
      "isRedPrice": false,
      "pricePerUOM": 1.3,
      "activationDate": "13-04-2023",
      "recordSource": "Offline",
      "isPromoActive": "N",
      "priceChangeCode": "H"
    },
    "isAvailable": true,
    "isPriceAvailable": true,
    "inPromo": false,
    "gtin": [
      "05400141168341",
      "15400141105107",
      "05400141379754",
      "05400141105100",
      "05400141096590"
    ],
    "topCategoryName": "Zuivel",
    "topCategoryId": "65",
    "businessDomain": "RETAIL_BE",
    "IsPrivateLabel": true,
    "IsBiffe": false,
    "WeightconversionFactor": "0",
    "IsWeightArticle": false,
    "nutriscoreLabel": "C",
    "IsBio": false,
    "CountryOfOrigin": "BELGIË",
    "IsExclusivelySoldInLuxembourg": false,
    "OrderUnit": "P",
    "ShortName": "EVD AARDBEIDRINK 6X20CL",
    "IsNew": false,
    "EcoscoreLabel": "A",
    "RecentQuanityOfStockUnits": "1,5",
    "LongName": "EVERYDAY aardbeidrink brik 6x20cl",
    "AlcoholVolume": "0",
    "FicCode": "I",
    "EcoscoreValue": "99"
  },
  {
    "productId": "570",
    "technicalArticleNumber": "5551",
    "commercialArticleNumber": "5551",
    "name": "volle melk brik",
    "description": "*Volle melk\n*Verrijkt met\nvitamine D\n*België",
    "brand": "JOYVALLE",
    "seoBrand": "Joyvalle",
    "thumbNail": "https://static.colruytgroup.com/images/200x200/std.lang.all/60/98/asset-3176098.jpg",
    "fullImage": "https://static.colruytgroup.com/images/500x500/std.lang.all/60/98/asset-3176098.jpg",
    "squareImage": "https://static.colruytgroup.com/images/500x500sq/std.lang.all/60/98/asset-3176098.jpg",
    "content": "1L",
    "walkRouteSequenceNumber": 6255,
    "price": {
      "basicPrice": 1.98,
      "recommendedQuantity": "1.0",
      "measurementUnitPrice": 1.98,
      "measurementUnit": "L",
      "isRedPrice": false,
      "pricePerUOM": 1.98,
      "activationDate": "13-03-2024",
      "isPromoActive": "Y",
      "priceChangeCode": "E"
    },
    "isAvailable": true,
    "isPriceAvailable": true,
    "inPromo": true,
    "promotion": [
      {
        "techPromoId": "100835COLR",
        "promotionId": "100835",
        "promotionType": "4",
        "isPersonalized": "N",
        "publicationStartDate": "13-03-2024",
        "publicationEndDate": "26-03-2024"
      }
    ],
    "gtin": [
      "05410438045149",
      "05410401011010",
      "05410401011416",
      "05410438045125"
    ],
    "topCategoryName": "Zuivel",
    "topCategoryId": "65",
    "businessDomain": "RETAIL_BE",
    "IsPrivateLabel": false,
    "IsBiffe": false,
    "WeightconversionFactor": "0",
    "IsWeightArticle": false,
    "nutriscoreLabel": "A",
    "IsBio": false,
    "CountryOfOrigin": "BELGIË",
    "IsExclusivelySoldInLuxembourg": false,
    "OrderUnit": "P",
    "ShortName": "JOYV VOLLE MELK 1L",
    "IsNew": false,
    "EcoscoreLabel": "D",
    "RecentQuanityOfStockUnits": "12,1",
    "LongName": "JOYVALLE volle melk brik 1L",
    "AlcoholVolume": "0",
    "FicCode": "E",
    "EcoscoreValue": "32"
  },
  {
    "productId": "473222",
    "technicalArticleNumber": "4066696",
    "commercialArticleNumber": "1481",
    "name": "magere melk PET",
    "brand": "BONI",
    "seoBrand": "Boni Selection",
    "thumbNail": "https://static.colruytgroup.com/images/200x200/nl_be/83/57/asset-3028357.jpg",
    "fullImage": "https://static.colruytgroup.com/images/500x500/nl_be/83/57/asset-3028357.jpg",
    "squareImage": "https://static.colruytgroup.com/images/500x500sq/nl_be/83/57/asset-3028357.jpg",
    "content": "1L",
    "walkRouteSequenceNumber": 6271,
    "price": {
      "basicPrice": 1.04,
      "recommendedQuantity": "1.0",
      "measurementUnitPrice": 1.04,
      "measurementUnit": "L",
      "isRedPrice": false,
      "pricePerUOM": 1.04,
      "activationDate": "12-03-2024",
      "recordSource": "Offline",
      "isPromoActive": "N",
      "priceChangeCode": "E"
    },
    "isAvailable": true,
    "isPriceAvailable": true,
    "inPromo": false,
    "gtin": [
      "05400141269475",
      "15400141269472",
      "35400141269476"
    ],
    "topCategoryName": "Zuivel",
    "topCategoryId": "65",
    "businessDomain": "RETAIL_BE",
    "IsPrivateLabel": true,
    "IsBiffe": false,
    "WeightconversionFactor": "0",
    "IsWeightArticle": false,
    "nutriscoreLabel": "B",
    "IsBio": false,
    "CountryOfOrigin": "BELGIË",
    "IsExclusivelySoldInLuxembourg": false,
    "OrderUnit": "P",
    "ShortName": "BONI MAG MELK 1L",
    "IsNew": false,
    "EcoscoreLabel": "B",
    "RecentQuanityOfStockUnits": "1,6",
    "LongName": "BONI magere melk PET 1L",
    "AlcoholVolume": "0",
    "FicCode": "I",
    "EcoscoreValue": "72"
  },
  {
    "productId": "344853",
    "technicalArticleNumber": "3827796",
    "commercialArticleNumber": "21806",
    "name": "less sugar brik",
    "description": "*Zonder toegevoegde\nsuikers\n*België",
    "brand": "CÉCÉMEL",
    "seoBrand": "Cécémel",
    "thumbNail": "https://static.colruytgroup.com/images/200x200/nl_be/05/56/asset-2400556.jpg",
    "fullImage": "https://static.colruytgroup.com/images/500x500/nl_be/05/56/asset-2400556.jpg",
    "squareImage": "https://static.colruytgroup.com/images/500x500sq/nl_be/05/56/asset-2400556.jpg",
    "content": "6x20cl",
    "walkRouteSequenceNumber": 1613,
    "price": {
      "basicPrice": 3.79,
      "recommendedQuantity": "1.0",
      "measurementUnitPrice": 3.16,
      "measurementUnit": "L",
      "isRedPrice": false,
      "pricePerUOM": 3.16,
      "activationDate": "14-03-2024",
      "recordSource": "Offline",
      "isPromoActive": "N",
      "priceChangeCode": "E"
    },
    "isAvailable": true,
    "isPriceAvailable": true,
    "inPromo": false,
    "gtin": [
      "05410438040489",
      "05410438040496"
    ],
    "topCategoryName": "Zuivel",
    "topCategoryId": "65",
    "businessDomain": "RETAIL_BE",
    "IsPrivateLabel": false,
    "IsBiffe": false,
    "WeightconversionFactor": "0",
    "IsWeightArticle": false,
    "nutriscoreLabel": "C",
    "IsBio": false,
    "CountryOfOrigin": "BELGIË",
    "IsExclusivelySoldInLuxembourg": false,
    "OrderUnit": "P",
    "ShortName": "CECE LESS SUG BR.6X20CL",
    "IsNew": false,
    "EcoscoreLabel": "B",
    "RecentQuanityOfStockUnits": "1,5",
    "LongName": "CÉCÉMEL less sugar brik 6x20cl",
    "AlcoholVolume": "0",
    "FicCode": "E",
    "EcoscoreValue": "71"
  },
  {
    "productId": "581",
    "technicalArticleNumber": "5595",
    "commercialArticleNumber": "5595",
    "name": "sojadrink",
    "description": "*België\n*Plantaardig,\nlactosevrij",
    "brand": "ALPRO",
    "seoBrand": "Alpro",
    "thumbNail": "https://static.colruytgroup.com/images/200x200/std.lang.all/77/64/asset-3367764.jpg",
    "fullImage": "https://static.colruytgroup.com/images/500x500/std.lang.all/77/64/asset-3367764.jpg",
    "squareImage": "https://static.colruytgroup.com/images/500x500sq/std.lang.all/77/64/asset-3367764.jpg",
    "content": "1L",
    "walkRouteSequenceNumber": 6288,
    "price": {
      "basicPrice": 1.29,
      "recommendedQuantity": "6.0",
      "measurementUnitPrice": 1.29,
      "measurementUnit": "L",
      "isRedPrice": false,
      "pricePerUOM": 1.29,
      "activationDate": "18-03-2024",
      "recordSource": "Offline",
      "isPromoActive": "N",
      "priceChangeCode": "H"
    },
    "isAvailable": true,
    "isPriceAvailable": true,
    "inPromo": true,
    "promotion": [
      {
        "techPromoId": "100834COLR",
        "promotionId": "100834",
        "promotionType": "4",
        "isPersonalized": "N",
        "publicationStartDate": "13-03-2024",
        "publicationEndDate": "26-03-2024"
      }
    ],
    "gtin": [
      "05411188115472",
      "05411188117117",
      "05411188117124"
    ],
    "topCategoryName": "Zuivel",
    "topCategoryId": "65",
    "businessDomain": "RETAIL_BE",
    "IsPrivateLabel": false,
    "IsBiffe": false,
    "WeightconversionFactor": "0",
    "IsWeightArticle": false,
    "nutriscoreLabel": "A",
    "IsBio": false,
    "CountryOfOrigin": "BELGIË",
    "IsExclusivelySoldInLuxembourg": false,
    "OrderUnit": "P",
    "ShortName": "ALPRO SOYADR ORIGIN. 1L",
    "IsNew": false,
    "EcoscoreLabel": "A",
    "RecentQuanityOfStockUnits": "6,12,1",
    "LongName": "ALPRO sojadrink 1L",
    "AlcoholVolume": "0",
    "FicCode": "E",
    "EcoscoreValue": "83"
  },
  {
    "productId": "437482",
    "technicalArticleNumber": "3985697",
    "commercialArticleNumber": "3958",
    "name": "haverdrink zonder toegev.suikers",
    "description": "*Plantaardig\n*Zonder toegevoegde\nsuikers",
    "brand": "BONI",
    "seoBrand": "Boni Selection",
    "thumbNail": "https://static.colruytgroup.com/images/200x200/std.lang.all/37/30/asset-3353730.jpg",
    "fullImage": "https://static.colruytgroup.com/images/500x500/std.lang.all/37/30/asset-3353730.jpg",
    "squareImage": "https://static.colruytgroup.com/images/500x500sq/std.lang.all/37/30/asset-3353730.jpg",
    "content": "1L",
    "walkRouteSequenceNumber": 6281,
    "price": {
      "basicPrice": 1.49,
      "recommendedQuantity": "1.0",
      "measurementUnitPrice": 1.49,
      "measurementUnit": "L",
      "isRedPrice": false,
      "pricePerUOM": 1.49,
      "activationDate": "19-03-2024",
      "recordSource": "Offline",
      "isPromoActive": "N",
      "priceChangeCode": "E"
    },
    "isAvailable": true,
    "isPriceAvailable": true,
    "inPromo": false,
    "gtin": [
      "15400141301837",
      "05400141301830",
      "05400141130690",
      "05400141452259"
    ],
    "topCategoryName": "Zuivel",
    "topCategoryId": "65",
    "businessDomain": "RETAIL_BE",
    "IsPrivateLabel": true,
    "IsBiffe": false,
    "WeightconversionFactor": "0",
    "IsWeightArticle": false,
    "nutriscoreLabel": "B",
    "IsBio": false,
    "CountryOfOrigin": "DUITSLAND",
    "IsExclusivelySoldInLuxembourg": false,
    "OrderUnit": "P",
    "ShortName": "BONI HAVERDR.Z.T.SUIK1L",
    "IsNew": false,
    "EcoscoreLabel": "B",
    "RecentQuanityOfStockUnits": "1,10",
    "LongName": "BONI haverdrink zonder toegev.suikers 1L",
    "FicCode": "I",
    "EcoscoreValue": "67"
  },
  {
    "productId": "177888",
    "technicalArticleNumber": "3332828",
    "commercialArticleNumber": "7506",
    "name": "Volle melk PET",
    "description": "*Volle melk\n*België",
    "brand": "CAMPINA",
    "seoBrand": "Campina",
    "thumbNail": "https://static.colruytgroup.com/images/200x200/nl_be/82/41/asset-3388241.jpg",
    "fullImage": "https://static.colruytgroup.com/images/500x500/nl_be/82/41/asset-3388241.jpg",
    "squareImage": "https://static.colruytgroup.com/images/500x500sq/nl_be/82/41/asset-3388241.jpg",
    "content": "50cl",
    "walkRouteSequenceNumber": 6252,
    "price": {
      "basicPrice": 1.38,
      "recommendedQuantity": "6.0",
      "measurementUnitPrice": 2.76,
      "measurementUnit": "L",
      "isRedPrice": false,
      "pricePerUOM": 2.76,
      "activationDate": "12-03-2024",
      "recordSource": "Offline",
      "isPromoActive": "N",
      "priceChangeCode": "E"
    },
    "isAvailable": true,
    "isPriceAvailable": true,
    "inPromo": false,
    "gtin": [
      "05410438001619",
      "05410438026292",
      "05410438026339",
      "05410438046467"
    ],
    "topCategoryName": "Zuivel",
    "topCategoryId": "65",
    "businessDomain": "RETAIL_BE",
    "IsPrivateLabel": false,
    "IsBiffe": false,
    "WeightconversionFactor": "0",
    "IsWeightArticle": false,
    "nutriscoreLabel": "B",
    "IsBio": false,
    "CountryOfOrigin": "BELGIË",
    "IsExclusivelySoldInLuxembourg": false,
    "OrderUnit": "P",
    "ShortName": "CAMP VOL MELK PET 50CL",
    "IsNew": false,
    "EcoscoreLabel": "C",
    "RecentQuanityOfStockUnits": "1,6,24",
    "LongName": "CAMPINA Volle melk PET 50cl",
    "AlcoholVolume": "0",
    "FicCode": "E",
    "EcoscoreValue": "59"
  },
  {
    "productId": "691068",
    "technicalArticleNumber": "4417863",
    "commercialArticleNumber": "21826",
    "name": "halfvolle chocomelk PET",
    "description": "*Halfvolle melk\n*België",
    "brand": "BONI",
    "seoBrand": "Boni Selection",
    "thumbNail": "https://static.colruytgroup.com/images/200x200/nl_be/90/32/asset-3349032.jpg",
    "fullImage": "https://static.colruytgroup.com/images/500x500/nl_be/90/32/asset-3349032.jpg",
    "squareImage": "https://static.colruytgroup.com/images/500x500sq/nl_be/90/32/asset-3349032.jpg",
    "content": "50cl",
    "walkRouteSequenceNumber": 6348,
    "price": {
      "basicPrice": 1.05,
      "recommendedQuantity": "1.0",
      "quantityPrice": 0.998,
      "quantityPriceQuantity": "6.0",
      "measurementUnitPrice": 2.1,
      "measurementUnitQuantityPrice": 2,
      "measurementUnit": "L",
      "isRedPrice": false,
      "pricePerUOM": 2.1,
      "activationDate": "16-03-2024",
      "recordSource": "Offline",
      "isPromoActive": "N",
      "priceChangeCode": "E",
      "quantityPricePerUOM": 2,
      "quantityActivationDate": "16-03-2024",
      "quantityPriceChangeCode": "H"
    },
    "isAvailable": true,
    "isPriceAvailable": true,
    "inPromo": false,
    "gtin": [
      "05400141940237",
      "15400141940234"
    ],
    "topCategoryName": "Zuivel",
    "topCategoryId": "65",
    "businessDomain": "RETAIL_BE",
    "IsPrivateLabel": true,
    "IsBiffe": false,
    "WeightconversionFactor": "0",
    "IsWeightArticle": false,
    "nutriscoreLabel": "D",
    "IsBio": false,
    "CountryOfOrigin": "BELGIË",
    "IsExclusivelySoldInLuxembourg": false,
    "OrderUnit": "P",
    "ShortName": "BONI CHOCO HV PET 50CL",
    "IsNew": false,
    "EcoscoreLabel": "B",
    "RecentQuanityOfStockUnits": "6,1",
    "LongName": "BONI halfvolle chocomelk PET 50cl",
    "FicCode": "I",
    "EcoscoreValue": "72"
  },
  {
    "productId": "1876",
    "technicalArticleNumber": "26282",
    "commercialArticleNumber": "26282",
    "name": "Karnemelk natuur",
    "brand": "BALADE",
    "seoBrand": "Balade",
    "thumbNail": "https://static.colruytgroup.com/images/200x200/nl_be/64/49/asset-3226449.jpg",
    "fullImage": "https://static.colruytgroup.com/images/500x500/nl_be/64/49/asset-3226449.jpg",
    "squareImage": "https://static.colruytgroup.com/images/500x500sq/nl_be/64/49/asset-3226449.jpg",
    "content": "1L",
    "walkRouteSequenceNumber": 5740,
    "price": {
      "basicPrice": 2.55,
      "recommendedQuantity": "1.0",
      "quantityPrice": 2.2,
      "quantityPriceQuantity": "2.0",
      "measurementUnitPrice": 2.55,
      "measurementUnitQuantityPrice": 2.2,
      "measurementUnit": "L",
      "isRedPrice": false,
      "pricePerUOM": 2.55,
      "activationDate": "14-03-2024",
      "recordSource": "Offline",
      "isPromoActive": "N",
      "priceChangeCode": "E",
      "quantityPricePerUOM": 2.2,
      "quantityActivationDate": "14-03-2024",
      "quantityPriceChangeCode": "E"
    },
    "isAvailable": true,
    "isPriceAvailable": true,
    "inPromo": false,
    "gtin": [
      "05411396039850",
      "05411156009666",
      "05411156009697",
      "05411396039843"
    ],
    "topCategoryName": "Zuivel",
    "topCategoryId": "65",
    "businessDomain": "RETAIL_BE",
    "IsPrivateLabel": false,
    "IsBiffe": false,
    "WeightconversionFactor": "0",
    "IsWeightArticle": false,
    "nutriscoreLabel": "B",
    "IsBio": false,
    "CountryOfOrigin": "LUXEMBURG",
    "IsExclusivelySoldInLuxembourg": false,
    "OrderUnit": "P",
    "ShortName": "BALA KARNEMELK NATUUR1L",
    "IsNew": false,
    "RecentQuanityOfStockUnits": "1,8",
    "LongName": "BALADE Karnemelk natuur 1L",
    "AlcoholVolume": "0",
    "FicCode": "E"
  },
  {
    "productId": "50575",
    "technicalArticleNumber": "2181336",
    "commercialArticleNumber": "6776",
    "name": "chocolademelk PET",
    "brand": "CÉCÉMEL",
    "seoBrand": "Cécémel",
    "thumbNail": "https://static.colruytgroup.com/images/200x200/std.lang.all/07/33/asset-2400733.jpg",
    "fullImage": "https://static.colruytgroup.com/images/500x500/std.lang.all/07/33/asset-2400733.jpg",
    "squareImage": "https://static.colruytgroup.com/images/500x500sq/std.lang.all/07/33/asset-2400733.jpg",
    "content": "30cl",
    "walkRouteSequenceNumber": 6350,
    "price": {
      "basicPrice": 1.54,
      "recommendedQuantity": "6.0",
      "measurementUnitPrice": 5.14,
      "measurementUnit": "L",
      "isRedPrice": false,
      "pricePerUOM": 5.14,
      "activationDate": "19-03-2024",
      "recordSource": "Offline",
      "isPromoActive": "N",
      "priceChangeCode": "L"
    },
    "isAvailable": true,
    "isPriceAvailable": true,
    "inPromo": false,
    "gtin": [
      "05410438035973",
      "05410438035966",
      "05400141033892"
    ],
    "topCategoryName": "Zuivel",
    "topCategoryId": "65",
    "businessDomain": "RETAIL_BE",
    "IsPrivateLabel": false,
    "IsBiffe": false,
    "WeightconversionFactor": "0",
    "IsWeightArticle": false,
    "nutriscoreLabel": "E",
    "IsBio": false,
    "CountryOfOrigin": "BELGIË",
    "IsExclusivelySoldInLuxembourg": false,
    "OrderUnit": "P",
    "ShortName": "CECE CHOCOMELK PET 30CL",
    "InSeason": true,
    "IsNew": false,
    "EcoscoreLabel": "B",
    "RecentQuanityOfStockUnits": "1,6,12",
    "LongName": "CÉCÉMEL chocolademelk PET 30cl",
    "AlcoholVolume": "0",
    "StartSeasonDate": "10/02/2015",
    "FicCode": "E",
    "EcoscoreValue": "74"
  },
  {
    "productId": "24413",
    "technicalArticleNumber": "1927381",
    "commercialArticleNumber": "8157",
    "name": "Volle melk PET",
    "description": "*Volle melk\n*België",
    "brand": "CAMPINA",
    "seoBrand": "Campina",
    "thumbNail": "https://static.colruytgroup.com/images/200x200/nl_be/58/01/asset-3405801.jpg",
    "fullImage": "https://static.colruytgroup.com/images/500x500/nl_be/58/01/asset-3405801.jpg",
    "squareImage": "https://static.colruytgroup.com/images/500x500sq/nl_be/58/01/asset-3405801.jpg",
    "content": "1L",
    "walkRouteSequenceNumber": 6261,
    "price": {
      "basicPrice": 1.88,
      "recommendedQuantity": "1.0",
      "measurementUnitPrice": 1.88,
      "measurementUnit": "L",
      "isRedPrice": false,
      "pricePerUOM": 1.88,
      "activationDate": "12-03-2024",
      "recordSource": "Offline",
      "isPromoActive": "N",
      "priceChangeCode": "E"
    },
    "isAvailable": true,
    "isPriceAvailable": true,
    "inPromo": false,
    "gtin": [
      "05410438046573",
      "05410438000186",
      "05410438000193",
      "05410438046566"
    ],
    "topCategoryName": "Zuivel",
    "topCategoryId": "65",
    "businessDomain": "RETAIL_BE",
    "IsPrivateLabel": false,
    "IsBiffe": false,
    "WeightconversionFactor": "0",
    "IsWeightArticle": false,
    "nutriscoreLabel": "A",
    "IsBio": false,
    "CountryOfOrigin": "BELGIË",
    "IsExclusivelySoldInLuxembourg": false,
    "OrderUnit": "P",
    "ShortName": "CAMPINA VOL.MELK FLES1L",
    "IsNew": false,
    "EcoscoreLabel": "B",
    "RecentQuanityOfStockUnits": "6,6,1,1",
    "LongName": "CAMPINA Volle melk PET 1L",
    "AlcoholVolume": "0",
    "FicCode": "E",
    "EcoscoreValue": "65"
  },
  {
    "productId": "7241",
    "technicalArticleNumber": "1156586",
    "commercialArticleNumber": "5584",
    "name": "Aardbeidrink brik",
    "description": "*Magere melk\n*België",
    "brand": "EVERYDAY",
    "seoBrand": "Everyday",
    "thumbNail": "https://static.colruytgroup.com/images/200x200/std.lang.all/45/37/asset-2274537.jpg",
    "fullImage": "https://static.colruytgroup.com/images/500x500/std.lang.all/45/37/asset-2274537.jpg",
    "squareImage": "https://static.colruytgroup.com/images/500x500sq/std.lang.all/45/37/asset-2274537.jpg",
    "content": "1L",
    "walkRouteSequenceNumber": 6345,
    "price": {
      "basicPrice": 1.19,
      "recommendedQuantity": "12.0",
      "measurementUnitPrice": 1.19,
      "measurementUnit": "L",
      "isRedPrice": false,
      "pricePerUOM": 1.19,
      "activationDate": "02-02-2024",
      "recordSource": "Offline",
      "isPromoActive": "N",
      "priceChangeCode": "E"
    },
    "isAvailable": true,
    "isPriceAvailable": true,
    "inPromo": false,
    "gtin": [
      "05400141379846",
      "05400141105117",
      "15400141560883",
      "05400141055849",
      "15400141105114",
      "05400141560886"
    ],
    "topCategoryName": "Zuivel",
    "topCategoryId": "65",
    "businessDomain": "RETAIL_BE",
    "IsPrivateLabel": true,
    "IsBiffe": false,
    "WeightconversionFactor": "0",
    "IsWeightArticle": false,
    "nutriscoreLabel": "C",
    "IsBio": false,
    "CountryOfOrigin": "BELGIË",
    "IsExclusivelySoldInLuxembourg": false,
    "OrderUnit": "P",
    "ShortName": "EVD AARDBEIDRINK 1L",
    "IsNew": false,
    "EcoscoreLabel": "A",
    "RecentQuanityOfStockUnits": "12,1",
    "LongName": "EVERYDAY Aardbeidrink brik 1L",
    "AlcoholVolume": "0",
    "FicCode": "I",
    "EcoscoreValue": "100"
  },
  {
    "productId": "738751",
    "technicalArticleNumber": "4501884",
    "commercialArticleNumber": "11174",
    "name": "koffiemelk romig PET",
    "brand": "NUTROMA",
    "seoBrand": "Nutroma",
    "thumbNail": "https://static.colruytgroup.com/images/200x200/nl_be/49/38/asset-2684938.jpg",
    "fullImage": "https://static.colruytgroup.com/images/500x500/nl_be/49/38/asset-2684938.jpg",
    "squareImage": "https://static.colruytgroup.com/images/500x500sq/nl_be/49/38/asset-2684938.jpg",
    "content": "500ml",
    "walkRouteSequenceNumber": 6363,
    "price": {
      "basicPrice": 3.19,
      "recommendedQuantity": "1.0",
      "measurementUnitPrice": 6.38,
      "measurementUnit": "L",
      "isRedPrice": false,
      "pricePerUOM": 6.38,
      "activationDate": "28-02-2024",
      "recordSource": "Offline",
      "isPromoActive": "N",
      "priceChangeCode": "E"
    },
    "isAvailable": true,
    "isPriceAvailable": true,
    "inPromo": false,
    "gtin": [
      "05410438043145",
      "05410438043138"
    ],
    "topCategoryName": "Zuivel",
    "topCategoryId": "65",
    "businessDomain": "RETAIL_BE",
    "IsPrivateLabel": false,
    "IsBiffe": false,
    "WeightconversionFactor": "0",
    "IsWeightArticle": false,
    "nutriscoreLabel": "E",
    "IsBio": false,
    "CountryOfOrigin": "BELGIË",
    "IsExclusivelySoldInLuxembourg": false,
    "OrderUnit": "P",
    "ShortName": "NUTR KOFFIEM. 500ML PET",
    "IsNew": false,
    "EcoscoreLabel": "C",
    "RecentQuanityOfStockUnits": "1,12",
    "LongName": "NUTROMA koffiemelk romig PET 500ml",
    "FicCode": "E",
    "EcoscoreValue": "51"
  },
  {
    "productId": "738689",
    "technicalArticleNumber": "4501821",
    "commercialArticleNumber": "9614",
    "name": "koffiemelk romig PET",
    "brand": "NUTROMA",
    "seoBrand": "Nutroma",
    "thumbNail": "https://static.colruytgroup.com/images/200x200/nl_be/49/37/asset-2684937.jpg",
    "fullImage": "https://static.colruytgroup.com/images/500x500/nl_be/49/37/asset-2684937.jpg",
    "squareImage": "https://static.colruytgroup.com/images/500x500sq/nl_be/49/37/asset-2684937.jpg",
    "content": "200ml",
    "walkRouteSequenceNumber": 6372,
    "price": {
      "basicPrice": 1.94,
      "recommendedQuantity": "1.0",
      "measurementUnitPrice": 9.7,
      "measurementUnit": "L",
      "isRedPrice": false,
      "pricePerUOM": 9.7,
      "activationDate": "13-03-2024",
      "recordSource": "Offline",
      "isPromoActive": "N",
      "priceChangeCode": "L"
    },
    "isAvailable": true,
    "isPriceAvailable": true,
    "inPromo": false,
    "gtin": [
      "05410438043220",
      "05410438043237"
    ],
    "topCategoryName": "Zuivel",
    "topCategoryId": "65",
    "businessDomain": "RETAIL_BE",
    "IsPrivateLabel": false,
    "IsBiffe": false,
    "WeightconversionFactor": "0",
    "IsWeightArticle": false,
    "nutriscoreLabel": "E",
    "IsBio": false,
    "CountryOfOrigin": "BELGIË",
    "IsExclusivelySoldInLuxembourg": false,
    "OrderUnit": "P",
    "ShortName": "NUTR KOFFIEM. 200ML PET",
    "IsNew": false,
    "EcoscoreLabel": "C",
    "RecentQuanityOfStockUnits": "1,20",
    "LongName": "NUTROMA koffiemelk romig PET 200ml",
    "FicCode": "E",
    "EcoscoreValue": "51"
  },
  {
    "productId": "160086",
    "technicalArticleNumber": "3245211",
    "commercialArticleNumber": "36734",
    "name": "amandeldrink geroosterd Z.S.",
    "description": "*België\n*Plantaardig",
    "brand": "ALPRO",
    "seoBrand": "Alpro",
    "thumbNail": "https://static.colruytgroup.com/images/200x200/std.lang.all/10/32/asset-3441032.jpg",
    "fullImage": "https://static.colruytgroup.com/images/500x500/std.lang.all/10/32/asset-3441032.jpg",
    "squareImage": "https://static.colruytgroup.com/images/500x500sq/std.lang.all/10/32/asset-3441032.jpg",
    "content": "1L",
    "walkRouteSequenceNumber": 6300,
    "price": {
      "basicPrice": 2.29,
      "recommendedQuantity": "4.0",
      "measurementUnitPrice": 2.29,
      "measurementUnit": "L",
      "isRedPrice": false,
      "pricePerUOM": 2.29,
      "activationDate": "18-03-2024",
      "recordSource": "Offline",
      "isPromoActive": "N",
      "priceChangeCode": "H"
    },
    "isAvailable": true,
    "isPriceAvailable": true,
    "inPromo": false,
    "gtin": [
      "05411188112716",
      "05411188125945",
      "05411188129455",
      "05411188129462",
      "05411188112709"
    ],
    "topCategoryName": "Zuivel",
    "topCategoryId": "65",
    "businessDomain": "RETAIL_BE",
    "IsPrivateLabel": false,
    "IsBiffe": false,
    "WeightconversionFactor": "0",
    "IsWeightArticle": false,
    "nutriscoreLabel": "B",
    "IsBio": false,
    "CountryOfOrigin": "BELGIË",
    "IsExclusivelySoldInLuxembourg": false,
    "OrderUnit": "P",
    "ShortName": "ALPRO AMANDEL ONGEZ 1L",
    "IsNew": false,
    "EcoscoreLabel": "B",
    "RecentQuanityOfStockUnits": "1,8,4",
    "LongName": "ALPRO amandeldrink geroosterd Z.S. 1L",
    "AlcoholVolume": "0",
    "FicCode": "E",
    "EcoscoreValue": "74"
  },
  {
    "productId": "211381",
    "technicalArticleNumber": "3517590",
    "commercialArticleNumber": "17986",
    "name": "sojadrink banaan",
    "description": "*België\n*Plantaardig",
    "brand": "ALPRO",
    "seoBrand": "Alpro",
    "thumbNail": "https://static.colruytgroup.com/images/200x200/std.lang.all/86/88/asset-3368688.jpg",
    "fullImage": "https://static.colruytgroup.com/images/500x500/std.lang.all/86/88/asset-3368688.jpg",
    "squareImage": "https://static.colruytgroup.com/images/500x500sq/std.lang.all/86/88/asset-3368688.jpg",
    "content": "6x25cl",
    "walkRouteSequenceNumber": 1612,
    "price": {
      "basicPrice": 3.98,
      "recommendedQuantity": "1.0",
      "measurementUnitPrice": 2.66,
      "measurementUnit": "L",
      "isRedPrice": false,
      "pricePerUOM": 2.66,
      "activationDate": "06-01-2024",
      "recordSource": "Offline",
      "isPromoActive": "N",
      "priceChangeCode": "L"
    },
    "isAvailable": true,
    "isPriceAvailable": true,
    "inPromo": false,
    "gtin": [
      "05411188121992",
      "05411188122005",
      "05411188122012"
    ],
    "topCategoryName": "Zuivel",
    "topCategoryId": "65",
    "businessDomain": "RETAIL_BE",
    "IsPrivateLabel": false,
    "IsBiffe": false,
    "WeightconversionFactor": "0",
    "IsWeightArticle": false,
    "nutriscoreLabel": "C",
    "IsBio": false,
    "CountryOfOrigin": "BELGIË",
    "IsExclusivelySoldInLuxembourg": false,
    "OrderUnit": "P",
    "ShortName": "ALPRO DR.BANAAN 6X25C",
    "InSeason": true,
    "IsNew": false,
    "EcoscoreLabel": "A",
    "RecentQuanityOfStockUnits": "4,1",
    "LongName": "ALPRO sojadrink banaan 6x25cl",
    "AlcoholVolume": "0",
    "StartSeasonDate": "19/12/2019",
    "FicCode": "E",
    "EcoscoreValue": "83"
  },
  {
    "productId": "453444",
    "technicalArticleNumber": "4023005",
    "commercialArticleNumber": "5216",
    "name": "haverdrink zonder suikers",
    "brand": "ALPRO",
    "seoBrand": "Alpro",
    "thumbNail": "https://static.colruytgroup.com/images/200x200/std.lang.all/77/73/asset-3367773.jpg",
    "fullImage": "https://static.colruytgroup.com/images/500x500/std.lang.all/77/73/asset-3367773.jpg",
    "squareImage": "https://static.colruytgroup.com/images/500x500sq/std.lang.all/77/73/asset-3367773.jpg",
    "content": "1L",
    "walkRouteSequenceNumber": 6294,
    "price": {
      "basicPrice": 2.69,
      "recommendedQuantity": "4.0",
      "measurementUnitPrice": 2.69,
      "measurementUnit": "L",
      "isRedPrice": false,
      "pricePerUOM": 2.69,
      "activationDate": "18-03-2024",
      "recordSource": "Offline",
      "isPromoActive": "N",
      "priceChangeCode": "H"
    },
    "isAvailable": true,
    "isPriceAvailable": true,
    "inPromo": false,
    "gtin": [
      "05411188124689",
      "05411188124696",
      "25400141312823"
    ],
    "topCategoryName": "Zuivel",
    "topCategoryId": "65",
    "businessDomain": "RETAIL_BE",
    "IsPrivateLabel": false,
    "IsBiffe": false,
    "WeightconversionFactor": "0",
    "IsWeightArticle": false,
    "nutriscoreLabel": "A",
    "IsBio": false,
    "CountryOfOrigin": "BELGIË",
    "IsExclusivelySoldInLuxembourg": false,
    "OrderUnit": "P",
    "ShortName": "ALPR HAVERDR. ONGEZ.1L",
    "IsNew": false,
    "EcoscoreLabel": "B",
    "RecentQuanityOfStockUnits": "8,1,4",
    "LongName": "ALPRO haverdrink zonder suikers 1L",
    "FicCode": "E",
    "EcoscoreValue": "67"
  },
  {
    "productId": "108716",
    "technicalArticleNumber": "3152612",
    "commercialArticleNumber": "32071",
    "name": "koffiemelk romig cups",
    "description": "*Koffiemelk",
    "brand": "NUTROMA",
    "seoBrand": "Nutroma",
    "thumbNail": "https://static.colruytgroup.com/images/200x200/std.lang.all/92/20/asset-649220.jpg",
    "fullImage": "https://static.colruytgroup.com/images/500x500/std.lang.all/92/20/asset-649220.jpg",
    "squareImage": "https://static.colruytgroup.com/images/500x500sq/std.lang.all/92/20/asset-649220.jpg",
    "content": "10x8ml",
    "walkRouteSequenceNumber": 6374,
    "price": {
      "basicPrice": 1.99,
      "recommendedQuantity": "1.0",
      "measurementUnitPrice": 24.88,
      "measurementUnit": "L",
      "isRedPrice": false,
      "pricePerUOM": 24.88,
      "activationDate": "05-01-2024",
      "recordSource": "Offline",
      "isPromoActive": "N",
      "priceChangeCode": "H"
    },
    "isAvailable": true,
    "isPriceAvailable": true,
    "inPromo": false,
    "gtin": [
      "05410438035232",
      "05410438036871"
    ],
    "topCategoryName": "Zuivel",
    "topCategoryId": "65",
    "businessDomain": "RETAIL_BE",
    "IsPrivateLabel": false,
    "IsBiffe": false,
    "WeightconversionFactor": "0",
    "IsWeightArticle": false,
    "nutriscoreLabel": "E",
    "IsBio": false,
    "CountryOfOrigin": "BELGIË",
    "IsExclusivelySoldInLuxembourg": false,
    "OrderUnit": "P",
    "ShortName": "NUTROMA CUPS 10X8ML",
    "IsNew": false,
    "EcoscoreLabel": "C",
    "RecentQuanityOfStockUnits": "20,1",
    "LongName": "NUTROMA koffiemelk romig cups 10x8ml",
    "AlcoholVolume": "0",
    "FicCode": "E",
    "EcoscoreValue": "41"
  },
  {
    "productId": "869568",
    "technicalArticleNumber": "4722934",
    "commercialArticleNumber": "18979",
    "name": "This Is Not Milk Chocolate",
    "description": "*Plantaardig",
    "brand": "ALPRO",
    "seoBrand": "Alpro",
    "thumbNail": "https://static.colruytgroup.com/images/200x200/std.lang.all/55/28/asset-3215528.jpg",
    "fullImage": "https://static.colruytgroup.com/images/500x500/std.lang.all/55/28/asset-3215528.jpg",
    "squareImage": "https://static.colruytgroup.com/images/500x500sq/std.lang.all/55/28/asset-3215528.jpg",
    "content": "1L",
    "walkRouteSequenceNumber": 6313,
    "price": {
      "basicPrice": 2.79,
      "recommendedQuantity": "1.0",
      "measurementUnitPrice": 2.79,
      "measurementUnit": "L",
      "isRedPrice": false,
      "pricePerUOM": 2.79,
      "activationDate": "19-03-2024",
      "recordSource": "Offline",
      "isPromoActive": "N",
      "priceChangeCode": "E"
    },
    "isAvailable": true,
    "isPriceAvailable": true,
    "inPromo": false,
    "gtin": [
      "05411188138488",
      "05411188138495"
    ],
    "topCategoryName": "Zuivel",
    "topCategoryId": "65",
    "businessDomain": "RETAIL_BE",
    "IsPrivateLabel": false,
    "IsBiffe": false,
    "WeightconversionFactor": "0",
    "IsWeightArticle": false,
    "nutriscoreLabel": "A",
    "IsBio": false,
    "CountryOfOrigin": "BELGIË",
    "IsExclusivelySoldInLuxembourg": false,
    "OrderUnit": "P",
    "ShortName": "ALPR NOT MILK CHOCO 1L",
    "IsNew": false,
    "EcoscoreLabel": "A",
    "RecentQuanityOfStockUnits": "1,8",
    "LongName": "ALPRO This Is Not Milk Chocolate 1L",
    "FicCode": "E",
    "EcoscoreValue": "92"
  },
  {
    "productId": "52597",
    "technicalArticleNumber": "2282307",
    "commercialArticleNumber": "3068",
    "name": "melk halfvol vers brik",
    "description": "*Halfvolle melk\n*België",
    "brand": "BONI",
    "seoBrand": "Boni Selection",
    "thumbNail": "https://static.colruytgroup.com/images/200x200/nl_be/35/60/asset-3033560.jpg",
    "fullImage": "https://static.colruytgroup.com/images/500x500/nl_be/35/60/asset-3033560.jpg",
    "squareImage": "https://static.colruytgroup.com/images/500x500sq/nl_be/35/60/asset-3033560.jpg",
    "content": "1L",
    "walkRouteSequenceNumber": 5749,
    "price": {
      "basicPrice": 1.49,
      "recommendedQuantity": "1.0",
      "measurementUnitPrice": 1.49,
      "measurementUnit": "L",
      "isRedPrice": false,
      "pricePerUOM": 1.49,
      "activationDate": "12-03-2024",
      "recordSource": "Offline",
      "isPromoActive": "N",
      "priceChangeCode": "E"
    },
    "isAvailable": true,
    "isPriceAvailable": true,
    "inPromo": false,
    "gtin": [
      "15400141989844",
      "05400141033687",
      "05400141035698",
      "05400141293036",
      "15400141293033",
      "15400141799207",
      "05400141422795",
      "15400141422792"
    ],
    "topCategoryName": "Zuivel",
    "topCategoryId": "65",
    "businessDomain": "RETAIL_BE",
    "IsPrivateLabel": true,
    "IsBiffe": false,
    "WeightconversionFactor": "0",
    "IsWeightArticle": false,
    "nutriscoreLabel": "B",
    "IsBio": false,
    "CountryOfOrigin": "BELGIË",
    "IsExclusivelySoldInLuxembourg": false,
    "OrderUnit": "P",
    "ShortName": "BONI VERS HV MELK1L",
    "IsNew": false,
    "EcoscoreLabel": "B",
    "RecentQuanityOfStockUnits": "6,1",
    "LongName": "BONI melk halfvol vers brik 1L",
    "AlcoholVolume": "0",
    "FicCode": "I",
    "EcoscoreValue": "69"
  },
  {
    "productId": "799228",
    "technicalArticleNumber": "4612454",
    "commercialArticleNumber": "9879",
    "name": "Hazelnut Macchiato PET",
    "brand": "STARBUCKS",
    "seoBrand": "Starbucks",
    "thumbNail": "https://static.colruytgroup.com/images/200x200/std.lang.all/27/85/asset-2942785.jpg",
    "fullImage": "https://static.colruytgroup.com/images/500x500/std.lang.all/27/85/asset-2942785.jpg",
    "squareImage": "https://static.colruytgroup.com/images/500x500sq/std.lang.all/27/85/asset-2942785.jpg",
    "content": "22cl",
    "walkRouteSequenceNumber": 5987,
    "price": {
      "basicPrice": 2.19,
      "recommendedQuantity": "1.0",
      "measurementUnitPrice": 9.96,
      "measurementUnit": "L",
      "isRedPrice": false,
      "pricePerUOM": 9.96,
      "activationDate": "13-03-2024",
      "recordSource": "Offline",
      "isPromoActive": "N",
      "priceChangeCode": "E"
    },
    "isAvailable": true,
    "isPriceAvailable": true,
    "inPromo": false,
    "gtin": [
      "05711953145506"
    ],
    "topCategoryName": "Zuivel",
    "topCategoryId": "65",
    "businessDomain": "RETAIL_BE",
    "IsPrivateLabel": false,
    "IsBiffe": false,
    "WeightconversionFactor": "0",
    "IsWeightArticle": false,
    "nutriscoreLabel": "D",
    "IsBio": false,
    "CountryOfOrigin": "DENEMARKEN",
    "IsExclusivelySoldInLuxembourg": false,
    "OrderUnit": "P",
    "ShortName": "STAR HAZEL.MACC.PET22CL",
    "IsNew": false,
    "EcoscoreLabel": "C",
    "RecentQuanityOfStockUnits": "1,8",
    "LongName": "STARBUCKS Hazelnut Macchiato PET 22cl",
    "FicCode": "E",
    "EcoscoreValue": "57"
  },
  {
    "productId": "66525",
    "technicalArticleNumber": "2758013",
    "commercialArticleNumber": "42686",
    "name": "amandeldrink",
    "description": "*België\n*Plantaardig",
    "brand": "ALPRO",
    "seoBrand": "Alpro",
    "thumbNail": "https://static.colruytgroup.com/images/200x200/std.lang.all/06/98/asset-3440698.jpg",
    "fullImage": "https://static.colruytgroup.com/images/500x500/std.lang.all/06/98/asset-3440698.jpg",
    "squareImage": "https://static.colruytgroup.com/images/500x500sq/std.lang.all/06/98/asset-3440698.jpg",
    "content": "1L",
    "walkRouteSequenceNumber": 6299,
    "price": {
      "basicPrice": 2.49,
      "recommendedQuantity": "4.0",
      "measurementUnitPrice": 2.49,
      "measurementUnit": "L",
      "isRedPrice": false,
      "pricePerUOM": 2.49,
      "activationDate": "18-03-2024",
      "recordSource": "Offline",
      "isPromoActive": "N",
      "priceChangeCode": "H"
    },
    "isAvailable": true,
    "isPriceAvailable": true,
    "inPromo": false,
    "gtin": [
      "05411188129448",
      "05411188110897",
      "05411188110835",
      "05411188123828",
      "05411188129431"
    ],
    "topCategoryName": "Zuivel",
    "topCategoryId": "65",
    "businessDomain": "RETAIL_BE",
    "IsPrivateLabel": false,
    "IsBiffe": false,
    "WeightconversionFactor": "0",
    "IsWeightArticle": false,
    "nutriscoreLabel": "B",
    "IsBio": false,
    "CountryOfOrigin": "BELGIË",
    "IsExclusivelySoldInLuxembourg": false,
    "OrderUnit": "P",
    "ShortName": "ALPRO AMANDEL DRINK 1L",
    "IsNew": false,
    "EcoscoreLabel": "B",
    "RecentQuanityOfStockUnits": "8,1,4",
    "LongName": "ALPRO amandeldrink 1L",
    "AlcoholVolume": "0",
    "FicCode": "E",
    "EcoscoreValue": "74"
  },
  {
    "productId": "799210",
    "technicalArticleNumber": "4612436",
    "commercialArticleNumber": "9857",
    "name": "Caramel Macchiato PET",
    "brand": "STARBUCKS",
    "seoBrand": "Starbucks",
    "thumbNail": "https://static.colruytgroup.com/images/200x200/std.lang.all/12/56/asset-2831256.jpg",
    "fullImage": "https://static.colruytgroup.com/images/500x500/std.lang.all/12/56/asset-2831256.jpg",
    "squareImage": "https://static.colruytgroup.com/images/500x500sq/std.lang.all/12/56/asset-2831256.jpg",
    "content": "22cl",
    "walkRouteSequenceNumber": 5988,
    "price": {
      "basicPrice": 2.19,
      "recommendedQuantity": "1.0",
      "measurementUnitPrice": 9.96,
      "measurementUnit": "L",
      "isRedPrice": false,
      "pricePerUOM": 9.96,
      "activationDate": "23-02-2024",
      "recordSource": "Offline",
      "isPromoActive": "N",
      "priceChangeCode": "E"
    },
    "isAvailable": true,
    "isPriceAvailable": true,
    "inPromo": false,
    "gtin": [
      "05711953145490"
    ],
    "topCategoryName": "Zuivel",
    "topCategoryId": "65",
    "businessDomain": "RETAIL_BE",
    "IsPrivateLabel": false,
    "IsBiffe": false,
    "WeightconversionFactor": "0",
    "IsWeightArticle": false,
    "nutriscoreLabel": "C",
    "IsBio": false,
    "CountryOfOrigin": "DENEMARKEN",
    "IsExclusivelySoldInLuxembourg": false,
    "OrderUnit": "P",
    "ShortName": "STAR CARAM.MACC.PET22CL",
    "IsNew": false,
    "EcoscoreLabel": "C",
    "RecentQuanityOfStockUnits": "8,1",
    "LongName": "STARBUCKS Caramel Macchiato PET 22cl",
    "FicCode": "E",
    "EcoscoreValue": "57"
  },
  {
    "productId": "867516",
    "technicalArticleNumber": "4720456",
    "commercialArticleNumber": "11979",
    "name": "Sojadrink vanille brik",
    "brand": "BONI",
    "seoBrand": "Boni Selection",
    "thumbNail": "https://static.colruytgroup.com/images/200x200/std.lang.all/88/01/asset-3338801.jpg",
    "fullImage": "https://static.colruytgroup.com/images/500x500/std.lang.all/88/01/asset-3338801.jpg",
    "squareImage": "https://static.colruytgroup.com/images/500x500sq/std.lang.all/88/01/asset-3338801.jpg",
    "content": "3x20cl",
    "walkRouteSequenceNumber": 6306,
    "price": {
      "basicPrice": 1.48,
      "recommendedQuantity": "1.0",
      "measurementUnitPrice": 2.47,
      "measurementUnit": "L",
      "isRedPrice": false,
      "pricePerUOM": 2.47,
      "activationDate": "25-10-2023",
      "recordSource": "Offline",
      "isPromoActive": "N",
      "priceChangeCode": "H"
    },
    "isAvailable": true,
    "isPriceAvailable": true,
    "inPromo": false,
    "gtin": [
      "15400141616320"
    ],
    "topCategoryName": "Zuivel",
    "topCategoryId": "65",
    "businessDomain": "RETAIL_BE",
    "IsPrivateLabel": true,
    "IsBiffe": false,
    "WeightconversionFactor": "0",
    "IsWeightArticle": false,
    "nutriscoreLabel": "B",
    "IsBio": false,
    "CountryOfOrigin": "PORTUGAL",
    "IsExclusivelySoldInLuxembourg": false,
    "OrderUnit": "P",
    "ShortName": "BONI SOJADR.VANIL3X20CL",
    "IsNew": false,
    "RecentQuanityOfStockUnits": "1,8",
    "LongName": "BONI Sojadrink vanille brik 3x20cl",
    "AlcoholVolume": "0",
    "FicCode": "I"
  },
  {
    "productId": "867529",
    "technicalArticleNumber": "4720475",
    "commercialArticleNumber": "12164",
    "name": "Sojadrink chocolade brik",
    "brand": "BONI",
    "seoBrand": "Boni Selection",
    "thumbNail": "https://static.colruytgroup.com/images/200x200/std.lang.all/10/82/asset-3361082.jpg",
    "fullImage": "https://static.colruytgroup.com/images/500x500/std.lang.all/10/82/asset-3361082.jpg",
    "squareImage": "https://static.colruytgroup.com/images/500x500sq/std.lang.all/10/82/asset-3361082.jpg",
    "content": "3x20cl",
    "walkRouteSequenceNumber": 6305,
    "price": {
      "basicPrice": 1.48,
      "recommendedQuantity": "1.0",
      "measurementUnitPrice": 2.47,
      "measurementUnit": "L",
      "isRedPrice": false,
      "pricePerUOM": 2.47,
      "activationDate": "22-03-2024",
      "recordSource": "Offline",
      "isPromoActive": "N",
      "priceChangeCode": "E"
    },
    "isAvailable": true,
    "isPriceAvailable": true,
    "inPromo": false,
    "gtin": [
      "15400141616337"
    ],
    "topCategoryName": "Zuivel",
    "topCategoryId": "65",
    "businessDomain": "RETAIL_BE",
    "IsPrivateLabel": true,
    "IsBiffe": false,
    "WeightconversionFactor": "0",
    "IsWeightArticle": false,
    "nutriscoreLabel": "C",
    "IsBio": false,
    "CountryOfOrigin": "PORTUGAL",
    "IsExclusivelySoldInLuxembourg": false,
    "OrderUnit": "P",
    "ShortName": "BONI SOJADR.CHOCO3X20CL",
    "IsNew": false,
    "EcoscoreLabel": "B",
    "RecentQuanityOfStockUnits": "8,1",
    "LongName": "BONI Sojadrink chocolade brik 3x20cl",
    "AlcoholVolume": "0",
    "FicCode": "I",
    "EcoscoreValue": "78"
  },
  {
    "productId": "217438",
    "technicalArticleNumber": "3504510",
    "commercialArticleNumber": "14251",
    "name": "amandeldrink ongeroosterd Z.S.",
    "description": "*België\n*Plantaardig",
    "brand": "ALPRO",
    "seoBrand": "Alpro",
    "thumbNail": "https://static.colruytgroup.com/images/200x200/std.lang.all/86/43/asset-3368643.jpg",
    "fullImage": "https://static.colruytgroup.com/images/500x500/std.lang.all/86/43/asset-3368643.jpg",
    "squareImage": "https://static.colruytgroup.com/images/500x500sq/std.lang.all/86/43/asset-3368643.jpg",
    "content": "1L",
    "walkRouteSequenceNumber": 6298,
    "price": {
      "basicPrice": 2.89,
      "recommendedQuantity": "4.0",
      "measurementUnitPrice": 2.89,
      "measurementUnit": "L",
      "isRedPrice": false,
      "pricePerUOM": 2.89,
      "activationDate": "18-03-2024",
      "recordSource": "Offline",
      "isPromoActive": "N",
      "priceChangeCode": "H"
    },
    "isAvailable": true,
    "isPriceAvailable": true,
    "inPromo": false,
    "gtin": [
      "05411188122678",
      "05411188122661",
      "85400141312825"
    ],
    "topCategoryName": "Zuivel",
    "topCategoryId": "65",
    "businessDomain": "RETAIL_BE",
    "IsPrivateLabel": false,
    "IsBiffe": false,
    "WeightconversionFactor": "0",
    "IsWeightArticle": false,
    "nutriscoreLabel": "B",
    "IsBio": false,
    "CountryOfOrigin": "VERENIGD KONINKRIJK",
    "IsExclusivelySoldInLuxembourg": false,
    "OrderUnit": "P",
    "ShortName": "ALPR.AMAN.ONGEZ.ONGER1L",
    "IsNew": false,
    "EcoscoreLabel": "B",
    "RecentQuanityOfStockUnits": "4,8,1",
    "LongName": "ALPRO amandeldrink ongeroosterd Z.S. 1L",
    "AlcoholVolume": "0",
    "FicCode": "E",
    "EcoscoreValue": "74"
  },
  {
    "productId": "854824",
    "technicalArticleNumber": "4703865",
    "commercialArticleNumber": "31274",
    "name": "volle chocomelk brik",
    "description": "*Volle melk",
    "brand": "FAIREBEL",
    "seoBrand": "Fairebel",
    "thumbNail": "https://static.colruytgroup.com/images/200x200/std.lang.all/08/59/asset-3150859.jpg",
    "fullImage": "https://static.colruytgroup.com/images/500x500/std.lang.all/08/59/asset-3150859.jpg",
    "squareImage": "https://static.colruytgroup.com/images/500x500sq/std.lang.all/08/59/asset-3150859.jpg",
    "content": "25cl",
    "walkRouteSequenceNumber": 6356,
    "price": {
      "basicPrice": 0.99,
      "recommendedQuantity": "1.0",
      "measurementUnitPrice": 3.96,
      "measurementUnit": "L",
      "isRedPrice": false,
      "pricePerUOM": 3.96,
      "activationDate": "14-11-2023",
      "recordSource": "Offline",
      "isPromoActive": "N",
      "priceChangeCode": "E"
    },
    "isAvailable": true,
    "isPriceAvailable": true,
    "inPromo": false,
    "gtin": [
      "05425027283512",
      "05425027283505"
    ],
    "topCategoryName": "Zuivel",
    "topCategoryId": "65",
    "businessDomain": "RETAIL_BE",
    "IsPrivateLabel": false,
    "IsBiffe": false,
    "WeightconversionFactor": "0",
    "IsWeightArticle": false,
    "IsBio": false,
    "CountryOfOrigin": "BELGIË",
    "IsExclusivelySoldInLuxembourg": false,
    "OrderUnit": "P",
    "ShortName": "FAIR CHOCO 25CL",
    "IsNew": false,
    "EcoscoreLabel": "D",
    "RecentQuanityOfStockUnits": "1,18",
    "LongName": "FAIREBEL volle chocomelk brik 25cl",
    "AlcoholVolume": "0",
    "FicCode": "E",
    "EcoscoreValue": "29"
  },
  {
    "productId": "597",
    "technicalArticleNumber": "5657",
    "commercialArticleNumber": "5657",
    "name": "koffieroom cups",
    "description": "*Vetgehalte: 10 %\n*Niet-opklopbaar",
    "brand": "GRAINDOR",
    "seoBrand": "Graindor",
    "thumbNail": "https://static.colruytgroup.com/images/200x200/std.lang.all/26/53/asset-2282653.jpg",
    "fullImage": "https://static.colruytgroup.com/images/500x500/std.lang.all/26/53/asset-2282653.jpg",
    "squareImage": "https://static.colruytgroup.com/images/500x500sq/std.lang.all/26/53/asset-2282653.jpg",
    "content": "240x9,8ml",
    "walkRouteSequenceNumber": 6377,
    "price": {
      "basicPrice": 15.89,
      "recommendedQuantity": "1.0",
      "measurementUnitPrice": 6.76,
      "measurementUnit": "L",
      "isRedPrice": false,
      "pricePerUOM": 6.76,
      "activationDate": "09-01-2024",
      "isPromoActive": "N",
      "priceChangeCode": "H"
    },
    "isAvailable": true,
    "isPriceAvailable": true,
    "inPromo": false,
    "gtin": [
      "05400141035414",
      "05400141252309",
      "05400141354508",
      "05400141819274"
    ],
    "topCategoryName": "Zuivel",
    "topCategoryId": "65",
    "businessDomain": "RETAIL_BE",
    "IsPrivateLabel": true,
    "IsBiffe": false,
    "WeightconversionFactor": "0",
    "IsWeightArticle": false,
    "nutriscoreLabel": "D",
    "IsBio": false,
    "CountryOfOrigin": "BELGIË",
    "IsExclusivelySoldInLuxembourg": false,
    "OrderUnit": "P",
    "ShortName": "HC GRAI K.ROOM240X9.8ML",
    "IsNew": false,
    "EcoscoreLabel": "B",
    "RecentQuanityOfStockUnits": "1",
    "LongName": "GRAINDOR koffieroom cups 240x9,8ml",
    "AlcoholVolume": "0",
    "FicCode": "I",
    "EcoscoreValue": "62"
  },
  {
    "productId": "799244",
    "technicalArticleNumber": "4612479",
    "commercialArticleNumber": "10012",
    "name": "Cappuccino PET",
    "brand": "STARBUCKS",
    "seoBrand": "Starbucks",
    "thumbNail": "https://static.colruytgroup.com/images/200x200/std.lang.all/41/49/asset-2854149.jpg",
    "fullImage": "https://static.colruytgroup.com/images/500x500/std.lang.all/41/49/asset-2854149.jpg",
    "squareImage": "https://static.colruytgroup.com/images/500x500sq/std.lang.all/41/49/asset-2854149.jpg",
    "content": "22cl",
    "walkRouteSequenceNumber": 5985,
    "price": {
      "basicPrice": 2.19,
      "recommendedQuantity": "1.0",
      "measurementUnitPrice": 9.96,
      "measurementUnit": "L",
      "isRedPrice": false,
      "pricePerUOM": 9.96,
      "activationDate": "13-03-2024",
      "recordSource": "Offline",
      "isPromoActive": "N",
      "priceChangeCode": "E"
    },
    "isAvailable": true,
    "isPriceAvailable": true,
    "inPromo": false,
    "gtin": [
      "05711953145476"
    ],
    "topCategoryName": "Zuivel",
    "topCategoryId": "65",
    "businessDomain": "RETAIL_BE",
    "IsPrivateLabel": false,
    "IsBiffe": false,
    "WeightconversionFactor": "0",
    "IsWeightArticle": false,
    "IsBio": false,
    "CountryOfOrigin": "DENEMARKEN",
    "IsExclusivelySoldInLuxembourg": false,
    "OrderUnit": "P",
    "ShortName": "STAR CAPPUCCINO PET22CL",
    "IsNew": false,
    "EcoscoreLabel": "C",
    "RecentQuanityOfStockUnits": "1,8",
    "LongName": "STARBUCKS Cappuccino PET 22cl",
    "FicCode": "E",
    "EcoscoreValue": "57"
  },
  {
    "productId": "18537",
    "technicalArticleNumber": "1654501",
    "commercialArticleNumber": "6290",
    "name": "sojadrink Light",
    "description": "*België\n*Plantaardig\n*Met toegevoegde\nvitamines",
    "brand": "ALPRO",
    "seoBrand": "Alpro",
    "thumbNail": "https://static.colruytgroup.com/images/200x200/std.lang.all/86/41/asset-3368641.jpg",
    "fullImage": "https://static.colruytgroup.com/images/500x500/std.lang.all/86/41/asset-3368641.jpg",
    "squareImage": "https://static.colruytgroup.com/images/500x500sq/std.lang.all/86/41/asset-3368641.jpg",
    "content": "1L",
    "walkRouteSequenceNumber": 6287,
    "price": {
      "basicPrice": 1.99,
      "recommendedQuantity": "6.0",
      "measurementUnitPrice": 1.99,
      "measurementUnit": "L",
      "isRedPrice": false,
      "pricePerUOM": 1.99,
      "activationDate": "18-03-2024",
      "recordSource": "Offline",
      "isPromoActive": "Y",
      "priceChangeCode": "H"
    },
    "isAvailable": true,
    "isPriceAvailable": true,
    "inPromo": true,
    "promotion": [
      {
        "techPromoId": "100834COLR",
        "promotionId": "100834",
        "promotionType": "4",
        "isPersonalized": "N",
        "publicationStartDate": "13-03-2024",
        "publicationEndDate": "26-03-2024"
      }
    ],
    "gtin": [
      "05411188115526",
      "05411188115519",
      "05411188117087",
      "05411188117070",
      "05400141037548"
    ],
    "topCategoryName": "Zuivel",
    "topCategoryId": "65",
    "businessDomain": "RETAIL_BE",
    "IsPrivateLabel": false,
    "IsBiffe": false,
    "WeightconversionFactor": "0",
    "IsWeightArticle": false,
    "nutriscoreLabel": "A",
    "IsBio": false,
    "CountryOfOrigin": "BELGIË",
    "IsExclusivelySoldInLuxembourg": false,
    "OrderUnit": "P",
    "ShortName": "ALPR SOJADRINK LIGHT 1L",
    "IsNew": false,
    "EcoscoreLabel": "A",
    "RecentQuanityOfStockUnits": "12,6,1",
    "LongName": "ALPRO sojadrink Light 1L",
    "AlcoholVolume": "0",
    "FicCode": "E",
    "EcoscoreValue": "83"
  },
  {
    "productId": "211391",
    "technicalArticleNumber": "3517603",
    "commercialArticleNumber": "18045",
    "name": "sojadrink choco",
    "description": "*België\n*Plantaardig",
    "brand": "ALPRO",
    "seoBrand": "Alpro",
    "thumbNail": "https://static.colruytgroup.com/images/200x200/std.lang.all/86/89/asset-3368689.jpg",
    "fullImage": "https://static.colruytgroup.com/images/500x500/std.lang.all/86/89/asset-3368689.jpg",
    "squareImage": "https://static.colruytgroup.com/images/500x500sq/std.lang.all/86/89/asset-3368689.jpg",
    "content": "6x25cl",
    "walkRouteSequenceNumber": 6307,
    "price": {
      "basicPrice": 5.95,
      "recommendedQuantity": "1.0",
      "measurementUnitPrice": 3.97,
      "measurementUnit": "L",
      "isRedPrice": false,
      "pricePerUOM": 3.97,
      "activationDate": "06-03-2024",
      "recordSource": "Offline",
      "isPromoActive": "N",
      "priceChangeCode": "H"
    },
    "isAvailable": true,
    "isPriceAvailable": true,
    "inPromo": false,
    "gtin": [
      "05411188121954",
      "05411188121961",
      "05411188121947"
    ],
    "topCategoryName": "Zuivel",
    "topCategoryId": "65",
    "businessDomain": "RETAIL_BE",
    "IsPrivateLabel": false,
    "IsBiffe": false,
    "WeightconversionFactor": "0",
    "IsWeightArticle": false,
    "nutriscoreLabel": "B",
    "IsBio": false,
    "CountryOfOrigin": "BELGIË",
    "IsExclusivelySoldInLuxembourg": false,
    "OrderUnit": "P",
    "ShortName": "ALPRO SOYA CHOCO 6X25C",
    "IsNew": false,
    "EcoscoreLabel": "A",
    "RecentQuanityOfStockUnits": "4,1",
    "LongName": "ALPRO sojadrink choco 6x25cl",
    "AlcoholVolume": "0",
    "FicCode": "E",
    "EcoscoreValue": "93"
  },
  {
    "productId": "1875",
    "technicalArticleNumber": "26281",
    "commercialArticleNumber": "26281",
    "name": "Karnemelk gesuikerd",
    "brand": "BALADE",
    "seoBrand": "Balade",
    "thumbNail": "https://static.colruytgroup.com/images/200x200/nl_be/64/48/asset-3226448.jpg",
    "fullImage": "https://static.colruytgroup.com/images/500x500/nl_be/64/48/asset-3226448.jpg",
    "squareImage": "https://static.colruytgroup.com/images/500x500sq/nl_be/64/48/asset-3226448.jpg",
    "content": "1L",
    "walkRouteSequenceNumber": 5746,
    "price": {
      "basicPrice": 3.29,
      "recommendedQuantity": "1.0",
      "quantityPrice": 2.63,
      "quantityPriceQuantity": "2.0",
      "measurementUnitPrice": 3.29,
      "measurementUnitQuantityPrice": 2.63,
      "measurementUnit": "L",
      "isRedPrice": false,
      "pricePerUOM": 3.29,
      "activationDate": "14-03-2024",
      "recordSource": "Offline",
      "isPromoActive": "N",
      "priceChangeCode": "E",
      "quantityPricePerUOM": 2.63,
      "quantityActivationDate": "14-03-2024",
      "quantityPriceChangeCode": "E"
    },
    "isAvailable": true,
    "isPriceAvailable": true,
    "inPromo": false,
    "gtin": [
      "05411396039881",
      "05411156009673",
      "05411156009703",
      "05411396039874"
    ],
    "topCategoryName": "Zuivel",
    "topCategoryId": "65",
    "businessDomain": "RETAIL_BE",
    "IsPrivateLabel": false,
    "IsBiffe": false,
    "WeightconversionFactor": "0",
    "IsWeightArticle": false,
    "nutriscoreLabel": "D",
    "IsBio": false,
    "CountryOfOrigin": "LUXEMBURG",
    "IsExclusivelySoldInLuxembourg": false,
    "OrderUnit": "P",
    "ShortName": "BALA KARNEMELK SUIKER1L",
    "IsNew": false,
    "RecentQuanityOfStockUnits": "1,8",
    "LongName": "BALADE Karnemelk gesuikerd 1L",
    "AlcoholVolume": "0",
    "FicCode": "E"
  },
  {
    "productId": "858991",
    "technicalArticleNumber": "4709291",
    "commercialArticleNumber": "31756",
    "name": "plantaardig haverdrink",
    "description": "*Plantaardig",
    "brand": "CAMPINA",
    "seoBrand": "Campina",
    "thumbNail": "https://static.colruytgroup.com/images/200x200/std.lang.all/47/11/asset-3194711.jpg",
    "fullImage": "https://static.colruytgroup.com/images/500x500/std.lang.all/47/11/asset-3194711.jpg",
    "squareImage": "https://static.colruytgroup.com/images/500x500sq/std.lang.all/47/11/asset-3194711.jpg",
    "content": "1L",
    "walkRouteSequenceNumber": 6267,
    "price": {
      "basicPrice": 2.49,
      "recommendedQuantity": "1.0",
      "measurementUnitPrice": 2.49,
      "measurementUnit": "L",
      "isRedPrice": false,
      "pricePerUOM": 2.49,
      "activationDate": "13-03-2024",
      "isPromoActive": "Y",
      "priceChangeCode": "E"
    },
    "isAvailable": true,
    "isPriceAvailable": true,
    "inPromo": true,
    "promotion": [
      {
        "techPromoId": "100836COLR",
        "promotionId": "100836",
        "promotionType": "4",
        "isPersonalized": "N",
        "publicationStartDate": "13-03-2024",
        "publicationEndDate": "26-03-2024"
      }
    ],
    "gtin": [
      "05410438045767",
      "05410438045774"
    ],
    "topCategoryName": "Zuivel",
    "topCategoryId": "65",
    "businessDomain": "RETAIL_BE",
    "IsPrivateLabel": false,
    "IsBiffe": false,
    "WeightconversionFactor": "0",
    "IsWeightArticle": false,
    "nutriscoreLabel": "A",
    "IsBio": false,
    "CountryOfOrigin": "PORTUGAL",
    "IsExclusivelySoldInLuxembourg": false,
    "OrderUnit": "P",
    "ShortName": "CAMP PLANTAARDI.HAVER1L",
    "IsNew": false,
    "EcoscoreLabel": "C",
    "RecentQuanityOfStockUnits": "6,1",
    "LongName": "CAMPINA plantaardig haverdrink 1L",
    "AlcoholVolume": "0",
    "FicCode": "E",
    "EcoscoreValue": "52"
  },
  {
    "productId": "344846",
    "technicalArticleNumber": "3827789",
    "commercialArticleNumber": "21803",
    "name": "less sugar pet",
    "description": "*Zonder toegevoegde\nsuikers\n*België",
    "brand": "CÉCÉMEL",
    "seoBrand": "Cécémel",
    "thumbNail": "https://static.colruytgroup.com/images/200x200/std.lang.all/02/50/asset-2400250.jpg",
    "fullImage": "https://static.colruytgroup.com/images/500x500/std.lang.all/02/50/asset-2400250.jpg",
    "squareImage": "https://static.colruytgroup.com/images/500x500sq/std.lang.all/02/50/asset-2400250.jpg",
    "content": "30cl",
    "walkRouteSequenceNumber": 6359,
    "price": {
      "basicPrice": 1.99,
      "recommendedQuantity": "6.0",
      "measurementUnitPrice": 6.64,
      "measurementUnit": "L",
      "isRedPrice": false,
      "pricePerUOM": 6.64,
      "activationDate": "22-03-2024",
      "recordSource": "Offline",
      "isPromoActive": "N",
      "priceChangeCode": "L"
    },
    "isAvailable": true,
    "isPriceAvailable": true,
    "inPromo": false,
    "gtin": [
      "05410438040502",
      "05410438040519",
      "05400141236514"
    ],
    "topCategoryName": "Zuivel",
    "topCategoryId": "65",
    "businessDomain": "RETAIL_BE",
    "IsPrivateLabel": false,
    "IsBiffe": false,
    "WeightconversionFactor": "0",
    "IsWeightArticle": false,
    "nutriscoreLabel": "C",
    "IsBio": false,
    "CountryOfOrigin": "BELGIË",
    "IsExclusivelySoldInLuxembourg": false,
    "OrderUnit": "P",
    "ShortName": "CECE LESS SUGAR PET30CL",
    "IsNew": false,
    "EcoscoreLabel": "B",
    "RecentQuanityOfStockUnits": "1,6,12",
    "LongName": "CÉCÉMEL less sugar pet 30cl",
    "AlcoholVolume": "0",
    "FicCode": "E",
    "EcoscoreValue": "74"
  },
  {
    "productId": "59801",
    "technicalArticleNumber": "2251488",
    "commercialArticleNumber": "1344",
    "name": "magere melk vanille glas",
    "description": "*Magere melk\n*België",
    "brand": "VANILIVIT",
    "seoBrand": "Vanilivit",
    "thumbNail": "https://static.colruytgroup.com/images/200x200/std.lang.all/35/94/asset-1033594.jpg",
    "fullImage": "https://static.colruytgroup.com/images/500x500/std.lang.all/35/94/asset-1033594.jpg",
    "squareImage": "https://static.colruytgroup.com/images/500x500sq/std.lang.all/35/94/asset-1033594.jpg",
    "content": "500ml",
    "walkRouteSequenceNumber": 6347,
    "price": {
      "basicPrice": 2.89,
      "recommendedQuantity": "1.0",
      "measurementUnitPrice": 5.78,
      "measurementUnit": "L",
      "isRedPrice": false,
      "pricePerUOM": 5.78,
      "activationDate": "18-10-2023",
      "recordSource": "Offline",
      "isPromoActive": "N",
      "priceChangeCode": "E"
    },
    "isAvailable": true,
    "isPriceAvailable": true,
    "inPromo": false,
    "gtin": [
      "05412451000075",
      "05412451000082"
    ],
    "topCategoryName": "Zuivel",
    "topCategoryId": "65",
    "businessDomain": "RETAIL_BE",
    "IsPrivateLabel": false,
    "IsBiffe": false,
    "WeightconversionFactor": "0",
    "IsWeightArticle": false,
    "nutriscoreLabel": "D",
    "IsBio": false,
    "CountryOfOrigin": "BELGIË",
    "IsExclusivelySoldInLuxembourg": false,
    "OrderUnit": "P",
    "ShortName": "RE VANILIVIT 500ML",
    "IsNew": false,
    "EcoscoreLabel": "B",
    "RecentQuanityOfStockUnits": "1,12",
    "LongName": "VANILIVIT magere melk vanille glas 500ml",
    "AlcoholVolume": "0",
    "FicCode": "E",
    "EcoscoreValue": "74"
  },
  {
    "productId": "858998",
    "technicalArticleNumber": "4709298",
    "commercialArticleNumber": "31758",
    "name": "plantaardig amandeldrink",
    "description": "*Plantaardig",
    "brand": "CAMPINA",
    "seoBrand": "Campina",
    "thumbNail": "https://static.colruytgroup.com/images/200x200/std.lang.all/47/12/asset-3194712.jpg",
    "fullImage": "https://static.colruytgroup.com/images/500x500/std.lang.all/47/12/asset-3194712.jpg",
    "squareImage": "https://static.colruytgroup.com/images/500x500sq/std.lang.all/47/12/asset-3194712.jpg",
    "content": "1L",
    "walkRouteSequenceNumber": 6268,
    "price": {
      "basicPrice": 2.79,
      "recommendedQuantity": "1.0",
      "measurementUnitPrice": 2.79,
      "measurementUnit": "L",
      "isRedPrice": false,
      "pricePerUOM": 2.79,
      "activationDate": "13-03-2024",
      "isPromoActive": "Y",
      "priceChangeCode": "E"
    },
    "isAvailable": true,
    "isPriceAvailable": true,
    "inPromo": true,
    "promotion": [
      {
        "techPromoId": "100836COLR",
        "promotionId": "100836",
        "promotionType": "4",
        "isPersonalized": "N",
        "publicationStartDate": "13-03-2024",
        "publicationEndDate": "26-03-2024"
      }
    ],
    "gtin": [
      "05410438045750",
      "05410438045743"
    ],
    "topCategoryName": "Zuivel",
    "topCategoryId": "65",
    "businessDomain": "RETAIL_BE",
    "IsPrivateLabel": false,
    "IsBiffe": false,
    "WeightconversionFactor": "0",
    "IsWeightArticle": false,
    "nutriscoreLabel": "A",
    "IsBio": false,
    "CountryOfOrigin": "PORTUGAL",
    "IsExclusivelySoldInLuxembourg": false,
    "OrderUnit": "P",
    "ShortName": "CAMP PLANTAAR.AMANDEL1L",
    "IsNew": false,
    "EcoscoreLabel": "C",
    "RecentQuanityOfStockUnits": "6,1",
    "LongName": "CAMPINA plantaardig amandeldrink 1L",
    "AlcoholVolume": "0",
    "FicCode": "E",
    "EcoscoreValue": "59"
  },
  {
    "productId": "843058",
    "technicalArticleNumber": "4688137",
    "commercialArticleNumber": "30635",
    "name": "scharrelei M",
    "brand": "EVERYDAY",
    "seoBrand": "Everyday",
    "thumbNail": "https://static.colruytgroup.com/images/200x200/std.lang.all/86/03/asset-3028603.jpg",
    "fullImage": "https://static.colruytgroup.com/images/500x500/std.lang.all/86/03/asset-3028603.jpg",
    "squareImage": "https://static.colruytgroup.com/images/500x500sq/std.lang.all/86/03/asset-3028603.jpg",
    "content": "12st",
    "walkRouteSequenceNumber": 8715,
    "price": {
      "basicPrice": 2.28,
      "recommendedQuantity": "1.0",
      "measurementUnitPrice": 0.19,
      "measurementUnit": "S",
      "isRedPrice": false,
      "pricePerUOM": 0.19,
      "activationDate": "07-03-2024",
      "recordSource": "Offline",
      "isPromoActive": "N",
      "priceChangeCode": "L"
    },
    "isAvailable": true,
    "isPriceAvailable": true,
    "inPromo": false,
    "gtin": [
      "45400141530948",
      "75400141530949",
      "05400141530940",
      "15400141530947",
      "55400141530945",
      "35400141530941"
    ],
    "topCategoryName": "Zuivel",
    "topCategoryId": "65",
    "businessDomain": "RETAIL_BE",
    "IsPrivateLabel": true,
    "IsBiffe": false,
    "WeightconversionFactor": "0",
    "IsWeightArticle": false,
    "IsBio": false,
    "CountryOfOrigin": "BELGIË",
    "IsExclusivelySoldInLuxembourg": false,
    "OrderUnit": "P",
    "ShortName": "EVD SCHARRELEI M 12ST",
    "IsNew": false,
    "RecentQuanityOfStockUnits": "15,15,15,15,1,15",
    "LongName": "EVERYDAY scharrelei M 12st",
    "AlcoholVolume": "0",
    "FicCode": "I"
  },
  {
    "productId": "88274",
    "technicalArticleNumber": "3024642",
    "commercialArticleNumber": "17792",
    "name": "culinaire room 20%vg brik",
    "description": "*Vetgehalte: 20 %\n*Romige toets in\nsoep, aardappelen en\nnagerechten/saus\ninkoken",
    "brand": "BONI",
    "seoBrand": "Boni Selection",
    "thumbNail": "https://static.colruytgroup.com/images/200x200/std.lang.all/43/32/asset-2704332.jpg",
    "fullImage": "https://static.colruytgroup.com/images/500x500/std.lang.all/43/32/asset-2704332.jpg",
    "squareImage": "https://static.colruytgroup.com/images/500x500sq/std.lang.all/43/32/asset-2704332.jpg",
    "content": "25cl",
    "walkRouteSequenceNumber": 5993,
    "price": {
      "basicPrice": 0.89,
      "recommendedQuantity": "1.0",
      "measurementUnitPrice": 3.56,
      "measurementUnit": "L",
      "isRedPrice": false,
      "pricePerUOM": 3.56,
      "activationDate": "17-02-2024",
      "recordSource": "Offline",
      "isPromoActive": "N",
      "priceChangeCode": "E"
    },
    "isAvailable": true,
    "isPriceAvailable": true,
    "inPromo": false,
    "gtin": [
      "15400141332879",
      "35400141210881",
      "15400141262121",
      "05400141044010",
      "05400141262124",
      "05400141332872",
      "05400141210880"
    ],
    "topCategoryName": "Zuivel",
    "topCategoryId": "65",
    "businessDomain": "RETAIL_BE",
    "IsPrivateLabel": true,
    "IsBiffe": false,
    "WeightconversionFactor": "0",
    "IsWeightArticle": false,
    "nutriscoreLabel": "D",
    "IsBio": false,
    "CountryOfOrigin": "BELGIË",
    "IsExclusivelySoldInLuxembourg": false,
    "OrderUnit": "P",
    "ShortName": "BONI ROOM 20 25CL",
    "IsNew": false,
    "EcoscoreLabel": "A",
    "RecentQuanityOfStockUnits": "24,1",
    "LongName": "BONI culinaire room 20%vg brik 25cl",
    "AlcoholVolume": "0",
    "FicCode": "I",
    "EcoscoreValue": "95"
  },
  {
    "productId": "50011",
    "technicalArticleNumber": "2477576",
    "commercialArticleNumber": "39137",
    "name": "emmental geraspt",
    "description": "*Nederland\n*Vegetarisch\n*Geraspte kaas",
    "brand": "EVERYDAY",
    "seoBrand": "Everyday",
    "thumbNail": "https://static.colruytgroup.com/images/200x200/std.lang.all/58/62/asset-2075862.jpg",
    "fullImage": "https://static.colruytgroup.com/images/500x500/std.lang.all/58/62/asset-2075862.jpg",
    "squareImage": "https://static.colruytgroup.com/images/500x500sq/std.lang.all/58/62/asset-2075862.jpg",
    "content": "500g",
    "walkRouteSequenceNumber": 5644,
    "price": {
      "basicPrice": 4.09,
      "recommendedQuantity": "1.0",
      "measurementUnitPrice": 8.18,
      "measurementUnit": "K",
      "isRedPrice": false,
      "pricePerUOM": 8.18,
      "activationDate": "28-02-2024",
      "recordSource": "Offline",
      "isPromoActive": "N",
      "priceChangeCode": "H"
    },
    "isAvailable": true,
    "isPriceAvailable": true,
    "inPromo": false,
    "gtin": [
      "45400141274286",
      "05400141214543",
      "05400141094220",
      "05400141269321",
      "05400141274288"
    ],
    "topCategoryName": "Zuivel",
    "topCategoryId": "65",
    "businessDomain": "RETAIL_BE",
    "IsPrivateLabel": true,
    "IsBiffe": false,
    "WeightconversionFactor": "0",
    "IsWeightArticle": false,
    "nutriscoreLabel": "C",
    "IsBio": false,
    "CountryOfOrigin": "BELGIË",
    "IsExclusivelySoldInLuxembourg": false,
    "OrderUnit": "P",
    "ShortName": "EVD EMMENTAL GER 500G",
    "IsNew": false,
    "EcoscoreLabel": "D",
    "RecentQuanityOfStockUnits": "1",
    "LongName": "EVERYDAY emmental geraspt 500g",
    "AlcoholVolume": "0",
    "FicCode": "I",
    "EcoscoreValue": "37"
  },
  {
    "productId": "110315",
    "technicalArticleNumber": "3094670",
    "commercialArticleNumber": "4477",
    "name": "Belgische scharreleieren L",
    "description": "*Oorsprong: België\n*Klasse A",
    "brand": "BONI",
    "seoBrand": "Boni Selection",
    "thumbNail": "https://static.colruytgroup.com/images/200x200/std.lang.all/83/91/asset-3028391.jpg",
    "fullImage": "https://static.colruytgroup.com/images/500x500/std.lang.all/83/91/asset-3028391.jpg",
    "squareImage": "https://static.colruytgroup.com/images/500x500sq/std.lang.all/83/91/asset-3028391.jpg",
    "content": "6st",
    "walkRouteSequenceNumber": 8714,
    "price": {
      "basicPrice": 1.99,
      "recommendedQuantity": "1.0",
      "measurementUnitPrice": 0.332,
      "measurementUnit": "S",
      "isRedPrice": false,
      "pricePerUOM": 0.332,
      "activationDate": "13-03-2024",
      "recordSource": "Offline",
      "isPromoActive": "N",
      "priceChangeCode": "E"
    },
    "isAvailable": true,
    "isPriceAvailable": true,
    "inPromo": false,
    "gtin": [
      "25400141860270",
      "15400141860273",
      "05400141800821",
      "05400141090444",
      "05400141090291",
      "05400141234121",
      "05400141294774",
      "05400141299571",
      "45400141234129",
      "15420030800524",
      "15400141972358",
      "15400141825005",
      "15400141091738",
      "05400141401882",
      "05400141374629",
      "05400141860276",
      "45400141800829",
      "25400141800825"
    ],
    "topCategoryName": "Zuivel",
    "topCategoryId": "65",
    "businessDomain": "RETAIL_BE",
    "IsPrivateLabel": true,
    "IsBiffe": false,
    "WeightconversionFactor": "0",
    "IsWeightArticle": false,
    "nutriscoreLabel": "A",
    "IsBio": false,
    "CountryOfOrigin": "BELGIË",
    "IsExclusivelySoldInLuxembourg": false,
    "OrderUnit": "P",
    "ShortName": "BONI EI 6L SCHARREL",
    "IsNew": false,
    "EcoscoreLabel": "D",
    "RecentQuanityOfStockUnits": "1,30",
    "LongName": "BONI Belgische scharreleieren L 6st",
    "AlcoholVolume": "0",
    "FicCode": "I",
    "EcoscoreValue": "30"
  },
  {
    "productId": "531343",
    "technicalArticleNumber": "4122500",
    "commercialArticleNumber": "9092",
    "name": "gouda jong sn.zond.korst",
    "description": "Nederland, Duitsland\n*Jong halfharde kaas\n*O.b.v\ngepasteuriseerd melk\n*Vegetarisch",
    "brand": "EVERYDAY",
    "seoBrand": "Everyday",
    "thumbNail": "https://static.colruytgroup.com/images/200x200/std.lang.all/11/67/asset-1971167.jpg",
    "fullImage": "https://static.colruytgroup.com/images/500x500/std.lang.all/11/67/asset-1971167.jpg",
    "squareImage": "https://static.colruytgroup.com/images/500x500sq/std.lang.all/11/67/asset-1971167.jpg",
    "content": "500g",
    "walkRouteSequenceNumber": 6217,
    "price": {
      "basicPrice": 3.56,
      "recommendedQuantity": "1.0",
      "measurementUnitPrice": 7.12,
      "measurementUnit": "K",
      "isRedPrice": false,
      "pricePerUOM": 7.12,
      "activationDate": "15-03-2024",
      "recordSource": "Offline",
      "isPromoActive": "N",
      "priceChangeCode": "H"
    },
    "isAvailable": true,
    "isPriceAvailable": true,
    "inPromo": false,
    "gtin": [
      "15400141298601",
      "05400141298604",
      "25400141298608"
    ],
    "topCategoryName": "Zuivel",
    "topCategoryId": "65",
    "businessDomain": "RETAIL_BE",
    "IsPrivateLabel": true,
    "IsBiffe": false,
    "WeightconversionFactor": "0",
    "IsWeightArticle": false,
    "nutriscoreLabel": "C",
    "IsBio": false,
    "CountryOfOrigin": "NEDERLAND",
    "IsExclusivelySoldInLuxembourg": false,
    "OrderUnit": "P",
    "ShortName": "EVD GOUDA JON SN 500G",
    "IsNew": false,
    "EcoscoreLabel": "C",
    "RecentQuanityOfStockUnits": "1",
    "LongName": "EVERYDAY gouda jong sn.zond.korst 500g",
    "FicCode": "I",
    "EcoscoreValue": "55"
  },
  {
    "productId": "417070",
    "technicalArticleNumber": "3940808",
    "commercialArticleNumber": "1454",
    "name": "franse emmental geraspt",
    "description": "*Frankrijk\n*geraspte kaas\n*vegetarisch\n*o.b.v. gepasteuriseerde melk",
    "brand": "BONI",
    "seoBrand": "Boni Selection",
    "thumbNail": "https://static.colruytgroup.com/images/200x200/std.lang.all/27/65/asset-2942765.jpg",
    "fullImage": "https://static.colruytgroup.com/images/500x500/std.lang.all/27/65/asset-2942765.jpg",
    "squareImage": "https://static.colruytgroup.com/images/500x500sq/std.lang.all/27/65/asset-2942765.jpg",
    "content": "200g",
    "walkRouteSequenceNumber": 5668,
    "price": {
      "basicPrice": 1.58,
      "recommendedQuantity": "1.0",
      "measurementUnitPrice": 7.9,
      "measurementUnit": "K",
      "isRedPrice": false,
      "pricePerUOM": 7.9,
      "activationDate": "22-03-2024",
      "recordSource": "Folder",
      "isPromoActive": "N",
      "priceChangeCode": "E"
    },
    "isAvailable": true,
    "isPriceAvailable": true,
    "inPromo": false,
    "gtin": [
      "05400141115802",
      "05400141440522",
      "05400141010763"
    ],
    "topCategoryName": "Zuivel",
    "topCategoryId": "65",
    "businessDomain": "RETAIL_BE",
    "IsPrivateLabel": true,
    "IsBiffe": false,
    "WeightconversionFactor": "0",
    "IsWeightArticle": false,
    "nutriscoreLabel": "C",
    "IsBio": false,
    "CountryOfOrigin": "BELGIË",
    "IsExclusivelySoldInLuxembourg": false,
    "OrderUnit": "P",
    "ShortName": "BONI FR.EMMENT.GER.200G",
    "IsNew": false,
    "EcoscoreLabel": "C",
    "RecentQuanityOfStockUnits": "1",
    "LongName": "BONI franse emmental geraspt 200g",
    "FicCode": "I",
    "EcoscoreValue": "59"
  },
  {
    "productId": "9510",
    "technicalArticleNumber": "1123239",
    "commercialArticleNumber": "26613",
    "name": "mozzarella",
    "description": "*Duitsland\n*Verse kaas\n*Zacht, fris\n*O.b.v. melkserum\n*Microbieel stremsel",
    "brand": "EVERYDAY",
    "seoBrand": "Everyday",
    "thumbNail": "https://static.colruytgroup.com/images/200x200/std.lang.all/69/59/asset-596959.jpg",
    "fullImage": "https://static.colruytgroup.com/images/500x500/std.lang.all/69/59/asset-596959.jpg",
    "squareImage": "https://static.colruytgroup.com/images/500x500sq/std.lang.all/69/59/asset-596959.jpg",
    "content": "125g",
    "walkRouteSequenceNumber": 5223,
    "price": {
      "basicPrice": 0.75,
      "recommendedQuantity": "1.0",
      "measurementUnitPrice": 6,
      "measurementUnit": "K",
      "isRedPrice": false,
      "pricePerUOM": 6,
      "activationDate": "02-02-2024",
      "recordSource": "Offline",
      "isPromoActive": "N",
      "priceChangeCode": "E"
    },
    "isAvailable": true,
    "isPriceAvailable": true,
    "inPromo": false,
    "gtin": [
      "15400141007777",
      "05400141036480",
      "04014500110974",
      "15400141954088",
      "05400141154061",
      "15400141036487",
      "05400141007770"
    ],
    "topCategoryName": "Zuivel",
    "topCategoryId": "65",
    "businessDomain": "RETAIL_BE",
    "IsPrivateLabel": true,
    "IsBiffe": false,
    "WeightconversionFactor": "0",
    "IsWeightArticle": false,
    "nutriscoreLabel": "C",
    "IsBio": false,
    "CountryOfOrigin": "DUITSLAND",
    "IsExclusivelySoldInLuxembourg": false,
    "OrderUnit": "P",
    "ShortName": "EVD MOZZARELLA 125G",
    "InSeason": true,
    "IsNew": false,
    "EcoscoreLabel": "C",
    "RecentQuanityOfStockUnits": "20,1",
    "LongName": "EVERYDAY mozzarella 125g",
    "AlcoholVolume": "0",
    "StartSeasonDate": "24/01/2012",
    "FicCode": "I",
    "EcoscoreValue": "43"
  },
  {
    "productId": "2066",
    "technicalArticleNumber": "26155",
    "commercialArticleNumber": "26155",
    "name": "room 30%vg brik",
    "description": "*Vetgehalte: 30 %\n*Romige toets in\nsoep, aardappelen en\nnagerechten/saus\ninkoken",
    "brand": "EVERYDAY",
    "seoBrand": "Everyday",
    "thumbNail": "https://static.colruytgroup.com/images/200x200/std.lang.all/43/09/asset-2384309.jpg",
    "fullImage": "https://static.colruytgroup.com/images/500x500/std.lang.all/43/09/asset-2384309.jpg",
    "squareImage": "https://static.colruytgroup.com/images/500x500sq/std.lang.all/43/09/asset-2384309.jpg",
    "content": "20cl",
    "walkRouteSequenceNumber": 6031,
    "price": {
      "basicPrice": 0.79,
      "recommendedQuantity": "1.0",
      "measurementUnitPrice": 3.95,
      "measurementUnit": "L",
      "isRedPrice": false,
      "pricePerUOM": 3.95,
      "activationDate": "04-01-2024",
      "recordSource": "Offline",
      "isPromoActive": "N",
      "priceChangeCode": "E"
    },
    "isAvailable": true,
    "isPriceAvailable": true,
    "inPromo": false,
    "gtin": [
      "00000041002933",
      "00540014126155",
      "05400141043075",
      "05400141261554",
      "05400141261561",
      "05400141417234",
      "15400141976691",
      "05400141936285",
      "05400014126157",
      "15400141936282"
    ],
    "topCategoryName": "Zuivel",
    "topCategoryId": "65",
    "businessDomain": "RETAIL_BE",
    "IsPrivateLabel": true,
    "IsBiffe": false,
    "WeightconversionFactor": "0",
    "IsWeightArticle": false,
    "nutriscoreLabel": "D",
    "IsBio": false,
    "CountryOfOrigin": "DUITSLAND",
    "IsExclusivelySoldInLuxembourg": false,
    "OrderUnit": "P",
    "ShortName": "EVD ROOM 30PC 20CL",
    "IsNew": false,
    "EcoscoreLabel": "C",
    "RecentQuanityOfStockUnits": "1,27",
    "LongName": "EVERYDAY room 30%vg brik 20cl",
    "AlcoholVolume": "0",
    "FicCode": "I",
    "EcoscoreValue": "48"
  },
  {
    "productId": "2056",
    "technicalArticleNumber": "26104",
    "commercialArticleNumber": "26104",
    "name": "bladerdeeg",
    "description": "*Kant- en klaar deeg\n*Geschikt voor zoete\nen hartige\nbereidingen",
    "brand": "BONI",
    "seoBrand": "Boni Selection",
    "thumbNail": "https://static.colruytgroup.com/images/200x200/std.lang.all/03/75/asset-2400375.jpg",
    "fullImage": "https://static.colruytgroup.com/images/500x500/std.lang.all/03/75/asset-2400375.jpg",
    "squareImage": "https://static.colruytgroup.com/images/500x500sq/std.lang.all/03/75/asset-2400375.jpg",
    "content": "230g",
    "walkRouteSequenceNumber": 6059,
    "price": {
      "basicPrice": 0.75,
      "recommendedQuantity": "1.0",
      "measurementUnitPrice": 3.27,
      "measurementUnit": "K",
      "isRedPrice": false,
      "pricePerUOM": 3.27,
      "activationDate": "11-03-2024",
      "recordSource": "Offline",
      "isPromoActive": "N",
      "priceChangeCode": "H"
    },
    "isAvailable": true,
    "isPriceAvailable": true,
    "inPromo": false,
    "gtin": [
      "05400141164503",
      "05400141244465",
      "05400141461046",
      "15400141244462",
      "15400141921691"
    ],
    "topCategoryName": "Bereidingen/Charcuterie/Vis/Veggie",
    "topCategoryId": "105",
    "businessDomain": "RETAIL_BE",
    "IsPrivateLabel": true,
    "IsBiffe": false,
    "WeightconversionFactor": "0",
    "IsWeightArticle": false,
    "nutriscoreLabel": "D",
    "IsBio": false,
    "CountryOfOrigin": "FRANKRIJK",
    "IsExclusivelySoldInLuxembourg": false,
    "OrderUnit": "P",
    "ShortName": "BONI BLADERDEEG 230G",
    "IsNew": false,
    "EcoscoreLabel": "B",
    "RecentQuanityOfStockUnits": "10,1",
    "LongName": "BONI bladerdeeg 230g",
    "AlcoholVolume": "0",
    "FicCode": "I",
    "EcoscoreValue": "61"
  },
  {
    "productId": "529276",
    "technicalArticleNumber": "4118942",
    "commercialArticleNumber": "7108",
    "name": "Belg. gouda jong 5 sneetjes",
    "description": "*België\n*Vegetarisch\n*Gepasteuris.melk\n*Halfharde kaas,jong\n*Korst niet eetbaar",
    "brand": "BONI",
    "seoBrand": "Boni Selection",
    "thumbNail": "https://static.colruytgroup.com/images/200x200/std.lang.all/78/71/asset-3127871.jpg",
    "fullImage": "https://static.colruytgroup.com/images/500x500/std.lang.all/78/71/asset-3127871.jpg",
    "squareImage": "https://static.colruytgroup.com/images/500x500sq/std.lang.all/78/71/asset-3127871.jpg",
    "content": "250g",
    "walkRouteSequenceNumber": 6184,
    "price": {
      "basicPrice": 3.12,
      "recommendedQuantity": "1.0",
      "quantityPrice": 1.57,
      "quantityPriceQuantity": "2.0",
      "measurementUnitPrice": 12.48,
      "measurementUnitQuantityPrice": 6.28,
      "measurementUnit": "K",
      "isRedPrice": false,
      "pricePerUOM": 12.48,
      "activationDate": "20-03-2024",
      "recordSource": "Offline",
      "isPromoActive": "N",
      "priceChangeCode": "H",
      "quantityPricePerUOM": 6.28,
      "quantityActivationDate": "20-03-2024",
      "quantityPriceChangeCode": "L"
    },
    "isAvailable": true,
    "isPriceAvailable": true,
    "inPromo": false,
    "gtin": [
      "25400141790157",
      "05400141790153",
      "05400141297515",
      "15400141466178",
      "05400141413458"
    ],
    "topCategoryName": "Zuivel",
    "topCategoryId": "65",
    "businessDomain": "RETAIL_BE",
    "IsPrivateLabel": true,
    "IsBiffe": false,
    "WeightconversionFactor": "0",
    "IsWeightArticle": false,
    "nutriscoreLabel": "C",
    "IsBio": false,
    "CountryOfOrigin": "BELGIË",
    "IsExclusivelySoldInLuxembourg": false,
    "OrderUnit": "P",
    "ShortName": "BONI BEL.GO JONGSN250G",
    "InSeason": true,
    "IsNew": false,
    "EcoscoreLabel": "B",
    "RecentQuanityOfStockUnits": "1",
    "LongName": "BONI Belg. gouda jong 5 sneetjes 250g",
    "StartSeasonDate": "22/09/2022",
    "FicCode": "I",
    "EcoscoreValue": "60"
  },
  {
    "productId": "88275",
    "technicalArticleNumber": "3024655",
    "commercialArticleNumber": "17796",
    "name": "volle room 35%vg brik",
    "description": "*Vetgehalte: 35 %\n*Romige toets in\nsoep, aardappelen en\nnagerechten/saus\ninkoken/slagroom",
    "brand": "BONI",
    "seoBrand": "Boni Selection",
    "thumbNail": "https://static.colruytgroup.com/images/200x200/std.lang.all/24/72/asset-2002472.jpg",
    "fullImage": "https://static.colruytgroup.com/images/500x500/std.lang.all/24/72/asset-2002472.jpg",
    "squareImage": "https://static.colruytgroup.com/images/500x500sq/std.lang.all/24/72/asset-2002472.jpg",
    "content": "25cl",
    "walkRouteSequenceNumber": 6027,
    "price": {
      "basicPrice": 1.09,
      "recommendedQuantity": "1.0",
      "measurementUnitPrice": 4.36,
      "measurementUnit": "L",
      "isRedPrice": false,
      "pricePerUOM": 4.36,
      "activationDate": "17-02-2024",
      "recordSource": "Offline",
      "isPromoActive": "N",
      "priceChangeCode": "E"
    },
    "isAvailable": true,
    "isPriceAvailable": true,
    "inPromo": false,
    "gtin": [
      "15400141972525",
      "35400141212823",
      "05400141212822",
      "05400141044041",
      "15400141332923",
      "05400141332926"
    ],
    "topCategoryName": "Zuivel",
    "topCategoryId": "65",
    "businessDomain": "RETAIL_BE",
    "IsPrivateLabel": true,
    "IsBiffe": false,
    "WeightconversionFactor": "0",
    "IsWeightArticle": false,
    "nutriscoreLabel": "D",
    "IsBio": false,
    "CountryOfOrigin": "BELGIË",
    "IsExclusivelySoldInLuxembourg": false,
    "OrderUnit": "P",
    "ShortName": "BONI ROOM 35 25CL",
    "IsNew": false,
    "EcoscoreLabel": "A",
    "RecentQuanityOfStockUnits": "24,1",
    "LongName": "BONI volle room 35%vg brik 25cl",
    "AlcoholVolume": "0",
    "FicCode": "I",
    "EcoscoreValue": "81"
  },
  {
    "productId": "2125",
    "technicalArticleNumber": "26700",
    "commercialArticleNumber": "26700",
    "name": "melkerijboter ongezouten",
    "description": "*Melkerijboter\n*Vetgehalte: 82 %\n*Ongezouten\n*Belgisch",
    "brand": "BONI",
    "seoBrand": "Boni Selection",
    "thumbNail": "https://static.colruytgroup.com/images/200x200/std.lang.all/65/27/asset-3306527.jpg",
    "fullImage": "https://static.colruytgroup.com/images/500x500/std.lang.all/65/27/asset-3306527.jpg",
    "squareImage": "https://static.colruytgroup.com/images/500x500sq/std.lang.all/65/27/asset-3306527.jpg",
    "content": "250g",
    "walkRouteSequenceNumber": 6148,
    "price": {
      "basicPrice": 1.99,
      "recommendedQuantity": "1.0",
      "measurementUnitPrice": 7.96,
      "measurementUnit": "K",
      "isRedPrice": false,
      "pricePerUOM": 7.96,
      "activationDate": "30-01-2024",
      "recordSource": "Offline",
      "isPromoActive": "N",
      "priceChangeCode": "E"
    },
    "isAvailable": true,
    "isPriceAvailable": true,
    "inPromo": false,
    "gtin": [
      "05400141070132",
      "05400141103557",
      "05400141267143",
      "15400141267003",
      "15400141267140",
      "15400141975175",
      "05400141819694"
    ],
    "topCategoryName": "Zuivel",
    "topCategoryId": "65",
    "businessDomain": "RETAIL_BE",
    "IsPrivateLabel": true,
    "IsBiffe": false,
    "WeightconversionFactor": "0",
    "IsWeightArticle": false,
    "nutriscoreLabel": "E",
    "IsBio": false,
    "CountryOfOrigin": "BELGIË",
    "IsExclusivelySoldInLuxembourg": false,
    "OrderUnit": "P",
    "ShortName": "BONI BOTER ONGEZ. 250GR",
    "IsNew": false,
    "EcoscoreLabel": "D",
    "RecentQuanityOfStockUnits": "40,1",
    "LongName": "BONI melkerijboter ongezouten 250g",
    "AlcoholVolume": "0",
    "FicCode": "I",
    "EcoscoreValue": "24"
  },
  {
    "productId": "419059",
    "technicalArticleNumber": "3941637",
    "commercialArticleNumber": "1484",
    "name": "Cheddar 10 sneden",
    "brand": "BONI",
    "seoBrand": "Boni Selection",
    "thumbNail": "https://static.colruytgroup.com/images/200x200/std.lang.all/98/47/asset-1769847.jpg",
    "fullImage": "https://static.colruytgroup.com/images/500x500/std.lang.all/98/47/asset-1769847.jpg",
    "squareImage": "https://static.colruytgroup.com/images/500x500sq/std.lang.all/98/47/asset-1769847.jpg",
    "content": "250g",
    "walkRouteSequenceNumber": 6114,
    "price": {
      "basicPrice": 1.73,
      "recommendedQuantity": "1.0",
      "measurementUnitPrice": 6.92,
      "measurementUnit": "K",
      "isRedPrice": false,
      "pricePerUOM": 6.92,
      "activationDate": "21-03-2024",
      "recordSource": "Offline",
      "isPromoActive": "N",
      "priceChangeCode": "H"
    },
    "isAvailable": true,
    "isPriceAvailable": true,
    "inPromo": false,
    "gtin": [
      "15400141013051",
      "05400141013054",
      "05400141868128"
    ],
    "topCategoryName": "Zuivel",
    "topCategoryId": "65",
    "businessDomain": "RETAIL_BE",
    "IsPrivateLabel": true,
    "IsBiffe": false,
    "WeightconversionFactor": "0",
    "IsWeightArticle": false,
    "nutriscoreLabel": "C",
    "IsBio": false,
    "CountryOfOrigin": "DUITSLAND",
    "IsExclusivelySoldInLuxembourg": false,
    "OrderUnit": "P",
    "ShortName": "BONI CHEDDAR 10SN. 250G",
    "IsNew": false,
    "EcoscoreLabel": "C",
    "RecentQuanityOfStockUnits": "1,36",
    "LongName": "BONI Cheddar 10 sneden 250g",
    "FicCode": "I",
    "EcoscoreValue": "50"
  },
  {
    "productId": "14276",
    "technicalArticleNumber": "1588959",
    "commercialArticleNumber": "30933",
    "name": "scharrelei Belgisch M",
    "description": "*Oorsprong: België\n*Klasse A",
    "brand": "BONI",
    "seoBrand": "Boni Selection",
    "thumbNail": "https://static.colruytgroup.com/images/200x200/std.lang.all/83/79/asset-3028379.jpg",
    "fullImage": "https://static.colruytgroup.com/images/500x500/std.lang.all/83/79/asset-3028379.jpg",
    "squareImage": "https://static.colruytgroup.com/images/500x500sq/std.lang.all/83/79/asset-3028379.jpg",
    "content": "12st",
    "walkRouteSequenceNumber": 8713,
    "price": {
      "basicPrice": 3.7,
      "recommendedQuantity": "1.0",
      "measurementUnitPrice": 0.309,
      "measurementUnit": "S",
      "isRedPrice": false,
      "pricePerUOM": 0.309,
      "activationDate": "14-11-2023",
      "recordSource": "Offline",
      "isPromoActive": "N",
      "priceChangeCode": "E"
    },
    "isAvailable": true,
    "isPriceAvailable": true,
    "inPromo": false,
    "gtin": [
      "05400141800807",
      "05400141299588",
      "05400141234541",
      "05400141090239",
      "05400141399912",
      "05400141374612",
      "45400141234549",
      "15400141153801",
      "15400141153818",
      "05400141351125",
      "05400141374537",
      "15400141153764",
      "35400141800808",
      "55400141800802",
      "05400141860269",
      "15400141800804",
      "25400141860263"
    ],
    "topCategoryName": "Zuivel",
    "topCategoryId": "65",
    "businessDomain": "RETAIL_BE",
    "IsPrivateLabel": true,
    "IsBiffe": false,
    "WeightconversionFactor": "0",
    "IsWeightArticle": false,
    "nutriscoreLabel": "A",
    "IsBio": false,
    "CountryOfOrigin": "BELGIË",
    "IsExclusivelySoldInLuxembourg": false,
    "OrderUnit": "P",
    "ShortName": "BONI SEL. EI SCHAR+12M",
    "IsNew": false,
    "EcoscoreLabel": "D",
    "RecentQuanityOfStockUnits": "1,15,15",
    "LongName": "BONI scharrelei Belgisch M 12st",
    "AlcoholVolume": "0",
    "FicCode": "I",
    "EcoscoreValue": "30"
  },
  {
    "productId": "40336",
    "technicalArticleNumber": "2477579",
    "commercialArticleNumber": "39141",
    "name": "mozzarella geraspt",
    "description": "*Geraspte kaas\n*Vegetarische",
    "brand": "BONI",
    "seoBrand": "Boni Selection",
    "thumbNail": "https://static.colruytgroup.com/images/200x200/std.lang.all/41/59/asset-2974159.jpg",
    "fullImage": "https://static.colruytgroup.com/images/500x500/std.lang.all/41/59/asset-2974159.jpg",
    "squareImage": "https://static.colruytgroup.com/images/500x500sq/std.lang.all/41/59/asset-2974159.jpg",
    "content": "250g",
    "walkRouteSequenceNumber": 5662,
    "price": {
      "basicPrice": 1.93,
      "recommendedQuantity": "1.0",
      "measurementUnitPrice": 7.72,
      "measurementUnit": "K",
      "isRedPrice": false,
      "pricePerUOM": 7.72,
      "activationDate": "22-03-2024",
      "recordSource": "Folder",
      "isPromoActive": "N",
      "priceChangeCode": "E"
    },
    "isAvailable": true,
    "isPriceAvailable": true,
    "inPromo": false,
    "gtin": [
      "05400141041378",
      "05400141129052",
      "05400141269369",
      "05400141274646",
      "05400141285642",
      "05400141410891",
      "25400141410895"
    ],
    "topCategoryName": "Zuivel",
    "topCategoryId": "65",
    "businessDomain": "RETAIL_BE",
    "IsPrivateLabel": true,
    "IsBiffe": false,
    "WeightconversionFactor": "0",
    "IsWeightArticle": false,
    "nutriscoreLabel": "C",
    "IsBio": false,
    "CountryOfOrigin": "BELGIË",
    "IsExclusivelySoldInLuxembourg": false,
    "OrderUnit": "P",
    "ShortName": "BONI MOZZAREL. RASP250G",
    "IsNew": false,
    "EcoscoreLabel": "C",
    "RecentQuanityOfStockUnits": "1",
    "LongName": "BONI mozzarella geraspt 250g",
    "AlcoholVolume": "0",
    "FicCode": "I",
    "EcoscoreValue": "52"
  },
  {
    "productId": "40339",
    "technicalArticleNumber": "2477582",
    "commercialArticleNumber": "39144",
    "name": "Spaghetti Mix geraspt",
    "description": "*Geraspte kaas\n*Emmentaler,Gouda en\nGrana\n*O.b.v. rauwmelkse\nkaas",
    "brand": "BONI",
    "seoBrand": "Boni Selection",
    "thumbNail": "https://static.colruytgroup.com/images/200x200/std.lang.all/18/27/asset-1691827.jpg",
    "fullImage": "https://static.colruytgroup.com/images/500x500/std.lang.all/18/27/asset-1691827.jpg",
    "squareImage": "https://static.colruytgroup.com/images/500x500sq/std.lang.all/18/27/asset-1691827.jpg",
    "content": "200g",
    "walkRouteSequenceNumber": 5642,
    "price": {
      "basicPrice": 2.09,
      "recommendedQuantity": "1.0",
      "quantityPrice": 1.57,
      "quantityPriceQuantity": "2.0",
      "measurementUnitPrice": 10.45,
      "measurementUnitQuantityPrice": 7.85,
      "measurementUnit": "K",
      "isRedPrice": false,
      "pricePerUOM": 10.45,
      "activationDate": "13-03-2024",
      "recordSource": "Offline",
      "isPromoActive": "N",
      "priceChangeCode": "E",
      "quantityPricePerUOM": 7.85,
      "quantityActivationDate": "13-03-2024",
      "quantityPriceChangeCode": "H"
    },
    "isAvailable": true,
    "isPriceAvailable": true,
    "inPromo": false,
    "gtin": [
      "05400141129083",
      "05400141366303",
      "05400141307337",
      "05400141214116",
      "05400141041231"
    ],
    "topCategoryName": "Zuivel",
    "topCategoryId": "65",
    "businessDomain": "RETAIL_BE",
    "IsPrivateLabel": true,
    "IsBiffe": false,
    "WeightconversionFactor": "0",
    "IsWeightArticle": false,
    "nutriscoreLabel": "C",
    "IsBio": false,
    "CountryOfOrigin": "BELGIË",
    "IsExclusivelySoldInLuxembourg": false,
    "OrderUnit": "P",
    "ShortName": "BONI SPAGHET RASP 200G",
    "IsNew": false,
    "EcoscoreLabel": "B",
    "RecentQuanityOfStockUnits": "1",
    "LongName": "BONI Spaghetti Mix geraspt 200g",
    "AlcoholVolume": "0",
    "FicCode": "I",
    "EcoscoreValue": "60"
  },
  {
    "productId": "110940",
    "technicalArticleNumber": "3095156",
    "commercialArticleNumber": "8440",
    "name": "Belg. verse eieren M",
    "description": "*Oorsprong: België\n*Klasse A",
    "brand": "BONI BIO",
    "seoBrand": "Boni Selection Bio",
    "thumbNail": "https://static.colruytgroup.com/images/200x200/std.lang.all/80/39/asset-3028039.jpg",
    "fullImage": "https://static.colruytgroup.com/images/500x500/std.lang.all/80/39/asset-3028039.jpg",
    "squareImage": "https://static.colruytgroup.com/images/500x500sq/std.lang.all/80/39/asset-3028039.jpg",
    "content": "12st",
    "walkRouteSequenceNumber": 8703,
    "price": {
      "basicPrice": 4.19,
      "recommendedQuantity": "1.0",
      "measurementUnitPrice": 0.35,
      "measurementUnit": "S",
      "isRedPrice": false,
      "pricePerUOM": 0.35,
      "activationDate": "15-03-2024",
      "recordSource": "Offline",
      "isPromoActive": "N",
      "priceChangeCode": "H"
    },
    "isAvailable": true,
    "isPriceAvailable": true,
    "inPromo": false,
    "gtin": [
      "15400141636526",
      "15400141910954",
      "05400141518474",
      "05400141636529",
      "05400141402568",
      "05400141402858",
      "05400141402889",
      "15400141006039",
      "15400141153733",
      "15400141153757",
      "05400141299700",
      "05400141299687",
      "05400141268317",
      "05400141006032",
      "05400141299694",
      "05400141299670",
      "05400141039818",
      "05400141090307",
      "05400141160277",
      "05400141020243",
      "05400141239331",
      "05400141234077",
      "15400141518471"
    ],
    "topCategoryName": "Zuivel",
    "topCategoryId": "65",
    "businessDomain": "RETAIL_BE",
    "IsPrivateLabel": true,
    "IsBiffe": false,
    "WeightconversionFactor": "0",
    "IsWeightArticle": false,
    "nutriscoreLabel": "A",
    "IsBio": true,
    "CountryOfOrigin": "BELGIË",
    "IsExclusivelySoldInLuxembourg": false,
    "OrderUnit": "P",
    "ShortName": "BIO BS EIEREN 12ST M",
    "IsNew": false,
    "EcoscoreLabel": "B",
    "RecentQuanityOfStockUnits": "1,15",
    "LongName": "BONI BIO Belg. verse eieren M 12st",
    "AlcoholVolume": "0",
    "FicCode": "I",
    "EcoscoreValue": "75"
  },
  {
    "productId": "2182",
    "technicalArticleNumber": "26516",
    "commercialArticleNumber": "26516",
    "name": "verse kaas look&f.kruiden",
    "description": "*Denemarken\n*Verse kaas\n*Romig, fris\n*Met kruiden",
    "brand": "EVERYDAY",
    "seoBrand": "Everyday",
    "thumbNail": "https://static.colruytgroup.com/images/200x200/std.lang.all/52/25/asset-2305225.jpg",
    "fullImage": "https://static.colruytgroup.com/images/500x500/std.lang.all/52/25/asset-2305225.jpg",
    "squareImage": "https://static.colruytgroup.com/images/500x500sq/std.lang.all/52/25/asset-2305225.jpg",
    "content": "150g",
    "walkRouteSequenceNumber": 4901,
    "price": {
      "basicPrice": 0.89,
      "recommendedQuantity": "1.0",
      "measurementUnitPrice": 5.94,
      "measurementUnit": "K",
      "isRedPrice": false,
      "pricePerUOM": 5.94,
      "activationDate": "07-12-2023",
      "recordSource": "Offline",
      "isPromoActive": "N",
      "priceChangeCode": "H"
    },
    "isAvailable": true,
    "isPriceAvailable": true,
    "inPromo": false,
    "gtin": [
      "05400141154276",
      "05400141226294",
      "05400141413595",
      "15400141226291",
      "15400141413592",
      "15400141954101"
    ],
    "topCategoryName": "Zuivel",
    "topCategoryId": "65",
    "businessDomain": "RETAIL_BE",
    "IsPrivateLabel": true,
    "IsBiffe": false,
    "WeightconversionFactor": "0",
    "IsWeightArticle": false,
    "nutriscoreLabel": "D",
    "IsBio": false,
    "CountryOfOrigin": "DENEMARKEN",
    "IsExclusivelySoldInLuxembourg": false,
    "OrderUnit": "P",
    "ShortName": "EVD KRUIDENKAAS 150GR",
    "IsNew": false,
    "EcoscoreLabel": "C",
    "RecentQuanityOfStockUnits": "1,20",
    "LongName": "EVERYDAY verse kaas look&f.kruiden 150g",
    "AlcoholVolume": "0",
    "FicCode": "I",
    "EcoscoreValue": "41"
  },
  {
    "productId": "27470",
    "technicalArticleNumber": "1992213",
    "commercialArticleNumber": "26493",
    "name": "extra lichte room 7% vg brik",
    "description": "*Vetgehalte: 7 %\n*Romige toets in\nsoep, aardappelen en\nnagerechten/saus\ninkoken",
    "brand": "BONI",
    "seoBrand": "Boni Selection",
    "thumbNail": "https://static.colruytgroup.com/images/200x200/std.lang.all/42/55/asset-2144255.jpg",
    "fullImage": "https://static.colruytgroup.com/images/500x500/std.lang.all/42/55/asset-2144255.jpg",
    "squareImage": "https://static.colruytgroup.com/images/500x500sq/std.lang.all/42/55/asset-2144255.jpg",
    "content": "25cl",
    "walkRouteSequenceNumber": 5992,
    "price": {
      "basicPrice": 0.75,
      "recommendedQuantity": "1.0",
      "measurementUnitPrice": 3,
      "measurementUnit": "L",
      "isRedPrice": false,
      "pricePerUOM": 3,
      "activationDate": "17-02-2024",
      "recordSource": "Offline",
      "isPromoActive": "N",
      "priceChangeCode": "E"
    },
    "isAvailable": true,
    "isPriceAvailable": true,
    "inPromo": false,
    "gtin": [
      "05400141333107",
      "05400141216974",
      "05400141044034",
      "35400141216975",
      "15400141333104"
    ],
    "topCategoryName": "Zuivel",
    "topCategoryId": "65",
    "businessDomain": "RETAIL_BE",
    "IsPrivateLabel": true,
    "IsBiffe": false,
    "WeightconversionFactor": "0",
    "IsWeightArticle": false,
    "nutriscoreLabel": "C",
    "IsBio": false,
    "CountryOfOrigin": "BELGIË",
    "IsExclusivelySoldInLuxembourg": false,
    "OrderUnit": "P",
    "ShortName": "BONI ROOM 7PC 250ML",
    "IsNew": false,
    "EcoscoreLabel": "A",
    "RecentQuanityOfStockUnits": "24,1",
    "LongName": "BONI extra lichte room 7% vg brik 25cl",
    "AlcoholVolume": "0",
    "FicCode": "I",
    "EcoscoreValue": "100"
  },
  {
    "productId": "14469",
    "technicalArticleNumber": "1633502",
    "commercialArticleNumber": "26291",
    "name": "verse kaas met fruit",
    "description": "*Mager\n*Vetgehalte: 2,9 %",
    "brand": "EVERYDAY",
    "seoBrand": "Everyday",
    "thumbNail": "https://static.colruytgroup.com/images/200x200/std.lang.all/20/24/asset-742024.jpg",
    "fullImage": "https://static.colruytgroup.com/images/500x500/std.lang.all/20/24/asset-742024.jpg",
    "squareImage": "https://static.colruytgroup.com/images/500x500sq/std.lang.all/20/24/asset-742024.jpg",
    "content": "6x100g",
    "walkRouteSequenceNumber": 5867,
    "price": {
      "basicPrice": 1.29,
      "recommendedQuantity": "1.0",
      "measurementUnitPrice": 2.15,
      "measurementUnit": "K",
      "isRedPrice": false,
      "pricePerUOM": 2.15,
      "activationDate": "21-03-2024",
      "recordSource": "Offline",
      "isPromoActive": "N",
      "priceChangeCode": "L"
    },
    "isAvailable": true,
    "isPriceAvailable": true,
    "inPromo": false,
    "gtin": [
      "05400141507706",
      "05400141167269",
      "05400141058314",
      "15400141953982",
      "15400141979388"
    ],
    "topCategoryName": "Zuivel",
    "topCategoryId": "65",
    "businessDomain": "RETAIL_BE",
    "IsPrivateLabel": true,
    "IsBiffe": false,
    "WeightconversionFactor": "0",
    "IsWeightArticle": false,
    "nutriscoreLabel": "B",
    "IsBio": false,
    "CountryOfOrigin": "FRANKRIJK",
    "IsExclusivelySoldInLuxembourg": false,
    "OrderUnit": "P",
    "ShortName": "EVD PT FRKAAS 6X100GR",
    "IsNew": false,
    "EcoscoreLabel": "B",
    "RecentQuanityOfStockUnits": "1",
    "LongName": "EVERYDAY verse kaas met fruit 6x100g",
    "AlcoholVolume": "0",
    "FicCode": "I",
    "EcoscoreValue": "72"
  },
  {
    "productId": "1866",
    "technicalArticleNumber": "26202",
    "commercialArticleNumber": "26202",
    "name": "yoghurt mager",
    "description": "*Mager",
    "brand": "EVERYDAY",
    "seoBrand": "Everyday",
    "thumbNail": "https://static.colruytgroup.com/images/200x200/std.lang.all/05/97/asset-1380597.jpg",
    "fullImage": "https://static.colruytgroup.com/images/500x500/std.lang.all/05/97/asset-1380597.jpg",
    "squareImage": "https://static.colruytgroup.com/images/500x500sq/std.lang.all/05/97/asset-1380597.jpg",
    "content": "8x125g",
    "walkRouteSequenceNumber": 5732,
    "price": {
      "basicPrice": 1.19,
      "recommendedQuantity": "1.0",
      "measurementUnitPrice": 1.19,
      "measurementUnit": "K",
      "isRedPrice": false,
      "pricePerUOM": 1.19,
      "activationDate": "02-02-2024",
      "recordSource": "Offline",
      "isPromoActive": "N",
      "priceChangeCode": "E"
    },
    "isAvailable": true,
    "isPriceAvailable": true,
    "inPromo": false,
    "gtin": [
      "05400141054286",
      "05400141167825",
      "15400141953098",
      "15400141979326"
    ],
    "topCategoryName": "Zuivel",
    "topCategoryId": "65",
    "businessDomain": "RETAIL_BE",
    "IsPrivateLabel": true,
    "IsBiffe": false,
    "WeightconversionFactor": "0",
    "IsWeightArticle": false,
    "nutriscoreLabel": "A",
    "IsBio": false,
    "CountryOfOrigin": "FRANKRIJK",
    "IsExclusivelySoldInLuxembourg": false,
    "OrderUnit": "P",
    "ShortName": "EVD NAT MAG YOG 8X125G",
    "IsNew": false,
    "EcoscoreLabel": "B",
    "RecentQuanityOfStockUnits": "6,1",
    "LongName": "EVERYDAY yoghurt mager 8x125g",
    "AlcoholVolume": "0",
    "FicCode": "I",
    "EcoscoreValue": "67"
  },
  {
    "productId": "63404",
    "technicalArticleNumber": "2761863",
    "commercialArticleNumber": "42741",
    "name": "Margarine Light 25%vg",
    "description": "*Smeren\n*Vetgehalte: 25 %",
    "brand": "BONI",
    "seoBrand": "Boni Selection",
    "thumbNail": "https://static.colruytgroup.com/images/200x200/std.lang.all/87/37/asset-3208737.jpg",
    "fullImage": "https://static.colruytgroup.com/images/500x500/std.lang.all/87/37/asset-3208737.jpg",
    "squareImage": "https://static.colruytgroup.com/images/500x500sq/std.lang.all/87/37/asset-3208737.jpg",
    "content": "250g",
    "walkRouteSequenceNumber": 6063,
    "price": {
      "basicPrice": 0.79,
      "recommendedQuantity": "1.0",
      "measurementUnitPrice": 3.16,
      "measurementUnit": "K",
      "isRedPrice": false,
      "pricePerUOM": 3.16,
      "activationDate": "14-02-2024",
      "recordSource": "Offline",
      "isPromoActive": "N",
      "priceChangeCode": "E"
    },
    "isAvailable": true,
    "isPriceAvailable": true,
    "inPromo": false,
    "gtin": [
      "15400141957942",
      "05400141239218",
      "05400141103670",
      "05400141070125",
      "15400141239215"
    ],
    "topCategoryName": "Zuivel",
    "topCategoryId": "65",
    "businessDomain": "RETAIL_BE",
    "IsPrivateLabel": true,
    "IsBiffe": false,
    "WeightconversionFactor": "0",
    "IsWeightArticle": false,
    "nutriscoreLabel": "C",
    "IsBio": false,
    "CountryOfOrigin": "BELGIË",
    "IsExclusivelySoldInLuxembourg": false,
    "OrderUnit": "P",
    "ShortName": "BONI LIGH 25PC 250G",
    "IsNew": false,
    "EcoscoreLabel": "B",
    "RecentQuanityOfStockUnits": "1,8",
    "LongName": "BONI Margarine Light 25%vg 250g",
    "AlcoholVolume": "0",
    "FicCode": "I",
    "EcoscoreValue": "77"
  },
  {
    "productId": "161052",
    "technicalArticleNumber": "3294663",
    "commercialArticleNumber": "44541",
    "name": "yoghurt gemixt fruit 3smaken",
    "description": "boni gemixte yoghurt 8x125g met rode\nvruchten",
    "brand": "BONI",
    "seoBrand": "Boni Selection",
    "thumbNail": "https://static.colruytgroup.com/images/200x200/std.lang.all/59/77/asset-1625977.jpg",
    "fullImage": "https://static.colruytgroup.com/images/500x500/std.lang.all/59/77/asset-1625977.jpg",
    "squareImage": "https://static.colruytgroup.com/images/500x500sq/std.lang.all/59/77/asset-1625977.jpg",
    "content": "8x125g",
    "walkRouteSequenceNumber": 5757,
    "price": {
      "basicPrice": 1.99,
      "recommendedQuantity": "1.0",
      "measurementUnitPrice": 1.99,
      "measurementUnit": "K",
      "isRedPrice": false,
      "pricePerUOM": 1.99,
      "activationDate": "17-11-2023",
      "recordSource": "Offline",
      "isPromoActive": "N",
      "priceChangeCode": "H"
    },
    "isAvailable": true,
    "isPriceAvailable": true,
    "inPromo": false,
    "gtin": [
      "05400141417227",
      "05400141188943",
      "05400141274936"
    ],
    "topCategoryName": "Zuivel",
    "topCategoryId": "65",
    "businessDomain": "RETAIL_BE",
    "IsPrivateLabel": true,
    "IsBiffe": false,
    "WeightconversionFactor": "0",
    "IsWeightArticle": false,
    "nutriscoreLabel": "C",
    "IsBio": false,
    "CountryOfOrigin": "BELGIË",
    "IsExclusivelySoldInLuxembourg": false,
    "OrderUnit": "P",
    "ShortName": "BONI GEMIXTE YOGH8X125G",
    "IsNew": false,
    "EcoscoreLabel": "A",
    "RecentQuanityOfStockUnits": "1,6",
    "LongName": "BONI yoghurt gemixt fruit 3smaken 8x125g",
    "AlcoholVolume": "0",
    "FicCode": "I",
    "EcoscoreValue": "91"
  },
  {
    "productId": "1862",
    "technicalArticleNumber": "26182",
    "commercialArticleNumber": "26182",
    "name": "verse kaas halfvol natuur",
    "description": "*Verse kaas\n*Op basis van magere\nmelk, room\n*V.G. : 4,0 %",
    "brand": "BONI",
    "seoBrand": "Boni Selection",
    "thumbNail": "https://static.colruytgroup.com/images/200x200/std.lang.all/01/90/asset-2930190.jpg",
    "fullImage": "https://static.colruytgroup.com/images/500x500/std.lang.all/01/90/asset-2930190.jpg",
    "squareImage": "https://static.colruytgroup.com/images/500x500sq/std.lang.all/01/90/asset-2930190.jpg",
    "content": "500g",
    "walkRouteSequenceNumber": 5712,
    "price": {
      "basicPrice": 1.19,
      "recommendedQuantity": "1.0",
      "measurementUnitPrice": 2.38,
      "measurementUnit": "K",
      "isRedPrice": false,
      "pricePerUOM": 2.38,
      "activationDate": "20-02-2024",
      "recordSource": "Offline",
      "isPromoActive": "N",
      "priceChangeCode": "E"
    },
    "isAvailable": true,
    "isPriceAvailable": true,
    "inPromo": false,
    "gtin": [
      "05400141035988",
      "05400141194548",
      "05400141414851",
      "15400141194545",
      "05400141194593"
    ],
    "topCategoryName": "Zuivel",
    "topCategoryId": "65",
    "businessDomain": "RETAIL_BE",
    "IsPrivateLabel": true,
    "IsBiffe": false,
    "WeightconversionFactor": "0",
    "IsWeightArticle": false,
    "nutriscoreLabel": "A",
    "IsBio": false,
    "CountryOfOrigin": "BELGIË",
    "IsExclusivelySoldInLuxembourg": false,
    "OrderUnit": "P",
    "ShortName": "BONI HALFV KAAS 500GR",
    "InSeason": true,
    "IsNew": false,
    "EcoscoreLabel": "A",
    "RecentQuanityOfStockUnits": "1,6",
    "LongName": "BONI verse kaas halfvol natuur 500g",
    "AlcoholVolume": "0",
    "StartSeasonDate": "19/04/2016",
    "FicCode": "I",
    "EcoscoreValue": "100"
  },
  {
    "productId": "7",
    "technicalArticleNumber": "13758",
    "commercialArticleNumber": "13758",
    "name": "margarine bakken en braden",
    "description": "*Bakken\n*Vetgehalte: 75 %",
    "brand": "EVERYDAY",
    "seoBrand": "Everyday",
    "thumbNail": "https://static.colruytgroup.com/images/200x200/std.lang.all/33/24/asset-2203324.jpg",
    "fullImage": "https://static.colruytgroup.com/images/500x500/std.lang.all/33/24/asset-2203324.jpg",
    "squareImage": "https://static.colruytgroup.com/images/500x500sq/std.lang.all/33/24/asset-2203324.jpg",
    "content": "500g",
    "walkRouteSequenceNumber": 6041,
    "price": {
      "basicPrice": 0.95,
      "recommendedQuantity": "1.0",
      "measurementUnitPrice": 1.9,
      "measurementUnit": "K",
      "isRedPrice": false,
      "pricePerUOM": 1.9,
      "activationDate": "14-11-2023",
      "recordSource": "Offline",
      "isPromoActive": "N",
      "priceChangeCode": "E"
    },
    "isAvailable": true,
    "isPriceAvailable": true,
    "inPromo": false,
    "gtin": [
      "05400141237580",
      "05400141103663",
      "05400141070194",
      "15400141957935",
      "15400141137580"
    ],
    "topCategoryName": "Zuivel",
    "topCategoryId": "65",
    "businessDomain": "RETAIL_BE",
    "IsPrivateLabel": true,
    "IsBiffe": false,
    "WeightconversionFactor": "0",
    "IsWeightArticle": false,
    "nutriscoreLabel": "E",
    "IsBio": false,
    "CountryOfOrigin": "BELGIË",
    "IsExclusivelySoldInLuxembourg": false,
    "OrderUnit": "P",
    "ShortName": "EVD BAK BRAAD 500G",
    "IsNew": false,
    "EcoscoreLabel": "C",
    "RecentQuanityOfStockUnits": "1,20",
    "LongName": "EVERYDAY margarine bakken en braden 500g",
    "AlcoholVolume": "0",
    "FicCode": "I",
    "EcoscoreValue": "51"
  },
  {
    "productId": "34199",
    "technicalArticleNumber": "1793047",
    "commercialArticleNumber": "34049",
    "name": "pizzadeeg gist",
    "description": "*Kant- en klaar deeg",
    "brand": "BONI",
    "seoBrand": "Boni Selection",
    "thumbNail": "https://static.colruytgroup.com/images/200x200/std.lang.all/34/31/asset-3193431.jpg",
    "fullImage": "https://static.colruytgroup.com/images/500x500/std.lang.all/34/31/asset-3193431.jpg",
    "squareImage": "https://static.colruytgroup.com/images/500x500sq/std.lang.all/34/31/asset-3193431.jpg",
    "content": "260g",
    "walkRouteSequenceNumber": 6049,
    "price": {
      "basicPrice": 0.98,
      "recommendedQuantity": "1.0",
      "measurementUnitPrice": 3.77,
      "measurementUnit": "K",
      "isRedPrice": false,
      "pricePerUOM": 3.77,
      "activationDate": "20-03-2024",
      "recordSource": "Folder",
      "isPromoActive": "N",
      "priceChangeCode": "L"
    },
    "isAvailable": true,
    "isPriceAvailable": true,
    "inPromo": false,
    "gtin": [
      "05400141532609",
      "05400141584776",
      "05400141184211",
      "05400141244908",
      "15400141360940",
      "15400141244905",
      "15400141919445",
      "15400141040491"
    ],
    "topCategoryName": "Bereidingen/Charcuterie/Vis/Veggie",
    "topCategoryId": "105",
    "businessDomain": "RETAIL_BE",
    "IsPrivateLabel": true,
    "IsBiffe": false,
    "WeightconversionFactor": "0",
    "IsWeightArticle": false,
    "nutriscoreLabel": "D",
    "IsBio": false,
    "CountryOfOrigin": "FRANKRIJK",
    "IsExclusivelySoldInLuxembourg": false,
    "OrderUnit": "P",
    "ShortName": "BONI PIZZADE BAKGIST260",
    "IsNew": false,
    "EcoscoreLabel": "A",
    "RecentQuanityOfStockUnits": "1,1,6,12",
    "LongName": "BONI pizzadeeg gist 260g",
    "AlcoholVolume": "0",
    "FicCode": "I",
    "EcoscoreValue": "93"
  },
  {
    "productId": "529346",
    "technicalArticleNumber": "4119012",
    "commercialArticleNumber": "7738",
    "name": "gouda jong belegen sneetjes",
    "description": "*Jong belegen\n*Met weidemelk\n*Korst niet eetbaar\n*O.b.v\ngepasteuriseerd melk",
    "brand": "BONI",
    "seoBrand": "Boni Selection",
    "thumbNail": "https://static.colruytgroup.com/images/200x200/std.lang.all/78/73/asset-3127873.jpg",
    "fullImage": "https://static.colruytgroup.com/images/500x500/std.lang.all/78/73/asset-3127873.jpg",
    "squareImage": "https://static.colruytgroup.com/images/500x500sq/std.lang.all/78/73/asset-3127873.jpg",
    "content": "300g",
    "walkRouteSequenceNumber": 6181,
    "price": {
      "basicPrice": 3.58,
      "recommendedQuantity": "1.0",
      "measurementUnitPrice": 11.94,
      "measurementUnit": "K",
      "isRedPrice": false,
      "pricePerUOM": 11.94,
      "activationDate": "05-03-2024",
      "recordSource": "Offline",
      "isPromoActive": "N",
      "priceChangeCode": "L"
    },
    "isAvailable": true,
    "isPriceAvailable": true,
    "inPromo": false,
    "gtin": [
      "05400141297782",
      "25400141436444",
      "05400141436440"
    ],
    "topCategoryName": "Zuivel",
    "topCategoryId": "65",
    "businessDomain": "RETAIL_BE",
    "IsPrivateLabel": true,
    "IsBiffe": false,
    "WeightconversionFactor": "0",
    "IsWeightArticle": false,
    "nutriscoreLabel": "C",
    "IsBio": false,
    "CountryOfOrigin": "NEDERLAND",
    "IsExclusivelySoldInLuxembourg": false,
    "OrderUnit": "P",
    "ShortName": "BONI J.B.SN.WEID 300G",
    "IsNew": false,
    "EcoscoreLabel": "C",
    "RecentQuanityOfStockUnits": "1",
    "LongName": "BONI gouda jong belegen sneetjes 300g",
    "FicCode": "I",
    "EcoscoreValue": "58"
  },
  {
    "productId": "221358",
    "technicalArticleNumber": "3501748",
    "commercialArticleNumber": "28053",
    "name": "Belgisch ei vrije uitloop M",
    "description": "*Oorsprong: België\n*Klasse A",
    "brand": "BONI",
    "seoBrand": "Boni Selection",
    "thumbNail": "https://static.colruytgroup.com/images/200x200/std.lang.all/19/44/asset-3331944.jpg",
    "fullImage": "https://static.colruytgroup.com/images/500x500/std.lang.all/19/44/asset-3331944.jpg",
    "squareImage": "https://static.colruytgroup.com/images/500x500sq/std.lang.all/19/44/asset-3331944.jpg",
    "content": "12st",
    "walkRouteSequenceNumber": 8702,
    "price": {
      "basicPrice": 3.99,
      "recommendedQuantity": "1.0",
      "measurementUnitPrice": 0.333,
      "measurementUnit": "S",
      "isRedPrice": false,
      "pricePerUOM": 0.333,
      "activationDate": "13-03-2024",
      "recordSource": "Offline",
      "isPromoActive": "N",
      "priceChangeCode": "H"
    },
    "isAvailable": true,
    "isPriceAvailable": true,
    "inPromo": false,
    "gtin": [
      "05400141860283",
      "25400141801013",
      "25400141860287",
      "45400141860281",
      "15400141801016",
      "15400141089636",
      "15400141825791",
      "15400141089124",
      "05400141401271",
      "05400141299618",
      "05400141801019",
      "35400141801010"
    ],
    "topCategoryName": "Zuivel",
    "topCategoryId": "65",
    "businessDomain": "RETAIL_BE",
    "IsPrivateLabel": true,
    "IsBiffe": false,
    "WeightconversionFactor": "0",
    "IsWeightArticle": false,
    "nutriscoreLabel": "A",
    "IsBio": false,
    "CountryOfOrigin": "BELGIË",
    "IsExclusivelySoldInLuxembourg": false,
    "OrderUnit": "P",
    "ShortName": "BONI EIEREN 12M VR. UIT",
    "InSeason": true,
    "IsNew": false,
    "EcoscoreLabel": "D",
    "RecentQuanityOfStockUnits": "1",
    "LongName": "BONI Belgisch ei vrije uitloop M 12st",
    "AlcoholVolume": "0",
    "StartSeasonDate": "12/06/2023",
    "FicCode": "I",
    "EcoscoreValue": "30"
  },
  {
    "productId": "44396",
    "technicalArticleNumber": "2541061",
    "commercialArticleNumber": "39862",
    "name": "gouda jong belegen blokjes",
    "description": "*Nederland\n*Halfharde kaas\n*Jong belegen\n*Vegetarisch",
    "brand": "EVERYDAY",
    "seoBrand": "Everyday",
    "thumbNail": "https://static.colruytgroup.com/images/200x200/std.lang.all/49/83/asset-724983.jpg",
    "fullImage": "https://static.colruytgroup.com/images/500x500/std.lang.all/49/83/asset-724983.jpg",
    "squareImage": "https://static.colruytgroup.com/images/500x500sq/std.lang.all/49/83/asset-724983.jpg",
    "content": "280g",
    "walkRouteSequenceNumber": 5607,
    "price": {
      "basicPrice": 3.69,
      "recommendedQuantity": "1.0",
      "measurementUnitPrice": 13.18,
      "measurementUnit": "K",
      "isRedPrice": false,
      "pricePerUOM": 13.18,
      "activationDate": "15-03-2024",
      "recordSource": "Offline",
      "isPromoActive": "N",
      "priceChangeCode": "L"
    },
    "isAvailable": true,
    "isPriceAvailable": true,
    "inPromo": false,
    "gtin": [
      "05400141035759",
      "05400141339444",
      "05400141167160",
      "05400141440430",
      "05400141100389",
      "15400141971016",
      "05400141585995"
    ],
    "topCategoryName": "Zuivel",
    "topCategoryId": "65",
    "businessDomain": "RETAIL_BE",
    "IsPrivateLabel": true,
    "IsBiffe": false,
    "WeightconversionFactor": "0",
    "IsWeightArticle": false,
    "nutriscoreLabel": "C",
    "IsBio": false,
    "CountryOfOrigin": "BELGIË",
    "IsExclusivelySoldInLuxembourg": false,
    "OrderUnit": "P",
    "ShortName": "EVD KUB JONG-BEL 280GR",
    "IsNew": false,
    "EcoscoreLabel": "D",
    "RecentQuanityOfStockUnits": "1",
    "LongName": "EVERYDAY gouda jong belegen blokjes 280g",
    "AlcoholVolume": "0",
    "FicCode": "I",
    "EcoscoreValue": "28"
  },
  {
    "productId": "2071",
    "technicalArticleNumber": "26565",
    "commercialArticleNumber": "26565",
    "name": "brie",
    "description": "*Frankrijk\n*Zachte kaas\n*Witschimmelkorst\n*Romig\n*O.b.v. gepast. melk",
    "brand": "PRÉSIDENT",
    "seoBrand": "Président",
    "thumbNail": "https://static.colruytgroup.com/images/200x200/std.lang.all/72/44/asset-707244.jpg",
    "fullImage": "https://static.colruytgroup.com/images/500x500/std.lang.all/72/44/asset-707244.jpg",
    "squareImage": "https://static.colruytgroup.com/images/500x500sq/std.lang.all/72/44/asset-707244.jpg",
    "content": "200g",
    "walkRouteSequenceNumber": 4931,
    "price": {
      "basicPrice": 1.99,
      "recommendedQuantity": "1.0",
      "measurementUnitPrice": 9.95,
      "measurementUnit": "K",
      "isRedPrice": false,
      "pricePerUOM": 9.95,
      "activationDate": "10-01-2024",
      "recordSource": "Offline",
      "isPromoActive": "N",
      "priceChangeCode": "H"
    },
    "isAvailable": true,
    "isPriceAvailable": true,
    "inPromo": false,
    "gtin": [
      "03228025991388",
      "03228020232028",
      "03228021960586",
      "03228024960194"
    ],
    "topCategoryName": "Zuivel",
    "topCategoryId": "65",
    "businessDomain": "RETAIL_BE",
    "IsPrivateLabel": false,
    "IsBiffe": false,
    "WeightconversionFactor": "0",
    "IsWeightArticle": false,
    "nutriscoreLabel": "D",
    "IsBio": false,
    "CountryOfOrigin": "FRANKRIJK",
    "IsExclusivelySoldInLuxembourg": false,
    "OrderUnit": "P",
    "ShortName": "PRESIDENT BRIE 200GR",
    "IsNew": false,
    "EcoscoreLabel": "C",
    "RecentQuanityOfStockUnits": "1,6",
    "LongName": "PRÉSIDENT brie 200g",
    "AlcoholVolume": "0",
    "FicCode": "E",
    "EcoscoreValue": "48"
  },
  {
    "productId": "40337",
    "technicalArticleNumber": "2477580",
    "commercialArticleNumber": "39142",
    "name": "Gratin Mix geraspt",
    "description": "*Geraspte kaas\n*Rigotello, gouda\nen emmentaler\n*Gepasteuriseerde\nkoemelk",
    "brand": "BONI",
    "seoBrand": "Boni Selection",
    "thumbNail": "https://static.colruytgroup.com/images/200x200/std.lang.all/47/72/asset-1994772.jpg",
    "fullImage": "https://static.colruytgroup.com/images/500x500/std.lang.all/47/72/asset-1994772.jpg",
    "squareImage": "https://static.colruytgroup.com/images/500x500sq/std.lang.all/47/72/asset-1994772.jpg",
    "content": "200g",
    "walkRouteSequenceNumber": 5635,
    "price": {
      "basicPrice": 2.49,
      "recommendedQuantity": "1.0",
      "quantityPrice": 2.01,
      "quantityPriceQuantity": "2.0",
      "measurementUnitPrice": 12.45,
      "measurementUnitQuantityPrice": 10.05,
      "measurementUnit": "K",
      "isRedPrice": false,
      "pricePerUOM": 12.45,
      "activationDate": "13-03-2024",
      "recordSource": "Offline",
      "isPromoActive": "N",
      "priceChangeCode": "E",
      "quantityPricePerUOM": 10.05,
      "quantityActivationDate": "13-03-2024",
      "quantityPriceChangeCode": "H"
    },
    "isAvailable": true,
    "isPriceAvailable": true,
    "inPromo": false,
    "gtin": [
      "05400141041224",
      "05400141129069",
      "05400141269383",
      "05400141285239",
      "05400141450903"
    ],
    "topCategoryName": "Zuivel",
    "topCategoryId": "65",
    "businessDomain": "RETAIL_BE",
    "IsPrivateLabel": true,
    "IsBiffe": false,
    "WeightconversionFactor": "0",
    "IsWeightArticle": false,
    "nutriscoreLabel": "C",
    "IsBio": false,
    "CountryOfOrigin": "BELGIË",
    "IsExclusivelySoldInLuxembourg": false,
    "OrderUnit": "P",
    "ShortName": "BONI GRATIN RASP 200G",
    "IsNew": false,
    "EcoscoreLabel": "C",
    "RecentQuanityOfStockUnits": "1",
    "LongName": "BONI Gratin Mix geraspt 200g",
    "AlcoholVolume": "0",
    "FicCode": "I",
    "EcoscoreValue": "59"
  },
  {
    "productId": "2179",
    "technicalArticleNumber": "26509",
    "commercialArticleNumber": "26509",
    "name": "kaas zacht",
    "description": "*Frankrijk\n*Zachte kaas\n*Witschimmelkorst\n*Gepasteuriseerde\nmelk",
    "brand": "CAPRICE DES DIEUX",
    "seoBrand": "Caprice des Dieux",
    "thumbNail": "https://static.colruytgroup.com/images/200x200/std.lang.all/31/04/asset-743104.jpg",
    "fullImage": "https://static.colruytgroup.com/images/500x500/std.lang.all/31/04/asset-743104.jpg",
    "squareImage": "https://static.colruytgroup.com/images/500x500sq/std.lang.all/31/04/asset-743104.jpg",
    "content": "200g",
    "walkRouteSequenceNumber": 4922,
    "price": {
      "basicPrice": 2.49,
      "recommendedQuantity": "1.0",
      "measurementUnitPrice": 12.45,
      "measurementUnit": "K",
      "isRedPrice": false,
      "pricePerUOM": 12.45,
      "activationDate": "29-02-2024",
      "recordSource": "Offline",
      "isPromoActive": "N",
      "priceChangeCode": "E"
    },
    "isAvailable": true,
    "isPriceAvailable": true,
    "inPromo": false,
    "gtin": [
      "03161710000128",
      "03161711000622",
      "03161719991823",
      "13161711001350",
      "13161716050308",
      "43161710030666"
    ],
    "topCategoryName": "Zuivel",
    "topCategoryId": "65",
    "businessDomain": "RETAIL_BE",
    "IsPrivateLabel": false,
    "IsBiffe": false,
    "WeightconversionFactor": "0",
    "IsWeightArticle": false,
    "nutriscoreLabel": "D",
    "IsBio": false,
    "CountryOfOrigin": "FRANKRIJK",
    "IsExclusivelySoldInLuxembourg": false,
    "OrderUnit": "P",
    "ShortName": "CAPRICE DES DIEUX 200GR",
    "IsNew": false,
    "RecentQuanityOfStockUnits": "1,8",
    "LongName": "CAPRICE DES DIEUX kaas zacht 200g",
    "AlcoholVolume": "0",
    "FicCode": "E"
  },
  {
    "productId": "25220",
    "technicalArticleNumber": "2163555",
    "commercialArticleNumber": "26438",
    "name": "crème dessert chocolade",
    "brand": "EVERYDAY",
    "seoBrand": "Everyday",
    "thumbNail": "https://static.colruytgroup.com/images/200x200/std.lang.all/10/12/asset-1731012.jpg",
    "fullImage": "https://static.colruytgroup.com/images/500x500/std.lang.all/10/12/asset-1731012.jpg",
    "squareImage": "https://static.colruytgroup.com/images/500x500sq/std.lang.all/10/12/asset-1731012.jpg",
    "content": "4x125g",
    "walkRouteSequenceNumber": 5977,
    "price": {
      "basicPrice": 0.79,
      "recommendedQuantity": "1.0",
      "measurementUnitPrice": 1.58,
      "measurementUnit": "K",
      "isRedPrice": false,
      "pricePerUOM": 1.58,
      "activationDate": "14-11-2023",
      "recordSource": "Offline",
      "isPromoActive": "N",
      "priceChangeCode": "E"
    },
    "isAvailable": true,
    "isPriceAvailable": true,
    "inPromo": false,
    "gtin": [
      "15400141989547",
      "15400141957102",
      "05400141167863",
      "15400141245001",
      "05400141464382",
      "05400141244991"
    ],
    "topCategoryName": "Zuivel",
    "topCategoryId": "65",
    "businessDomain": "RETAIL_BE",
    "IsPrivateLabel": true,
    "IsBiffe": false,
    "WeightconversionFactor": "0",
    "IsWeightArticle": false,
    "nutriscoreLabel": "C",
    "IsBio": false,
    "CountryOfOrigin": "FRANKRIJK",
    "IsExclusivelySoldInLuxembourg": false,
    "OrderUnit": "P",
    "ShortName": "EVD CREME DESS CHO4X125",
    "IsNew": false,
    "EcoscoreLabel": "B",
    "RecentQuanityOfStockUnits": "6,1",
    "LongName": "EVERYDAY crème dessert chocolade 4x125g",
    "AlcoholVolume": "0",
    "FicCode": "I",
    "EcoscoreValue": "73"
  },
  {
    "productId": "13536",
    "technicalArticleNumber": "1594453",
    "commercialArticleNumber": "30972",
    "name": "mozzarella",
    "description": "*Italië\n*Verse kaas\n*Zacht, fris\n*O.b.v. gepast. melk",
    "brand": "BONI",
    "seoBrand": "Boni Selection",
    "thumbNail": "https://static.colruytgroup.com/images/200x200/std.lang.all/64/90/asset-2826490.jpg",
    "fullImage": "https://static.colruytgroup.com/images/500x500/std.lang.all/64/90/asset-2826490.jpg",
    "squareImage": "https://static.colruytgroup.com/images/500x500sq/std.lang.all/64/90/asset-2826490.jpg",
    "content": "125g",
    "walkRouteSequenceNumber": 5229,
    "price": {
      "basicPrice": 1.09,
      "recommendedQuantity": "1.0",
      "measurementUnitPrice": 8.72,
      "measurementUnit": "K",
      "isRedPrice": false,
      "pricePerUOM": 8.72,
      "activationDate": "01-03-2024",
      "recordSource": "Offline",
      "isPromoActive": "N",
      "priceChangeCode": "H"
    },
    "isAvailable": true,
    "isPriceAvailable": true,
    "inPromo": false,
    "gtin": [
      "05400141546583",
      "05400141035520",
      "05400141041750",
      "15400141987239",
      "05400141186826",
      "05400141002065",
      "15400141989585"
    ],
    "topCategoryName": "Zuivel",
    "topCategoryId": "65",
    "businessDomain": "RETAIL_BE",
    "IsPrivateLabel": true,
    "IsBiffe": false,
    "WeightconversionFactor": "0",
    "IsWeightArticle": false,
    "nutriscoreLabel": "C",
    "IsBio": false,
    "CountryOfOrigin": "ITALIË",
    "IsExclusivelySoldInLuxembourg": false,
    "OrderUnit": "P",
    "ShortName": "BONI MOZZARELLA 125GR",
    "InSeason": true,
    "IsNew": false,
    "EcoscoreLabel": "C",
    "RecentQuanityOfStockUnits": "1,12",
    "LongName": "BONI mozzarella 125g",
    "AlcoholVolume": "0",
    "StartSeasonDate": "27/12/2007",
    "FicCode": "I",
    "EcoscoreValue": "54"
  },
  {
    "productId": "23048",
    "technicalArticleNumber": "1925682",
    "commercialArticleNumber": "35373",
    "name": "yoghurt room vol fruit",
    "description": "*Vol\n*Assorti:\naardbeien, kersen,\nananas,\nperzik-passievrucht",
    "brand": "EVERYDAY",
    "seoBrand": "Everyday",
    "thumbNail": "https://static.colruytgroup.com/images/200x200/std.lang.all/69/24/asset-2966924.jpg",
    "fullImage": "https://static.colruytgroup.com/images/500x500/std.lang.all/69/24/asset-2966924.jpg",
    "squareImage": "https://static.colruytgroup.com/images/500x500sq/std.lang.all/69/24/asset-2966924.jpg",
    "content": "150g",
    "walkRouteSequenceNumber": 5836,
    "price": {
      "basicPrice": 0.35,
      "recommendedQuantity": "1.0",
      "measurementUnitPrice": 2.34,
      "measurementUnit": "K",
      "isRedPrice": false,
      "pricePerUOM": 2.34,
      "activationDate": "02-02-2024",
      "recordSource": "Offline",
      "isPromoActive": "N",
      "priceChangeCode": "E"
    },
    "isAvailable": true,
    "isPriceAvailable": true,
    "inPromo": false,
    "gtin": [
      "05400141059526",
      "05400141167702",
      "05400141187045",
      "05400141359640",
      "15400141187042",
      "15400141359647",
      "15400141979050"
    ],
    "topCategoryName": "Zuivel",
    "topCategoryId": "65",
    "businessDomain": "RETAIL_BE",
    "IsPrivateLabel": true,
    "IsBiffe": false,
    "WeightconversionFactor": "0",
    "IsWeightArticle": false,
    "nutriscoreLabel": "C",
    "IsBio": false,
    "CountryOfOrigin": "DUITSLAND",
    "IsExclusivelySoldInLuxembourg": false,
    "OrderUnit": "P",
    "ShortName": "EVD ROOMYOG150G ASS",
    "IsNew": false,
    "EcoscoreLabel": "B",
    "RecentQuanityOfStockUnits": "1,20",
    "LongName": "EVERYDAY yoghurt room vol fruit 150g",
    "AlcoholVolume": "0",
    "FicCode": "I",
    "EcoscoreValue": "68"
  },
  {
    "productId": "777664",
    "technicalArticleNumber": "4570463",
    "commercialArticleNumber": "19107",
    "name": "Feta",
    "description": "*Griekenland\n*Gepasteuriseerde\nschapen- en\ngeitenmelk",
    "brand": "PINDOS",
    "seoBrand": "Pindos",
    "thumbNail": "https://static.colruytgroup.com/images/200x200/std.lang.all/49/14/asset-2794914.jpg",
    "fullImage": "https://static.colruytgroup.com/images/500x500/std.lang.all/49/14/asset-2794914.jpg",
    "squareImage": "https://static.colruytgroup.com/images/500x500sq/std.lang.all/49/14/asset-2794914.jpg",
    "content": "200g",
    "walkRouteSequenceNumber": 5222,
    "price": {
      "basicPrice": 2.49,
      "recommendedQuantity": "1.0",
      "measurementUnitPrice": 12.45,
      "measurementUnit": "K",
      "isRedPrice": false,
      "pricePerUOM": 12.45,
      "activationDate": "17-02-2024",
      "recordSource": "Offline",
      "isPromoActive": "N",
      "priceChangeCode": "E"
    },
    "isAvailable": true,
    "isPriceAvailable": true,
    "inPromo": false,
    "gtin": [
      "05204824000047",
      "05204824001068",
      "05204824001075"
    ],
    "topCategoryName": "Zuivel",
    "topCategoryId": "65",
    "businessDomain": "RETAIL_BE",
    "IsPrivateLabel": false,
    "IsBiffe": false,
    "WeightconversionFactor": "0",
    "IsWeightArticle": false,
    "nutriscoreLabel": "D",
    "IsBio": false,
    "CountryOfOrigin": "GRIEKENLAND",
    "IsExclusivelySoldInLuxembourg": false,
    "OrderUnit": "P",
    "ShortName": "PIND GRIEKSE FETA 200G",
    "IsNew": false,
    "EcoscoreLabel": "E",
    "RecentQuanityOfStockUnits": "12,1",
    "LongName": "PINDOS Feta 200g",
    "FicCode": "E",
    "EcoscoreValue": "8"
  },
  {
    "productId": "2248",
    "technicalArticleNumber": "28028",
    "commercialArticleNumber": "28028",
    "name": "verse eieren L Belgisch",
    "description": "*Oorsprong: België\n*Klasse A",
    "brand": "BONI BIO",
    "seoBrand": "Boni Selection Bio",
    "thumbNail": "https://static.colruytgroup.com/images/200x200/std.lang.all/23/68/asset-3342368.jpg",
    "fullImage": "https://static.colruytgroup.com/images/500x500/std.lang.all/23/68/asset-3342368.jpg",
    "squareImage": "https://static.colruytgroup.com/images/500x500sq/std.lang.all/23/68/asset-3342368.jpg",
    "content": "6st",
    "walkRouteSequenceNumber": 8700,
    "price": {
      "basicPrice": 2.79,
      "recommendedQuantity": "1.0",
      "measurementUnitPrice": 0.465,
      "measurementUnit": "S",
      "isRedPrice": false,
      "pricePerUOM": 0.465,
      "activationDate": "14-02-2024",
      "isPromoActive": "N",
      "priceChangeCode": "E"
    },
    "isAvailable": true,
    "isPriceAvailable": true,
    "inPromo": false,
    "gtin": [
      "15400141636519",
      "05400141636512",
      "65400141636514",
      "25400141636516",
      "05400141001037",
      "05400141041804",
      "05400141090222",
      "05400141206852",
      "05400141234091",
      "05400141268324",
      "05400141299717",
      "05400141299748",
      "05400141299755",
      "05400141299762",
      "05400141299786",
      "05400141380286",
      "05400141402803",
      "05400141402841",
      "05400141980288",
      "15400141001034",
      "15400141206859",
      "15400141865179",
      "15400141865193",
      "15400141650591",
      "35400141636513",
      "45400141636510",
      "05400141402575"
    ],
    "topCategoryName": "Zuivel",
    "topCategoryId": "65",
    "businessDomain": "RETAIL_BE",
    "IsPrivateLabel": true,
    "IsBiffe": false,
    "WeightconversionFactor": "0",
    "IsWeightArticle": false,
    "nutriscoreLabel": "A",
    "IsBio": true,
    "CountryOfOrigin": "BELGIË",
    "IsExclusivelySoldInLuxembourg": false,
    "OrderUnit": "P",
    "ShortName": "BIO BS EIEREN 6 ST L",
    "IsNew": false,
    "EcoscoreLabel": "C",
    "RecentQuanityOfStockUnits": "1,1",
    "LongName": "BONI BIO verse eieren L Belgisch 6st",
    "AlcoholVolume": "0",
    "FicCode": "I",
    "EcoscoreValue": "45"
  },
  {
    "productId": "882331",
    "technicalArticleNumber": "4740159",
    "commercialArticleNumber": "10247",
    "name": "Bakken braden plantaardig 79%",
    "description": "*Bakken en braden\n*Vetgehalte: 79 %\n*Plantaardig\n*Alu",
    "brand": "SOLO",
    "seoBrand": "Solo",
    "thumbNail": "https://static.colruytgroup.com/images/200x200/std.lang.all/66/78/asset-3286678.jpg",
    "fullImage": "https://static.colruytgroup.com/images/500x500/std.lang.all/66/78/asset-3286678.jpg",
    "squareImage": "https://static.colruytgroup.com/images/500x500sq/std.lang.all/66/78/asset-3286678.jpg",
    "content": "500g",
    "walkRouteSequenceNumber": 6044,
    "price": {
      "basicPrice": 2.8,
      "recommendedQuantity": "1.0",
      "measurementUnitPrice": 5.6,
      "measurementUnit": "K",
      "isRedPrice": false,
      "pricePerUOM": 5.6,
      "activationDate": "22-02-2024",
      "recordSource": "Offline",
      "isPromoActive": "N",
      "priceChangeCode": "E"
    },
    "isAvailable": true,
    "isPriceAvailable": true,
    "inPromo": false,
    "gtin": [
      "08719200262546",
      "08719200262539"
    ],
    "topCategoryName": "Zuivel",
    "topCategoryId": "65",
    "businessDomain": "RETAIL_BE",
    "IsPrivateLabel": false,
    "IsBiffe": false,
    "WeightconversionFactor": "0",
    "IsWeightArticle": false,
    "nutriscoreLabel": "E",
    "IsBio": false,
    "CountryOfOrigin": "DUITSLAND",
    "IsExclusivelySoldInLuxembourg": false,
    "OrderUnit": "P",
    "ShortName": "SOLO BAKKEN PLANT 500G",
    "IsNew": false,
    "EcoscoreLabel": "C",
    "RecentQuanityOfStockUnits": "1,20",
    "LongName": "SOLO Bakken braden plantaardig 79% 500g",
    "FicCode": "E",
    "EcoscoreValue": "46"
  },
  {
    "productId": "25219",
    "technicalArticleNumber": "2163552",
    "commercialArticleNumber": "26437",
    "name": "crème dessert vanille",
    "brand": "EVERYDAY",
    "seoBrand": "Everyday",
    "thumbNail": "https://static.colruytgroup.com/images/200x200/std.lang.all/76/02/asset-2507602.jpg",
    "fullImage": "https://static.colruytgroup.com/images/500x500/std.lang.all/76/02/asset-2507602.jpg",
    "squareImage": "https://static.colruytgroup.com/images/500x500sq/std.lang.all/76/02/asset-2507602.jpg",
    "content": "4x125g",
    "walkRouteSequenceNumber": 5976,
    "price": {
      "basicPrice": 0.79,
      "recommendedQuantity": "1.0",
      "measurementUnitPrice": 1.58,
      "measurementUnit": "K",
      "isRedPrice": false,
      "pricePerUOM": 1.58,
      "activationDate": "14-11-2023",
      "recordSource": "Offline",
      "isPromoActive": "N",
      "priceChangeCode": "E"
    },
    "isAvailable": true,
    "isPriceAvailable": true,
    "inPromo": false,
    "gtin": [
      "05400141035483",
      "05400141167818",
      "05400141464375",
      "15400141953081",
      "05400141162608",
      "05400141994636",
      "25400141452406",
      "15400141994633"
    ],
    "topCategoryName": "Zuivel",
    "topCategoryId": "65",
    "businessDomain": "RETAIL_BE",
    "IsPrivateLabel": true,
    "IsBiffe": false,
    "WeightconversionFactor": "0",
    "IsWeightArticle": false,
    "nutriscoreLabel": "C",
    "IsBio": false,
    "CountryOfOrigin": "FRANKRIJK",
    "IsExclusivelySoldInLuxembourg": false,
    "OrderUnit": "P",
    "ShortName": "EVD CREME DESS VAN4X125",
    "IsNew": false,
    "EcoscoreLabel": "B",
    "RecentQuanityOfStockUnits": "6,1",
    "LongName": "EVERYDAY crème dessert vanille 4x125g",
    "AlcoholVolume": "0",
    "FicCode": "I",
    "EcoscoreValue": "79"
  },
  {
    "productId": "782884",
    "technicalArticleNumber": "4580584",
    "commercialArticleNumber": "4525",
    "name": "Grana Padano poeder",
    "description": "*Italië\n*Geraspte kaas",
    "brand": "COLLA MAE.FORM.",
    "seoBrand": "Colla Maestri Formaggiai",
    "thumbNail": "https://static.colruytgroup.com/images/200x200/std.lang.all/66/06/asset-2826606.jpg",
    "fullImage": "https://static.colruytgroup.com/images/500x500/std.lang.all/66/06/asset-2826606.jpg",
    "squareImage": "https://static.colruytgroup.com/images/500x500sq/std.lang.all/66/06/asset-2826606.jpg",
    "content": "100g",
    "walkRouteSequenceNumber": 5619,
    "price": {
      "basicPrice": 1.86,
      "recommendedQuantity": "1.0",
      "measurementUnitPrice": 18.6,
      "measurementUnit": "K",
      "isRedPrice": false,
      "pricePerUOM": 18.6,
      "activationDate": "13-03-2024",
      "isPromoActive": "Y",
      "priceChangeCode": "E"
    },
    "isAvailable": true,
    "isPriceAvailable": true,
    "inPromo": false,
    "gtin": [
      "18010883001741",
      "08010883001744"
    ],
    "topCategoryName": "Zuivel",
    "topCategoryId": "65",
    "businessDomain": "RETAIL_BE",
    "IsPrivateLabel": false,
    "IsBiffe": false,
    "WeightconversionFactor": "0",
    "IsWeightArticle": false,
    "IsBio": false,
    "CountryOfOrigin": "ITALIË",
    "IsExclusivelySoldInLuxembourg": false,
    "OrderUnit": "P",
    "ShortName": "COLLA GRA.PADA.POED100G",
    "IsNew": false,
    "RecentQuanityOfStockUnits": "1,50",
    "LongName": "COLLA MAE.FORM. Grana Padano poeder 100g",
    "FicCode": "E"
  },
  {
    "productId": "689846",
    "technicalArticleNumber": "4415734",
    "commercialArticleNumber": "15457",
    "name": "Skyr natuur",
    "brand": "BONI",
    "seoBrand": "Boni Selection",
    "thumbNail": "https://static.colruytgroup.com/images/200x200/std.lang.all/18/24/asset-3031824.jpg",
    "fullImage": "https://static.colruytgroup.com/images/500x500/std.lang.all/18/24/asset-3031824.jpg",
    "squareImage": "https://static.colruytgroup.com/images/500x500sq/std.lang.all/18/24/asset-3031824.jpg",
    "content": "500g",
    "walkRouteSequenceNumber": 5812,
    "price": {
      "basicPrice": 1.39,
      "recommendedQuantity": "1.0",
      "measurementUnitPrice": 2.78,
      "measurementUnit": "K",
      "isRedPrice": false,
      "pricePerUOM": 2.78,
      "activationDate": "02-02-2023",
      "recordSource": "Offline",
      "isPromoActive": "N",
      "priceChangeCode": "E"
    },
    "isAvailable": true,
    "isPriceAvailable": true,
    "inPromo": false,
    "gtin": [
      "05400141571738",
      "15400141913696",
      "05400141913699",
      "05400141550368"
    ],
    "topCategoryName": "Zuivel",
    "topCategoryId": "65",
    "businessDomain": "RETAIL_BE",
    "IsPrivateLabel": true,
    "IsBiffe": false,
    "WeightconversionFactor": "0",
    "IsWeightArticle": false,
    "nutriscoreLabel": "A",
    "IsBio": false,
    "CountryOfOrigin": "BELGIË",
    "IsExclusivelySoldInLuxembourg": false,
    "OrderUnit": "P",
    "ShortName": "BONI SKYR NATUUR 500G",
    "IsNew": false,
    "EcoscoreLabel": "A",
    "RecentQuanityOfStockUnits": "1,1",
    "LongName": "BONI Skyr natuur 500g",
    "FicCode": "I",
    "EcoscoreValue": "100"
  },
  {
    "productId": "71558",
    "technicalArticleNumber": "2559140",
    "commercialArticleNumber": "19561",
    "name": "verse roomkaas natuur",
    "description": "*Denemarken\n*Verse kaas\n*Romig",
    "brand": "EVERYDAY",
    "seoBrand": "Everyday",
    "thumbNail": "https://static.colruytgroup.com/images/200x200/std.lang.all/18/14/asset-2371814.jpg",
    "fullImage": "https://static.colruytgroup.com/images/500x500/std.lang.all/18/14/asset-2371814.jpg",
    "squareImage": "https://static.colruytgroup.com/images/500x500sq/std.lang.all/18/14/asset-2371814.jpg",
    "content": "200g",
    "walkRouteSequenceNumber": 4900,
    "price": {
      "basicPrice": 0.99,
      "recommendedQuantity": "1.0",
      "measurementUnitPrice": 4.95,
      "measurementUnit": "K",
      "isRedPrice": false,
      "pricePerUOM": 4.95,
      "activationDate": "06-06-2023",
      "recordSource": "Offline",
      "isPromoActive": "N",
      "priceChangeCode": "L"
    },
    "isAvailable": true,
    "isPriceAvailable": true,
    "inPromo": false,
    "gtin": [
      "15400141907046",
      "05400141255355",
      "05400141927320",
      "15400141868521"
    ],
    "topCategoryName": "Zuivel",
    "topCategoryId": "65",
    "businessDomain": "RETAIL_BE",
    "IsPrivateLabel": true,
    "IsBiffe": false,
    "WeightconversionFactor": "0",
    "IsWeightArticle": false,
    "nutriscoreLabel": "D",
    "IsBio": false,
    "CountryOfOrigin": "BELGIË",
    "IsExclusivelySoldInLuxembourg": false,
    "OrderUnit": "P",
    "ShortName": "EVD ROOMKAAS 200GR",
    "IsNew": false,
    "EcoscoreLabel": "C",
    "RecentQuanityOfStockUnits": "10,1",
    "LongName": "EVERYDAY verse roomkaas natuur 200g",
    "AlcoholVolume": "0",
    "FicCode": "I",
    "EcoscoreValue": "44"
  },
  {
    "productId": "2126",
    "technicalArticleNumber": "26704",
    "commercialArticleNumber": "26704",
    "name": "melkerijboter ongezouten",
    "description": "*Melkerijboter\n*Vetgehalte: 82 %\n*Ongezouten\n*Belgisch",
    "brand": "EVERYDAY",
    "seoBrand": "Everyday",
    "thumbNail": "https://static.colruytgroup.com/images/200x200/std.lang.all/29/25/asset-592925.jpg",
    "fullImage": "https://static.colruytgroup.com/images/500x500/std.lang.all/29/25/asset-592925.jpg",
    "squareImage": "https://static.colruytgroup.com/images/500x500sq/std.lang.all/29/25/asset-592925.jpg",
    "content": "250g",
    "walkRouteSequenceNumber": 6156,
    "price": {
      "basicPrice": 1.95,
      "recommendedQuantity": "1.0",
      "measurementUnitPrice": 7.8,
      "measurementUnit": "K",
      "isRedPrice": false,
      "pricePerUOM": 7.8,
      "activationDate": "22-03-2024",
      "recordSource": "Offline",
      "isPromoActive": "N",
      "priceChangeCode": "L"
    },
    "isAvailable": true,
    "isPriceAvailable": true,
    "inPromo": false,
    "gtin": [
      "15400141975328",
      "05400141103564",
      "05400141267044",
      "15400141267041"
    ],
    "topCategoryName": "Zuivel",
    "topCategoryId": "65",
    "businessDomain": "RETAIL_BE",
    "IsPrivateLabel": true,
    "IsBiffe": false,
    "WeightconversionFactor": "0",
    "IsWeightArticle": false,
    "nutriscoreLabel": "E",
    "IsBio": false,
    "CountryOfOrigin": "BELGIË",
    "IsExclusivelySoldInLuxembourg": false,
    "OrderUnit": "P",
    "ShortName": "EVD MEL.BOTER 82PC 250G",
    "IsNew": false,
    "EcoscoreLabel": "D",
    "RecentQuanityOfStockUnits": "1,40",
    "LongName": "EVERYDAY melkerijboter ongezouten 250g",
    "AlcoholVolume": "0",
    "FicCode": "I",
    "EcoscoreValue": "24"
  },
  {
    "productId": "531332",
    "technicalArticleNumber": "4122487",
    "commercialArticleNumber": "9090",
    "name": "gouda jong sneetjes korst",
    "description": "*Nederland\n*Halfharde kaas\n*Met natuurkorst\n*Jong\n*Vegetarisch",
    "brand": "EVERYDAY",
    "seoBrand": "Everyday",
    "thumbNail": "https://static.colruytgroup.com/images/200x200/std.lang.all/80/04/asset-2108004.jpg",
    "fullImage": "https://static.colruytgroup.com/images/500x500/std.lang.all/80/04/asset-2108004.jpg",
    "squareImage": "https://static.colruytgroup.com/images/500x500sq/std.lang.all/80/04/asset-2108004.jpg",
    "content": "500g",
    "walkRouteSequenceNumber": 6218,
    "price": {
      "basicPrice": 3.5,
      "recommendedQuantity": "1.0",
      "measurementUnitPrice": 7,
      "measurementUnit": "K",
      "isRedPrice": false,
      "pricePerUOM": 7,
      "activationDate": "20-03-2024",
      "recordSource": "Folder",
      "isPromoActive": "N",
      "priceChangeCode": "L"
    },
    "isAvailable": true,
    "isPriceAvailable": true,
    "inPromo": false,
    "gtin": [
      "05400141603224",
      "05400141933772",
      "05400141298574"
    ],
    "topCategoryName": "Zuivel",
    "topCategoryId": "65",
    "businessDomain": "RETAIL_BE",
    "IsPrivateLabel": true,
    "IsBiffe": false,
    "WeightconversionFactor": "0",
    "IsWeightArticle": false,
    "nutriscoreLabel": "C",
    "IsBio": false,
    "CountryOfOrigin": "NEDERLAND",
    "IsExclusivelySoldInLuxembourg": false,
    "OrderUnit": "P",
    "ShortName": "EVD GOUDA K JG SN 500G",
    "IsNew": false,
    "EcoscoreLabel": "D",
    "RecentQuanityOfStockUnits": "1,1",
    "LongName": "EVERYDAY gouda jong sneetjes korst 500g",
    "FicCode": "I",
    "EcoscoreValue": "38"
  },
  {
    "productId": "31627",
    "technicalArticleNumber": "1856091",
    "commercialArticleNumber": "26634",
    "name": "geitenkaas zacht",
    "description": "*Frankrijk\n*Geitenkaas\n*zacht, fris",
    "brand": "BONI",
    "seoBrand": "Boni Selection",
    "thumbNail": "https://static.colruytgroup.com/images/200x200/nl_be/27/15/asset-1932715.jpg",
    "fullImage": "https://static.colruytgroup.com/images/500x500/nl_be/27/15/asset-1932715.jpg",
    "squareImage": "https://static.colruytgroup.com/images/500x500sq/nl_be/27/15/asset-1932715.jpg",
    "content": "150g",
    "walkRouteSequenceNumber": 4921,
    "price": {
      "basicPrice": 1.65,
      "recommendedQuantity": "1.0",
      "measurementUnitPrice": 11,
      "measurementUnit": "K",
      "isRedPrice": false,
      "pricePerUOM": 11,
      "activationDate": "13-03-2024",
      "recordSource": "Offline",
      "isPromoActive": "N",
      "priceChangeCode": "H"
    },
    "isAvailable": true,
    "isPriceAvailable": true,
    "inPromo": false,
    "gtin": [
      "15400141952251",
      "15400141987062",
      "05400141207811",
      "15400141144137",
      "05400141034271",
      "05400141041682",
      "05400141144130"
    ],
    "topCategoryName": "Zuivel",
    "topCategoryId": "65",
    "businessDomain": "RETAIL_BE",
    "IsPrivateLabel": true,
    "IsBiffe": false,
    "WeightconversionFactor": "0",
    "IsWeightArticle": false,
    "nutriscoreLabel": "C",
    "IsBio": false,
    "CountryOfOrigin": "FRANKRIJK",
    "IsExclusivelySoldInLuxembourg": false,
    "OrderUnit": "P",
    "ShortName": "BONI NAT.VERS GEIT150GR",
    "IsNew": false,
    "EcoscoreLabel": "D",
    "RecentQuanityOfStockUnits": "1,12",
    "LongName": "BONI geitenkaas zacht 150g",
    "AlcoholVolume": "0",
    "FicCode": "I",
    "EcoscoreValue": "35"
  },
  {
    "productId": "11226",
    "technicalArticleNumber": "1386404",
    "commercialArticleNumber": "26676",
    "name": "melkerijboter zout",
    "description": "*Melkerijboter\n*Vetgehalte: 80 %\n*Gezouten\n*Belgisch",
    "brand": "BONI",
    "seoBrand": "Boni Selection",
    "thumbNail": "https://static.colruytgroup.com/images/200x200/std.lang.all/83/92/asset-2088392.jpg",
    "fullImage": "https://static.colruytgroup.com/images/500x500/std.lang.all/83/92/asset-2088392.jpg",
    "squareImage": "https://static.colruytgroup.com/images/500x500sq/std.lang.all/83/92/asset-2088392.jpg",
    "content": "250g",
    "walkRouteSequenceNumber": 6147,
    "price": {
      "basicPrice": 1.99,
      "recommendedQuantity": "1.0",
      "measurementUnitPrice": 7.96,
      "measurementUnit": "K",
      "isRedPrice": false,
      "pricePerUOM": 7.96,
      "activationDate": "19-03-2024",
      "recordSource": "Offline",
      "isPromoActive": "N",
      "priceChangeCode": "E"
    },
    "isAvailable": true,
    "isPriceAvailable": true,
    "inPromo": false,
    "gtin": [
      "15400141975182",
      "05400141955903",
      "05400141757910",
      "05400141070156",
      "05400141103533",
      "15400141267027",
      "05400141267020",
      "15400141266761",
      "05400141266764"
    ],
    "topCategoryName": "Zuivel",
    "topCategoryId": "65",
    "businessDomain": "RETAIL_BE",
    "IsPrivateLabel": true,
    "IsBiffe": false,
    "WeightconversionFactor": "0",
    "IsWeightArticle": false,
    "nutriscoreLabel": "E",
    "IsBio": false,
    "CountryOfOrigin": "BELGIË",
    "IsExclusivelySoldInLuxembourg": false,
    "OrderUnit": "P",
    "ShortName": "BONI BOTER GEZOUT250G",
    "IsNew": false,
    "EcoscoreLabel": "E",
    "RecentQuanityOfStockUnits": "1,1,40",
    "LongName": "BONI melkerijboter zout 250g",
    "AlcoholVolume": "0",
    "FicCode": "I",
    "EcoscoreValue": "19"
  },
  {
    "productId": "843023",
    "technicalArticleNumber": "4688099",
    "commercialArticleNumber": "30629",
    "name": "scharreleieren L",
    "brand": "ECONOM",
    "seoBrand": "Econom",
    "thumbNail": "https://static.colruytgroup.com/images/200x200/std.lang.all/39/93/asset-3003993.jpg",
    "fullImage": "https://static.colruytgroup.com/images/500x500/std.lang.all/39/93/asset-3003993.jpg",
    "squareImage": "https://static.colruytgroup.com/images/500x500sq/std.lang.all/39/93/asset-3003993.jpg",
    "content": "30st",
    "walkRouteSequenceNumber": 8704,
    "price": {
      "basicPrice": 6.29,
      "recommendedQuantity": "1.0",
      "measurementUnitPrice": 0.21,
      "measurementUnit": "S",
      "isRedPrice": false,
      "pricePerUOM": 0.21,
      "activationDate": "11-01-2024",
      "isPromoActive": "N",
      "priceChangeCode": "L"
    },
    "isAvailable": true,
    "isPriceAvailable": true,
    "inPromo": false,
    "gtin": [
      "05400141499261",
      "15400141814658",
      "05400141814651",
      "15400141680482",
      "05400141867480",
      "05400141805987",
      "15400141805984",
      "15400141499268",
      "05400141680485"
    ],
    "topCategoryName": "Zuivel",
    "topCategoryId": "65",
    "businessDomain": "RETAIL_BE",
    "IsPrivateLabel": true,
    "IsBiffe": false,
    "WeightconversionFactor": "0",
    "IsWeightArticle": false,
    "nutriscoreLabel": "A",
    "IsBio": false,
    "CountryOfOrigin": "BELGIË",
    "IsExclusivelySoldInLuxembourg": false,
    "OrderUnit": "P",
    "ShortName": "ECON SCHARRELEI L 30ST",
    "IsNew": false,
    "EcoscoreLabel": "D",
    "RecentQuanityOfStockUnits": "6,1,1,6,1,6,1,1,6",
    "LongName": "ECONOM scharreleieren L 30st",
    "AlcoholVolume": "0",
    "FicCode": "I",
    "EcoscoreValue": "30"
  },
  {
    "productId": "444225",
    "technicalArticleNumber": "3991344",
    "commercialArticleNumber": "4189",
    "name": "original",
    "description": "*Duitsland",
    "brand": "PHILADELPHIA",
    "seoBrand": "Philadelphia",
    "thumbNail": "https://static.colruytgroup.com/images/200x200/std.lang.all/35/62/asset-3013562.jpg",
    "fullImage": "https://static.colruytgroup.com/images/500x500/std.lang.all/35/62/asset-3013562.jpg",
    "squareImage": "https://static.colruytgroup.com/images/500x500sq/std.lang.all/35/62/asset-3013562.jpg",
    "content": "330g",
    "walkRouteSequenceNumber": 4875,
    "price": {
      "basicPrice": 2.62,
      "recommendedQuantity": "1.0",
      "measurementUnitPrice": 7.94,
      "measurementUnit": "K",
      "isRedPrice": false,
      "pricePerUOM": 7.94,
      "activationDate": "18-03-2024",
      "recordSource": "Folder",
      "isPromoActive": "Y",
      "priceChangeCode": "H"
    },
    "isAvailable": true,
    "isPriceAvailable": true,
    "inPromo": true,
    "promotion": [
      {
        "techPromoId": "100860COLR",
        "promotionId": "100860",
        "promotionType": "4",
        "isPersonalized": "N",
        "publicationStartDate": "13-03-2024",
        "publicationEndDate": "26-03-2024"
      }
    ],
    "gtin": [
      "07622210955449",
      "07622210955470"
    ],
    "topCategoryName": "Zuivel",
    "topCategoryId": "65",
    "businessDomain": "RETAIL_BE",
    "IsPrivateLabel": false,
    "IsBiffe": false,
    "WeightconversionFactor": "0",
    "IsWeightArticle": false,
    "nutriscoreLabel": "D",
    "IsBio": false,
    "CountryOfOrigin": "DUITSLAND",
    "IsExclusivelySoldInLuxembourg": false,
    "OrderUnit": "P",
    "ShortName": "PHIL ORIGINAL 330G",
    "IsNew": false,
    "RecentQuanityOfStockUnits": "1,8",
    "LongName": "PHILADELPHIA original 330g",
    "FicCode": "E"
  },
  {
    "productId": "1865",
    "technicalArticleNumber": "26196",
    "commercialArticleNumber": "26196",
    "name": "yoghurt mager fruit",
    "description": "*Mager\n*Met aroma's",
    "brand": "EVERYDAY",
    "seoBrand": "Everyday",
    "thumbNail": "https://static.colruytgroup.com/images/200x200/std.lang.all/05/59/asset-2340559.jpg",
    "fullImage": "https://static.colruytgroup.com/images/500x500/std.lang.all/05/59/asset-2340559.jpg",
    "squareImage": "https://static.colruytgroup.com/images/500x500sq/std.lang.all/05/59/asset-2340559.jpg",
    "content": "12x125g",
    "walkRouteSequenceNumber": 5837,
    "price": {
      "basicPrice": 2.59,
      "recommendedQuantity": "1.0",
      "measurementUnitPrice": 1.73,
      "measurementUnit": "K",
      "isRedPrice": false,
      "pricePerUOM": 1.73,
      "activationDate": "04-01-2024",
      "recordSource": "Offline",
      "isPromoActive": "N",
      "priceChangeCode": "L"
    },
    "isAvailable": true,
    "isPriceAvailable": true,
    "inPromo": false,
    "gtin": [
      "05400141389999",
      "15400141261964",
      "15400141389996",
      "05400141167917",
      "15400141953166"
    ],
    "topCategoryName": "Zuivel",
    "topCategoryId": "65",
    "businessDomain": "RETAIL_BE",
    "IsPrivateLabel": true,
    "IsBiffe": false,
    "WeightconversionFactor": "0",
    "IsWeightArticle": false,
    "nutriscoreLabel": "B",
    "IsBio": false,
    "CountryOfOrigin": "FRANKRIJK",
    "IsExclusivelySoldInLuxembourg": false,
    "OrderUnit": "P",
    "ShortName": "EVD MAG FRYOG 12X125",
    "InSeason": true,
    "IsNew": false,
    "EcoscoreLabel": "A",
    "RecentQuanityOfStockUnits": "4,1",
    "LongName": "EVERYDAY yoghurt mager fruit 12x125g",
    "AlcoholVolume": "0",
    "StartSeasonDate": "12/02/2004",
    "FicCode": "I",
    "EcoscoreValue": "89"
  },
  {
    "productId": "39337",
    "technicalArticleNumber": "1789560",
    "commercialArticleNumber": "14349",
    "name": "margarine bakken&braden vlb.",
    "description": "*Bakken\n*Vetgehalte: 82 %",
    "brand": "BONI",
    "seoBrand": "Boni Selection",
    "thumbNail": "https://static.colruytgroup.com/images/200x200/std.lang.all/32/77/asset-2203277.jpg",
    "fullImage": "https://static.colruytgroup.com/images/500x500/std.lang.all/32/77/asset-2203277.jpg",
    "squareImage": "https://static.colruytgroup.com/images/500x500sq/std.lang.all/32/77/asset-2203277.jpg",
    "content": "500ml",
    "walkRouteSequenceNumber": 6037,
    "price": {
      "basicPrice": 1.45,
      "recommendedQuantity": "1.0",
      "measurementUnitPrice": 2.9,
      "measurementUnit": "L",
      "isRedPrice": false,
      "pricePerUOM": 2.9,
      "activationDate": "19-03-2024",
      "recordSource": "Offline",
      "isPromoActive": "N",
      "priceChangeCode": "L"
    },
    "isAvailable": true,
    "isPriceAvailable": true,
    "inPromo": false,
    "gtin": [
      "15400141386933",
      "15400141239284",
      "05400141386936",
      "05400141239287",
      "05400141103717",
      "05400141070354",
      "00540014114343"
    ],
    "topCategoryName": "Zuivel",
    "topCategoryId": "65",
    "businessDomain": "RETAIL_BE",
    "IsPrivateLabel": true,
    "IsBiffe": false,
    "WeightconversionFactor": "0",
    "IsWeightArticle": false,
    "nutriscoreLabel": "C",
    "IsBio": false,
    "CountryOfOrigin": "DUITSLAND",
    "IsExclusivelySoldInLuxembourg": false,
    "OrderUnit": "P",
    "ShortName": "BONI VLOEI.BR.500ML",
    "IsNew": false,
    "EcoscoreLabel": "B",
    "RecentQuanityOfStockUnits": "1,12",
    "LongName": "BONI margarine bakken&braden vlb. 500ml",
    "AlcoholVolume": "0",
    "FicCode": "I",
    "EcoscoreValue": "66"
  },
  {
    "productId": "13535",
    "technicalArticleNumber": "1594451",
    "commercialArticleNumber": "30970",
    "name": "mascarpone Pot",
    "description": "*Italië\n*Verse kaas\n*Romig, fris",
    "brand": "BONI",
    "seoBrand": "Boni Selection",
    "thumbNail": "https://static.colruytgroup.com/images/200x200/std.lang.all/49/55/asset-1964955.jpg",
    "fullImage": "https://static.colruytgroup.com/images/500x500/std.lang.all/49/55/asset-1964955.jpg",
    "squareImage": "https://static.colruytgroup.com/images/500x500sq/std.lang.all/49/55/asset-1964955.jpg",
    "content": "500g",
    "walkRouteSequenceNumber": 5233,
    "price": {
      "basicPrice": 2.58,
      "recommendedQuantity": "1.0",
      "measurementUnitPrice": 5.16,
      "measurementUnit": "K",
      "isRedPrice": false,
      "pricePerUOM": 5.16,
      "activationDate": "20-03-2024",
      "recordSource": "Offline",
      "isPromoActive": "N",
      "priceChangeCode": "H"
    },
    "isAvailable": true,
    "isPriceAvailable": true,
    "inPromo": false,
    "gtin": [
      "15400141987017",
      "15400141209638",
      "05400141041644",
      "15400141233374",
      "05400141209631",
      "05400141233377",
      "15400141467335",
      "05400141467338"
    ],
    "topCategoryName": "Zuivel",
    "topCategoryId": "65",
    "businessDomain": "RETAIL_BE",
    "IsPrivateLabel": true,
    "IsBiffe": false,
    "WeightconversionFactor": "0",
    "IsWeightArticle": false,
    "nutriscoreLabel": "D",
    "IsBio": false,
    "CountryOfOrigin": "ITALIË",
    "IsExclusivelySoldInLuxembourg": false,
    "OrderUnit": "P",
    "ShortName": "BONI MASCARPONE 500GR",
    "InSeason": true,
    "IsNew": false,
    "EcoscoreLabel": "D",
    "RecentQuanityOfStockUnits": "6,1",
    "LongName": "BONI mascarpone Pot 500g",
    "AlcoholVolume": "0",
    "StartSeasonDate": "15/05/2023",
    "FicCode": "I",
    "EcoscoreValue": "37"
  },
  {
    "productId": "622386",
    "technicalArticleNumber": "4302875",
    "commercialArticleNumber": "23654",
    "name": "braden & bakken",
    "brand": "ALPRO",
    "seoBrand": "Alpro",
    "thumbNail": "https://static.colruytgroup.com/images/200x200/std.lang.all/67/69/asset-2286769.jpg",
    "fullImage": "https://static.colruytgroup.com/images/500x500/std.lang.all/67/69/asset-2286769.jpg",
    "squareImage": "https://static.colruytgroup.com/images/500x500sq/std.lang.all/67/69/asset-2286769.jpg",
    "content": "500g",
    "walkRouteSequenceNumber": 6045,
    "price": {
      "basicPrice": 2.49,
      "recommendedQuantity": "1.0",
      "measurementUnitPrice": 4.98,
      "measurementUnit": "K",
      "isRedPrice": false,
      "pricePerUOM": 4.98,
      "activationDate": "08-03-2024",
      "recordSource": "Offline",
      "isPromoActive": "N",
      "priceChangeCode": "E"
    },
    "isAvailable": true,
    "isPriceAvailable": true,
    "inPromo": false,
    "gtin": [
      "05410093171283",
      "05410093171290"
    ],
    "topCategoryName": "Zuivel",
    "topCategoryId": "65",
    "businessDomain": "RETAIL_BE",
    "IsPrivateLabel": false,
    "IsBiffe": false,
    "WeightconversionFactor": "0",
    "IsWeightArticle": false,
    "nutriscoreLabel": "D",
    "IsBio": false,
    "CountryOfOrigin": "BELGIË",
    "IsExclusivelySoldInLuxembourg": false,
    "OrderUnit": "P",
    "ShortName": "ALPR BRADEN&BAKKEN 500G",
    "InSeason": true,
    "IsNew": false,
    "EcoscoreLabel": "C",
    "RecentQuanityOfStockUnits": "1",
    "LongName": "ALPRO braden & bakken 500g",
    "StartSeasonDate": "14/03/2023",
    "FicCode": "E",
    "EcoscoreValue": "46"
  },
  {
    "productId": "103401",
    "technicalArticleNumber": "3129875",
    "commercialArticleNumber": "16663",
    "name": "mozzarella mini",
    "description": "*Duitsland\n*Verse kaas\n*Ideaal bij slamengeling,\naperitiefhapje.",
    "brand": "BONI",
    "seoBrand": "Boni Selection",
    "thumbNail": "https://static.colruytgroup.com/images/200x200/std.lang.all/59/41/asset-1845941.jpg",
    "fullImage": "https://static.colruytgroup.com/images/500x500/std.lang.all/59/41/asset-1845941.jpg",
    "squareImage": "https://static.colruytgroup.com/images/500x500sq/std.lang.all/59/41/asset-1845941.jpg",
    "content": "125g",
    "walkRouteSequenceNumber": 5235,
    "price": {
      "basicPrice": 1.09,
      "recommendedQuantity": "1.0",
      "quantityPrice": 1.05,
      "quantityPriceQuantity": "2.0",
      "measurementUnitPrice": 8.72,
      "measurementUnitQuantityPrice": 8.4,
      "measurementUnit": "K",
      "isRedPrice": false,
      "pricePerUOM": 8.72,
      "activationDate": "13-03-2024",
      "recordSource": "Offline",
      "isPromoActive": "N",
      "priceChangeCode": "E",
      "quantityPricePerUOM": 8.4,
      "quantityActivationDate": "13-03-2024",
      "quantityPriceChangeCode": "H"
    },
    "isAvailable": true,
    "isPriceAvailable": true,
    "inPromo": false,
    "gtin": [
      "05400141156942",
      "15400141843856",
      "05400141193343",
      "15400141193340"
    ],
    "topCategoryName": "Zuivel",
    "topCategoryId": "65",
    "businessDomain": "RETAIL_BE",
    "IsPrivateLabel": true,
    "IsBiffe": false,
    "WeightconversionFactor": "0",
    "IsWeightArticle": false,
    "nutriscoreLabel": "C",
    "IsBio": false,
    "CountryOfOrigin": "DUITSLAND",
    "IsExclusivelySoldInLuxembourg": false,
    "OrderUnit": "P",
    "ShortName": "BONI MOZZAR.MINI 125G",
    "IsNew": false,
    "EcoscoreLabel": "B",
    "RecentQuanityOfStockUnits": "7,1",
    "LongName": "BONI mozzarella mini 125g",
    "AlcoholVolume": "0",
    "FicCode": "I",
    "EcoscoreValue": "62"
  },
  {
    "productId": "34575",
    "technicalArticleNumber": "1687181",
    "commercialArticleNumber": "13192",
    "name": "margarine smeren omega3 vl.",
    "description": "*Smeren\n*Vetgehalte: 38 %",
    "brand": "BONI",
    "seoBrand": "Boni Selection",
    "thumbNail": "https://static.colruytgroup.com/images/200x200/std.lang.all/87/30/asset-3208730.jpg",
    "fullImage": "https://static.colruytgroup.com/images/500x500/std.lang.all/87/30/asset-3208730.jpg",
    "squareImage": "https://static.colruytgroup.com/images/500x500sq/std.lang.all/87/30/asset-3208730.jpg",
    "content": "500g",
    "walkRouteSequenceNumber": 6064,
    "price": {
      "basicPrice": 1.45,
      "recommendedQuantity": "1.0",
      "measurementUnitPrice": 2.9,
      "measurementUnit": "K",
      "isRedPrice": false,
      "pricePerUOM": 2.9,
      "activationDate": "16-01-2024",
      "recordSource": "Offline",
      "isPromoActive": "N",
      "priceChangeCode": "H"
    },
    "isAvailable": true,
    "isPriceAvailable": true,
    "inPromo": false,
    "gtin": [
      "05400141624083",
      "05400141265316",
      "05400141240153",
      "05400141103687",
      "05400141070330",
      "05400141011272",
      "15400141957959",
      "15400141265313",
      "15400141240150",
      "15400141624080"
    ],
    "topCategoryName": "Zuivel",
    "topCategoryId": "65",
    "businessDomain": "RETAIL_BE",
    "IsPrivateLabel": true,
    "IsBiffe": false,
    "WeightconversionFactor": "0",
    "IsWeightArticle": false,
    "nutriscoreLabel": "C",
    "IsBio": false,
    "CountryOfOrigin": "BELGIË",
    "IsExclusivelySoldInLuxembourg": false,
    "OrderUnit": "P",
    "ShortName": "BONI OMEGA 3 500G",
    "InSeason": true,
    "IsNew": false,
    "EcoscoreLabel": "B",
    "RecentQuanityOfStockUnits": "8,1",
    "LongName": "BONI margarine smeren omega3 vl. 500g",
    "AlcoholVolume": "0",
    "StartSeasonDate": "07/05/2020",
    "FicCode": "I",
    "EcoscoreValue": "69"
  },
  {
    "productId": "855750",
    "technicalArticleNumber": "4704874",
    "commercialArticleNumber": "31345",
    "name": "look & fijne kruiden",
    "brand": "PAYSAN BRETON",
    "seoBrand": "Paysan Breton",
    "thumbNail": "https://ecgproductmw.colruytgroup.com/ecgproductmw/noPicForArticle_2.jpg",
    "fullImage": "https://ecgproductmw.colruytgroup.com/ecgproductmw/noPicForArticle_5.jpg",
    "squareImage": "https://ecgproductmw.colruytgroup.com/ecgproductmw/noPicForArticle_5.jpg",
    "content": "150g",
    "walkRouteSequenceNumber": 5470,
    "price": {
      "basicPrice": 2.99,
      "recommendedQuantity": "1.0",
      "measurementUnitPrice": 19.94,
      "measurementUnit": "K",
      "isRedPrice": false,
      "pricePerUOM": 19.94,
      "activationDate": "02-03-2024",
      "recordSource": "Offline",
      "isPromoActive": "N",
      "priceChangeCode": "E"
    },
    "isAvailable": true,
    "isPriceAvailable": true,
    "inPromo": false,
    "gtin": [
      "03412290071801"
    ],
    "topCategoryName": "Zuivel",
    "topCategoryId": "65",
    "businessDomain": "RETAIL_BE",
    "IsPrivateLabel": false,
    "IsBiffe": false,
    "WeightconversionFactor": "0",
    "IsWeightArticle": false,
    "nutriscoreLabel": "D",
    "IsBio": false,
    "CountryOfOrigin": "FRANKRIJK",
    "IsExclusivelySoldInLuxembourg": false,
    "OrderUnit": "P",
    "ShortName": "MADL LOOK&FIJN.KRUI150G",
    "InSeason": true,
    "IsNew": false,
    "EcoscoreLabel": "D",
    "RecentQuanityOfStockUnits": "1",
    "LongName": "PAYSAN BRETON look & fijne kruiden 150g",
    "StartSeasonDate": "22/01/2024",
    "FicCode": "E",
    "EcoscoreValue": "36"
  },
  {
    "productId": "784012",
    "technicalArticleNumber": "4583036",
    "commercialArticleNumber": "8803",
    "name": "Plank mini internationale kaas",
    "description": "*Plateau met brie\nblauwe kaas,\nemmentaler,\nrode cheddar,\nbelegen gouda",
    "thumbNail": "https://static.colruytgroup.com/images/200x200/std.lang.all/31/07/asset-3133107.jpg",
    "fullImage": "https://static.colruytgroup.com/images/500x500/std.lang.all/31/07/asset-3133107.jpg",
    "squareImage": "https://static.colruytgroup.com/images/500x500sq/std.lang.all/31/07/asset-3133107.jpg",
    "content": "170g",
    "price": {
      "basicPrice": 3.89,
      "recommendedQuantity": "1.0",
      "measurementUnitPrice": 22.89,
      "measurementUnit": "K",
      "isRedPrice": false,
      "pricePerUOM": 22.89,
      "activationDate": "17-05-2023",
      "isPromoActive": "N",
      "priceChangeCode": "H"
    },
    "isAvailable": true,
    "isPriceAvailable": true,
    "inPromo": false,
    "gtin": [
      "08435115055355"
    ],
    "topCategoryName": "Zuivel",
    "topCategoryId": "65",
    "businessDomain": "RETAIL_BE",
    "IsPrivateLabel": false,
    "IsBiffe": false,
    "WeightconversionFactor": "0",
    "IsWeightArticle": false,
    "IsBio": false,
    "CountryOfOrigin": "BELGIË",
    "IsExclusivelySoldInLuxembourg": false,
    "OrderUnit": "P",
    "ShortName": "PLANK MINI KAZEN 170G",
    "InSeason": true,
    "IsNew": false,
    "RecentQuanityOfStockUnits": "1",
    "LongName": "Plank mini internationale kaas 170g",
    "StartSeasonDate": "23/01/2023",
    "FicCode": "E"
  },
  {
    "productId": "778892",
    "technicalArticleNumber": "4572632",
    "commercialArticleNumber": "28576",
    "name": "geit",
    "description": "*Niet gerijpte kaas\n*Belgisch",
    "brand": "BERLOUMI",
    "seoBrand": "Berloumi",
    "thumbNail": "https://static.colruytgroup.com/images/200x200/std.lang.all/31/45/asset-2763145.jpg",
    "fullImage": "https://static.colruytgroup.com/images/500x500/std.lang.all/31/45/asset-2763145.jpg",
    "squareImage": "https://static.colruytgroup.com/images/500x500sq/std.lang.all/31/45/asset-2763145.jpg",
    "content": "±270g",
    "walkRouteSequenceNumber": 5458,
    "price": {
      "basicPrice": 24.9,
      "recommendedQuantity": "0.2",
      "unit": "K",
      "measurementUnitPrice": 24.9,
      "measurementUnit": "K",
      "isRedPrice": false,
      "pricePerUOM": 24.9,
      "activationDate": "03-05-2023",
      "isPromoActive": "N",
      "priceChangeCode": "E"
    },
    "isAvailable": true,
    "isPriceAvailable": true,
    "inPromo": false,
    "gtin": [
      "95430001031334"
    ],
    "topCategoryName": "Zuivel",
    "topCategoryId": "65",
    "businessDomain": "RETAIL_BE",
    "IsPrivateLabel": false,
    "IsBiffe": false,
    "WeightconversionFactor": "270",
    "IsWeightArticle": true,
    "nutriscoreLabel": "D",
    "IsBio": false,
    "CountryOfOrigin": "BELGIË",
    "IsExclusivelySoldInLuxembourg": false,
    "OrderUnit": "P",
    "ShortName": "BERL GEITKAAS +-270GW",
    "InSeason": true,
    "IsNew": false,
    "EcoscoreLabel": "C",
    "RecentQuanityOfStockUnits": "1",
    "LongName": "BERLOUMI geit ±270g",
    "StartSeasonDate": "22/01/2024",
    "FicCode": "E",
    "EcoscoreValue": "47"
  },
  {
    "productId": "1020816",
    "technicalArticleNumber": "4789572",
    "commercialArticleNumber": "16768",
    "name": "Finesse Proteine 10sn.",
    "description": "*Nederland\n*Flinterdunne\nsneetjes",
    "brand": "LEERDAMMER",
    "seoBrand": "Leerdammer",
    "thumbNail": "https://ecgproductmw.colruytgroup.com/ecgproductmw/noPicForArticle_2.jpg",
    "fullImage": "https://ecgproductmw.colruytgroup.com/ecgproductmw/noPicForArticle_5.jpg",
    "squareImage": "https://ecgproductmw.colruytgroup.com/ecgproductmw/noPicForArticle_5.jpg",
    "content": "100g",
    "walkRouteSequenceNumber": 6230,
    "price": {
      "basicPrice": 3.29,
      "recommendedQuantity": "1.0",
      "measurementUnitPrice": 32.9,
      "measurementUnit": "K",
      "isRedPrice": false,
      "pricePerUOM": 32.9,
      "activationDate": "21-03-2024",
      "recordSource": "Offline",
      "isPromoActive": "N",
      "priceChangeCode": "H"
    },
    "isAvailable": true,
    "isPriceAvailable": true,
    "inPromo": false,
    "gtin": [
      "08721800408941"
    ],
    "topCategoryName": "Zuivel",
    "topCategoryId": "65",
    "businessDomain": "RETAIL_BE",
    "IsPrivateLabel": false,
    "IsBiffe": false,
    "WeightconversionFactor": "0",
    "IsWeightArticle": false,
    "IsBio": false,
    "CountryOfOrigin": "NEDERLAND",
    "IsExclusivelySoldInLuxembourg": false,
    "OrderUnit": "P",
    "ShortName": "LEER FINESSE PROTE.100G",
    "IsNew": true,
    "RecentQuanityOfStockUnits": "1",
    "LongName": "LEERDAMMER Finesse Proteine 10sn. 100g",
    "AlcoholVolume": "0",
    "FicCode": "E"
  },
  {
    "productId": "1020834",
    "technicalArticleNumber": "4789591",
    "commercialArticleNumber": "18001",
    "name": "Feta Bio",
    "description": "*Griekenland",
    "brand": "SALAKIS",
    "seoBrand": "Salakis",
    "thumbNail": "https://ecgproductmw.colruytgroup.com/ecgproductmw/noPicForArticle_2.jpg",
    "fullImage": "https://ecgproductmw.colruytgroup.com/ecgproductmw/noPicForArticle_5.jpg",
    "squareImage": "https://ecgproductmw.colruytgroup.com/ecgproductmw/noPicForArticle_5.jpg",
    "content": "150g",
    "walkRouteSequenceNumber": 5464,
    "price": {
      "basicPrice": 4.59,
      "recommendedQuantity": "1.0",
      "measurementUnitPrice": 30.6,
      "measurementUnit": "K",
      "isRedPrice": false,
      "pricePerUOM": 30.6,
      "activationDate": "02-03-2024",
      "recordSource": "Offline",
      "isPromoActive": "N",
      "priceChangeCode": "E"
    },
    "isAvailable": true,
    "isPriceAvailable": true,
    "inPromo": false,
    "gtin": [
      "05413209992598"
    ],
    "topCategoryName": "Zuivel",
    "topCategoryId": "65",
    "businessDomain": "RETAIL_BE",
    "IsPrivateLabel": false,
    "IsBiffe": false,
    "WeightconversionFactor": "0",
    "IsWeightArticle": false,
    "IsBio": false,
    "CountryOfOrigin": "GRIEKENLAND",
    "IsExclusivelySoldInLuxembourg": false,
    "OrderUnit": "P",
    "ShortName": "SALA FETA BIO 150G",
    "IsNew": true,
    "RecentQuanityOfStockUnits": "1",
    "LongName": "SALAKIS Feta Bio 150g",
    "FicCode": "E"
  },
  {
    "productId": "1042780",
    "technicalArticleNumber": "4797624",
    "commercialArticleNumber": "1151",
    "name": "Buche schapenkaas",
    "brand": "LA LÉMANCE",
    "seoBrand": "La Lémance",
    "thumbNail": "https://static.colruytgroup.com/images/200x200/std.lang.all/34/00/asset-3453400.jpg",
    "fullImage": "https://static.colruytgroup.com/images/500x500/std.lang.all/34/00/asset-3453400.jpg",
    "squareImage": "https://static.colruytgroup.com/images/500x500sq/std.lang.all/34/00/asset-3453400.jpg",
    "content": "150g",
    "price": {
      "basicPrice": 3.49,
      "recommendedQuantity": "1.0",
      "measurementUnitPrice": 23.27,
      "measurementUnit": "K",
      "isRedPrice": false,
      "pricePerUOM": 23.27,
      "activationDate": "02-03-2024",
      "isPromoActive": "N",
      "priceChangeCode": "E"
    },
    "isAvailable": true,
    "isPriceAvailable": true,
    "inPromo": false,
    "gtin": [
      "03760013202774"
    ],
    "topCategoryName": "Zuivel",
    "topCategoryId": "65",
    "businessDomain": "RETAIL_BE",
    "IsPrivateLabel": false,
    "IsBiffe": false,
    "WeightconversionFactor": "0",
    "IsWeightArticle": false,
    "IsBio": false,
    "CountryOfOrigin": "FRANKRIJK",
    "IsExclusivelySoldInLuxembourg": false,
    "OrderUnit": "P",
    "ShortName": "LALE BUCHE SCHAAP.150G",
    "IsNew": true,
    "RecentQuanityOfStockUnits": "1",
    "LongName": "LA LÉMANCE Buche schapenkaas 150g",
    "FicCode": "E"
  },
  {
    "productId": "1042781",
    "technicalArticleNumber": "4797625",
    "commercialArticleNumber": "1155",
    "name": "Caractere Sneetjes",
    "brand": "VACHE BLEUE",
    "seoBrand": "Vache Bleue",
    "thumbNail": "https://static.colruytgroup.com/images/200x200/std.lang.all/05/54/asset-3460554.jpg",
    "fullImage": "https://static.colruytgroup.com/images/500x500/std.lang.all/05/54/asset-3460554.jpg",
    "squareImage": "https://static.colruytgroup.com/images/500x500sq/std.lang.all/05/54/asset-3460554.jpg",
    "content": "150g",
    "walkRouteSequenceNumber": 6231,
    "price": {
      "basicPrice": 4.29,
      "recommendedQuantity": "1.0",
      "measurementUnitPrice": 28.6,
      "measurementUnit": "K",
      "isRedPrice": false,
      "pricePerUOM": 28.6,
      "activationDate": "06-03-2024",
      "isPromoActive": "N",
      "priceChangeCode": "E"
    },
    "isAvailable": true,
    "isPriceAvailable": true,
    "inPromo": false,
    "gtin": [
      "05410298049066"
    ],
    "topCategoryName": "Zuivel",
    "topCategoryId": "65",
    "businessDomain": "RETAIL_BE",
    "IsPrivateLabel": false,
    "IsBiffe": false,
    "WeightconversionFactor": "0",
    "IsWeightArticle": false,
    "IsBio": false,
    "CountryOfOrigin": "BELGIË",
    "IsExclusivelySoldInLuxembourg": false,
    "OrderUnit": "P",
    "ShortName": "VABL CARACTERE SN.150G",
    "IsNew": true,
    "RecentQuanityOfStockUnits": "1",
    "LongName": "VACHE BLEUE Caractere Sneetjes 150g",
    "FicCode": "E"
  },
  {
    "productId": "670986",
    "technicalArticleNumber": "4383913",
    "commercialArticleNumber": "24410",
    "name": "volle yogh.nat.suik.",
    "description": "*Natuuryoghurt\nmet suiker",
    "brand": "OIKOS",
    "seoBrand": "Oikos",
    "thumbNail": "https://static.colruytgroup.com/images/200x200/std.lang.all/64/32/asset-2356432.jpg",
    "fullImage": "https://static.colruytgroup.com/images/500x500/std.lang.all/64/32/asset-2356432.jpg",
    "squareImage": "https://static.colruytgroup.com/images/500x500sq/std.lang.all/64/32/asset-2356432.jpg",
    "content": "4x115g",
    "walkRouteSequenceNumber": 5910,
    "price": {
      "basicPrice": 3.99,
      "recommendedQuantity": "1.0",
      "measurementUnitPrice": 8.68,
      "measurementUnit": "K",
      "isRedPrice": false,
      "pricePerUOM": 8.68,
      "activationDate": "15-02-2024",
      "recordSource": "Offline",
      "isPromoActive": "N",
      "priceChangeCode": "E"
    },
    "isAvailable": true,
    "isPriceAvailable": true,
    "inPromo": false,
    "gtin": [
      "05410146420009"
    ],
    "topCategoryName": "Zuivel",
    "topCategoryId": "65",
    "businessDomain": "RETAIL_BE",
    "IsPrivateLabel": false,
    "IsBiffe": false,
    "WeightconversionFactor": "0",
    "IsWeightArticle": false,
    "nutriscoreLabel": "C",
    "IsBio": false,
    "CountryOfOrigin": "DUITSLAND",
    "IsExclusivelySoldInLuxembourg": false,
    "OrderUnit": "P",
    "ShortName": "DANO OIK NAT GESUI4X115",
    "IsNew": false,
    "EcoscoreLabel": "A",
    "RecentQuanityOfStockUnits": "1",
    "LongName": "OIKOS volle yogh.nat.suik. 4x115g",
    "FicCode": "E",
    "EcoscoreValue": "98"
  },
  {
    "productId": "161621",
    "technicalArticleNumber": "3288679",
    "commercialArticleNumber": "35159",
    "name": "aardbei",
    "description": "*Mager\n*Vetgehalte: 3 %\n*Met toegevoegde\nvitamines",
    "brand": "DANONINO",
    "seoBrand": "Danone Danonino",
    "thumbNail": "https://static.colruytgroup.com/images/200x200/std.lang.all/40/58/asset-3364058.jpg",
    "fullImage": "https://static.colruytgroup.com/images/500x500/std.lang.all/40/58/asset-3364058.jpg",
    "squareImage": "https://static.colruytgroup.com/images/500x500sq/std.lang.all/40/58/asset-3364058.jpg",
    "content": "6x100g",
    "walkRouteSequenceNumber": 5864,
    "price": {
      "basicPrice": 4.99,
      "recommendedQuantity": "1.0",
      "measurementUnitPrice": 8.32,
      "measurementUnit": "K",
      "isRedPrice": false,
      "pricePerUOM": 8.32,
      "activationDate": "23-08-2023",
      "recordSource": "Offline",
      "isPromoActive": "N",
      "priceChangeCode": "E"
    },
    "isAvailable": true,
    "isPriceAvailable": true,
    "inPromo": false,
    "gtin": [
      "15410146416184",
      "05410146416187"
    ],
    "topCategoryName": "Zuivel",
    "topCategoryId": "65",
    "businessDomain": "RETAIL_BE",
    "IsPrivateLabel": false,
    "IsBiffe": false,
    "WeightconversionFactor": "0",
    "IsWeightArticle": false,
    "nutriscoreLabel": "B",
    "IsBio": false,
    "CountryOfOrigin": "FRANKRIJK",
    "IsExclusivelySoldInLuxembourg": false,
    "OrderUnit": "P",
    "ShortName": "DANONINO AARDB 6X100G",
    "IsNew": false,
    "EcoscoreLabel": "A",
    "RecentQuanityOfStockUnits": "1",
    "LongName": "DANONINO aardbei 6x100g",
    "AlcoholVolume": "0",
    "FicCode": "E",
    "EcoscoreValue": "96"
  },
  {
    "productId": "891950",
    "technicalArticleNumber": "4753185",
    "commercialArticleNumber": "21128",
    "name": "big bottle multivruchten",
    "brand": "ACTIMEL",
    "seoBrand": "Actimel",
    "thumbNail": "https://static.colruytgroup.com/images/200x200/std.lang.all/27/58/asset-3362758.jpg",
    "fullImage": "https://static.colruytgroup.com/images/500x500/std.lang.all/27/58/asset-3362758.jpg",
    "squareImage": "https://static.colruytgroup.com/images/500x500sq/std.lang.all/27/58/asset-3362758.jpg",
    "content": "645g",
    "walkRouteSequenceNumber": 5684,
    "price": {
      "basicPrice": 2.99,
      "recommendedQuantity": "1.0",
      "measurementUnitPrice": 4.64,
      "measurementUnit": "K",
      "isRedPrice": false,
      "pricePerUOM": 4.64,
      "activationDate": "05-03-2024",
      "recordSource": "Offline",
      "isPromoActive": "N",
      "priceChangeCode": "E"
    },
    "isAvailable": true,
    "isPriceAvailable": true,
    "inPromo": false,
    "gtin": [
      "03033491943522"
    ],
    "topCategoryName": "Zuivel",
    "topCategoryId": "65",
    "businessDomain": "RETAIL_BE",
    "IsPrivateLabel": false,
    "IsBiffe": false,
    "WeightconversionFactor": "0",
    "IsWeightArticle": false,
    "nutriscoreLabel": "B",
    "IsBio": false,
    "CountryOfOrigin": "BELGIË",
    "IsExclusivelySoldInLuxembourg": false,
    "OrderUnit": "P",
    "ShortName": "ACTI BI.B. MULTIVR.645G",
    "IsNew": false,
    "EcoscoreLabel": "B",
    "RecentQuanityOfStockUnits": "1",
    "LongName": "ACTIMEL big bottle multivruchten 645g",
    "FicCode": "E",
    "EcoscoreValue": "67"
  },
  {
    "productId": "87919",
    "technicalArticleNumber": "2988726",
    "commercialArticleNumber": "7490",
    "name": "yoghurt fruit 0%vg",
    "description": "*Mager\n*Met stukjes\n*Extra bevorderend\nvoor de darmflora",
    "brand": "ACTIVIA",
    "seoBrand": "Activia",
    "thumbNail": "https://static.colruytgroup.com/images/200x200/std.lang.all/63/51/asset-2356351.jpg",
    "fullImage": "https://static.colruytgroup.com/images/500x500/std.lang.all/63/51/asset-2356351.jpg",
    "squareImage": "https://static.colruytgroup.com/images/500x500sq/std.lang.all/63/51/asset-2356351.jpg",
    "content": "8x125g",
    "walkRouteSequenceNumber": 5766,
    "price": {
      "basicPrice": 6.59,
      "recommendedQuantity": "1.0",
      "measurementUnitPrice": 6.59,
      "measurementUnit": "K",
      "isRedPrice": false,
      "pricePerUOM": 6.59,
      "activationDate": "09-03-2024",
      "recordSource": "Offline",
      "isPromoActive": "N",
      "priceChangeCode": "H"
    },
    "isAvailable": true,
    "isPriceAvailable": true,
    "inPromo": false,
    "gtin": [
      "15410146419215",
      "05410146419218",
      "03033490433888"
    ],
    "topCategoryName": "Zuivel",
    "topCategoryId": "65",
    "businessDomain": "RETAIL_BE",
    "IsPrivateLabel": false,
    "IsBiffe": false,
    "WeightconversionFactor": "0",
    "IsWeightArticle": false,
    "nutriscoreLabel": "A",
    "IsBio": false,
    "CountryOfOrigin": "FRANKRIJK",
    "IsExclusivelySoldInLuxembourg": false,
    "OrderUnit": "P",
    "ShortName": "DAN ACT FRY 0PC 8X125G",
    "IsNew": false,
    "EcoscoreLabel": "B",
    "RecentQuanityOfStockUnits": "1",
    "LongName": "ACTIVIA yoghurt fruit 0%vg 8x125g",
    "AlcoholVolume": "0",
    "FicCode": "E",
    "EcoscoreValue": "72"
  },
  {
    "productId": "2484",
    "technicalArticleNumber": "1099956",
    "commercialArticleNumber": "26035",
    "name": "flan karamel",
    "brand": "LA LAITIÈRE",
    "seoBrand": "Nestlé La Laitière",
    "thumbNail": "https://static.colruytgroup.com/images/200x200/std.lang.all/15/89/asset-361589.jpg",
    "fullImage": "https://static.colruytgroup.com/images/500x500/std.lang.all/15/89/asset-361589.jpg",
    "squareImage": "https://static.colruytgroup.com/images/500x500sq/std.lang.all/15/89/asset-361589.jpg",
    "content": "8x100g",
    "walkRouteSequenceNumber": 5915,
    "price": {
      "basicPrice": 4.29,
      "recommendedQuantity": "1.0",
      "measurementUnitPrice": 5.37,
      "measurementUnit": "K",
      "isRedPrice": false,
      "pricePerUOM": 5.37,
      "activationDate": "31-01-2024",
      "recordSource": "Offline",
      "isPromoActive": "N",
      "priceChangeCode": "E"
    },
    "isAvailable": true,
    "isPriceAvailable": true,
    "inPromo": false,
    "gtin": [
      "03023290633465"
    ],
    "topCategoryName": "Zuivel",
    "topCategoryId": "65",
    "businessDomain": "RETAIL_BE",
    "IsPrivateLabel": false,
    "IsBiffe": false,
    "WeightconversionFactor": "0",
    "IsWeightArticle": false,
    "nutriscoreLabel": "C",
    "IsBio": false,
    "CountryOfOrigin": "FRANKRIJK",
    "IsExclusivelySoldInLuxembourg": false,
    "OrderUnit": "P",
    "ShortName": "LL JK FLAN CARAM8X100G",
    "IsNew": false,
    "RecentQuanityOfStockUnits": "1",
    "LongName": "LA LAITIÈRE flan karamel 8x100g",
    "AlcoholVolume": "0",
    "FicCode": "E"
  },
  {
    "productId": "280028",
    "technicalArticleNumber": "3650361",
    "commercialArticleNumber": "31140",
    "name": "Finesse Orig. sneetjes",
    "description": "*Nederland\n*Flinterdunne\nsneetjes\n*27,5 g VG",
    "brand": "LEERDAMMER",
    "seoBrand": "Leerdammer",
    "thumbNail": "https://static.colruytgroup.com/images/200x200/std.lang.all/07/38/asset-2400738.jpg",
    "fullImage": "https://static.colruytgroup.com/images/500x500/std.lang.all/07/38/asset-2400738.jpg",
    "squareImage": "https://static.colruytgroup.com/images/500x500sq/std.lang.all/07/38/asset-2400738.jpg",
    "content": "100g",
    "walkRouteSequenceNumber": 6238,
    "price": {
      "basicPrice": 3.99,
      "recommendedQuantity": "1.0",
      "measurementUnitPrice": 39.9,
      "measurementUnit": "K",
      "isRedPrice": false,
      "pricePerUOM": 39.9,
      "activationDate": "01-03-2024",
      "recordSource": "Offline",
      "isPromoActive": "N",
      "priceChangeCode": "E"
    },
    "isAvailable": true,
    "isPriceAvailable": true,
    "inPromo": false,
    "gtin": [
      "03073781075137",
      "03073781075151",
      "03073781145649",
      "03073781145656",
      "08721800401683",
      "08721800401676"
    ],
    "topCategoryName": "Zuivel",
    "topCategoryId": "65",
    "businessDomain": "RETAIL_BE",
    "IsPrivateLabel": false,
    "IsBiffe": false,
    "WeightconversionFactor": "0",
    "IsWeightArticle": false,
    "nutriscoreLabel": "D",
    "IsBio": false,
    "CountryOfOrigin": "NEDERLAND",
    "IsExclusivelySoldInLuxembourg": false,
    "OrderUnit": "P",
    "ShortName": "LEERD.FINESSE ORIG.100G",
    "IsNew": false,
    "EcoscoreLabel": "D",
    "RecentQuanityOfStockUnits": "1",
    "LongName": "LEERDAMMER Finesse Orig. sneetjes 100g",
    "AlcoholVolume": "0",
    "FicCode": "E",
    "EcoscoreValue": "30"
  },
  {
    "productId": "783832",
    "technicalArticleNumber": "4582854",
    "commercialArticleNumber": "7438",
    "name": "gouda belegen",
    "brand": "EIGEN BODEM",
    "seoBrand": "EIGEN BODEM",
    "thumbNail": "https://static.colruytgroup.com/images/200x200/std.lang.all/27/16/asset-2832716.jpg",
    "fullImage": "https://static.colruytgroup.com/images/500x500/std.lang.all/27/16/asset-2832716.jpg",
    "squareImage": "https://static.colruytgroup.com/images/500x500sq/std.lang.all/27/16/asset-2832716.jpg",
    "content": "150g",
    "walkRouteSequenceNumber": 6163,
    "price": {
      "basicPrice": 2.95,
      "recommendedQuantity": "1.0",
      "measurementUnitPrice": 19.67,
      "measurementUnit": "K",
      "isRedPrice": false,
      "pricePerUOM": 19.67,
      "activationDate": "11-03-2024",
      "recordSource": "Offline",
      "isPromoActive": "N",
      "priceChangeCode": "E"
    },
    "isAvailable": true,
    "isPriceAvailable": true,
    "inPromo": false,
    "gtin": [
      "15410834002439",
      "05410834002203"
    ],
    "topCategoryName": "Zuivel",
    "topCategoryId": "65",
    "businessDomain": "RETAIL_BE",
    "IsPrivateLabel": false,
    "IsBiffe": false,
    "WeightconversionFactor": "0",
    "IsWeightArticle": false,
    "nutriscoreLabel": "D",
    "IsBio": false,
    "CountryOfOrigin": "BELGIË",
    "IsExclusivelySoldInLuxembourg": false,
    "OrderUnit": "P",
    "ShortName": "EIBO GOUDA BELEGEN 150G",
    "IsNew": false,
    "EcoscoreLabel": "D",
    "RecentQuanityOfStockUnits": "1",
    "LongName": "EIGEN BODEM gouda belegen 150g",
    "FicCode": "E",
    "EcoscoreValue": "28"
  },
  {
    "productId": "2183",
    "technicalArticleNumber": "26520",
    "commercialArticleNumber": "26520",
    "name": "verse kruidenkaas peper",
    "description": "*Frankrijk\n*Verse kaas\n*Zacht,romig\n*Met peper",
    "brand": "BOURSIN",
    "seoBrand": "Boursin",
    "thumbNail": "https://static.colruytgroup.com/images/200x200/std.lang.all/53/52/asset-335352.jpg",
    "fullImage": "https://static.colruytgroup.com/images/500x500/std.lang.all/53/52/asset-335352.jpg",
    "squareImage": "https://static.colruytgroup.com/images/500x500sq/std.lang.all/53/52/asset-335352.jpg",
    "content": "150g",
    "walkRouteSequenceNumber": 4872,
    "price": {
      "basicPrice": 3.79,
      "recommendedQuantity": "1.0",
      "measurementUnitPrice": 25.27,
      "measurementUnit": "K",
      "isRedPrice": false,
      "pricePerUOM": 25.27,
      "activationDate": "02-01-2024",
      "recordSource": "Offline",
      "isPromoActive": "N",
      "priceChangeCode": "E"
    },
    "isAvailable": true,
    "isPriceAvailable": true,
    "inPromo": false,
    "gtin": [
      "03175460000062",
      "03175461000061"
    ],
    "topCategoryName": "Zuivel",
    "topCategoryId": "65",
    "businessDomain": "RETAIL_BE",
    "IsPrivateLabel": false,
    "IsBiffe": false,
    "WeightconversionFactor": "0",
    "IsWeightArticle": false,
    "nutriscoreLabel": "D",
    "IsBio": false,
    "CountryOfOrigin": "FRANKRIJK",
    "IsExclusivelySoldInLuxembourg": false,
    "OrderUnit": "P",
    "ShortName": "BOURSIN PEPER 150GR",
    "InSeason": true,
    "IsNew": false,
    "EcoscoreLabel": "A",
    "RecentQuanityOfStockUnits": "1,12",
    "LongName": "BOURSIN verse kruidenkaas peper 150g",
    "AlcoholVolume": "0",
    "StartSeasonDate": "03/06/2004",
    "FicCode": "E",
    "EcoscoreValue": "100"
  },
  {
    "productId": "879764",
    "technicalArticleNumber": "4736483",
    "commercialArticleNumber": "32265",
    "name": "coco 0%",
    "brand": "DANONE HIPRO",
    "seoBrand": "Danone Hipro",
    "thumbNail": "https://static.colruytgroup.com/images/200x200/std.lang.all/66/83/asset-3376683.jpg",
    "fullImage": "https://static.colruytgroup.com/images/500x500/std.lang.all/66/83/asset-3376683.jpg",
    "squareImage": "https://static.colruytgroup.com/images/500x500sq/std.lang.all/66/83/asset-3376683.jpg",
    "content": "2x160g",
    "walkRouteSequenceNumber": 5803,
    "price": {
      "basicPrice": 2.99,
      "recommendedQuantity": "1.0",
      "measurementUnitPrice": 9.35,
      "measurementUnit": "K",
      "isRedPrice": false,
      "pricePerUOM": 9.35,
      "activationDate": "19-03-2024",
      "recordSource": "Offline",
      "isPromoActive": "N",
      "priceChangeCode": "E"
    },
    "isAvailable": true,
    "isPriceAvailable": true,
    "inPromo": true,
    "promotion": [
      {
        "techPromoId": "100946COLR",
        "promotionId": "100946",
        "promotionType": "3",
        "isPersonalized": "N",
        "publicationStartDate": "13-03-2024",
        "publicationEndDate": "26-03-2024"
      }
    ],
    "gtin": [
      "03033491690334"
    ],
    "topCategoryName": "Zuivel",
    "topCategoryId": "65",
    "businessDomain": "RETAIL_BE",
    "IsPrivateLabel": false,
    "IsBiffe": false,
    "WeightconversionFactor": "0",
    "IsWeightArticle": false,
    "nutriscoreLabel": "A",
    "IsBio": false,
    "CountryOfOrigin": "FRANKRIJK",
    "IsExclusivelySoldInLuxembourg": false,
    "OrderUnit": "P",
    "ShortName": "HIPR YOG.COCO 0%2X160G",
    "IsNew": false,
    "EcoscoreLabel": "B",
    "RecentQuanityOfStockUnits": "1",
    "LongName": "DANONE HIPRO coco 0% 2x160g",
    "FicCode": "E",
    "EcoscoreValue": "63"
  },
  {
    "productId": "500352",
    "technicalArticleNumber": "4051936",
    "commercialArticleNumber": "6655",
    "name": "aardbei",
    "description": "*Plantaardig\nalternatief\nvoor yoghurt",
    "brand": "ALPRO",
    "seoBrand": "Alpro",
    "thumbNail": "https://static.colruytgroup.com/images/200x200/std.lang.all/37/68/asset-3373768.jpg",
    "fullImage": "https://static.colruytgroup.com/images/500x500/std.lang.all/37/68/asset-3373768.jpg",
    "squareImage": "https://static.colruytgroup.com/images/500x500sq/std.lang.all/37/68/asset-3373768.jpg",
    "content": "4x125g",
    "walkRouteSequenceNumber": 5860,
    "price": {
      "basicPrice": 3.65,
      "recommendedQuantity": "1.0",
      "measurementUnitPrice": 7.3,
      "measurementUnit": "K",
      "isRedPrice": false,
      "pricePerUOM": 7.3,
      "activationDate": "22-03-2024",
      "recordSource": "Offline",
      "isPromoActive": "N",
      "priceChangeCode": "L"
    },
    "isAvailable": true,
    "isPriceAvailable": true,
    "inPromo": false,
    "gtin": [
      "05411188128465",
      "05411188128458"
    ],
    "topCategoryName": "Zuivel",
    "topCategoryId": "65",
    "businessDomain": "RETAIL_BE",
    "IsPrivateLabel": false,
    "IsBiffe": false,
    "WeightconversionFactor": "0",
    "IsWeightArticle": false,
    "nutriscoreLabel": "A",
    "IsBio": false,
    "CountryOfOrigin": "BELGIË",
    "IsExclusivelySoldInLuxembourg": false,
    "OrderUnit": "P",
    "ShortName": "ALPRO AARDBEI 4X125G",
    "IsNew": false,
    "EcoscoreLabel": "A",
    "RecentQuanityOfStockUnits": "1,6",
    "LongName": "ALPRO aardbei 4x125g",
    "FicCode": "E",
    "EcoscoreValue": "88"
  },
  {
    "productId": "2067",
    "technicalArticleNumber": "26557",
    "commercialArticleNumber": "26557",
    "name": "kaas halfhard bol",
    "description": "*Frankrijk\n*Halfharde kaas\n*Met roodgewassen\nnatuurkorst\n*Zacht, romig",
    "brand": "PORT SALUT",
    "seoBrand": "Port Salut",
    "thumbNail": "https://static.colruytgroup.com/images/200x200/std.lang.all/31/22/asset-333122.jpg",
    "fullImage": "https://static.colruytgroup.com/images/500x500/std.lang.all/31/22/asset-333122.jpg",
    "squareImage": "https://static.colruytgroup.com/images/500x500sq/std.lang.all/31/22/asset-333122.jpg",
    "content": "320g",
    "walkRouteSequenceNumber": 5169,
    "price": {
      "basicPrice": 7.39,
      "recommendedQuantity": "1.0",
      "measurementUnitPrice": 23.1,
      "measurementUnit": "K",
      "isRedPrice": false,
      "pricePerUOM": 23.1,
      "activationDate": "04-01-2024",
      "recordSource": "Offline",
      "isPromoActive": "N",
      "priceChangeCode": "H"
    },
    "isAvailable": true,
    "isPriceAvailable": true,
    "inPromo": false,
    "gtin": [
      "03038910107592",
      "03038910117591",
      "03073780868747",
      "03073781065503"
    ],
    "topCategoryName": "Zuivel",
    "topCategoryId": "65",
    "businessDomain": "RETAIL_BE",
    "IsPrivateLabel": false,
    "IsBiffe": false,
    "WeightconversionFactor": "0",
    "IsWeightArticle": false,
    "nutriscoreLabel": "D",
    "IsBio": false,
    "CountryOfOrigin": "FRANKRIJK",
    "IsExclusivelySoldInLuxembourg": false,
    "OrderUnit": "P",
    "ShortName": "PORT SALUT KAAS 320GR",
    "IsNew": false,
    "EcoscoreLabel": "B",
    "RecentQuanityOfStockUnits": "1",
    "LongName": "PORT SALUT kaas halfhard bol 320g",
    "AlcoholVolume": "0",
    "FicCode": "E",
    "EcoscoreValue": "67"
  },
  {
    "productId": "687259",
    "technicalArticleNumber": "4411556",
    "commercialArticleNumber": "25527",
    "name": "gouda jong blokjes",
    "description": "*Belgisch\n*Halfharde kaas\n*Jong\n*O.b.v. bio-melk\n*Vegetarisch",
    "brand": "BONI BIO",
    "seoBrand": "Boni Selection Bio",
    "thumbNail": "https://static.colruytgroup.com/images/200x200/std.lang.all/29/60/asset-3042960.jpg",
    "fullImage": "https://static.colruytgroup.com/images/500x500/std.lang.all/29/60/asset-3042960.jpg",
    "squareImage": "https://static.colruytgroup.com/images/500x500sq/std.lang.all/29/60/asset-3042960.jpg",
    "content": "175g",
    "walkRouteSequenceNumber": 5604,
    "price": {
      "basicPrice": 3.79,
      "recommendedQuantity": "1.0",
      "measurementUnitPrice": 21.66,
      "measurementUnit": "K",
      "isRedPrice": false,
      "pricePerUOM": 21.66,
      "activationDate": "15-02-2024",
      "isPromoActive": "N",
      "priceChangeCode": "H"
    },
    "isAvailable": true,
    "isPriceAvailable": true,
    "inPromo": false,
    "gtin": [
      "05400141917451",
      "15400141917458",
      "25400141917455"
    ],
    "topCategoryName": "Zuivel",
    "topCategoryId": "65",
    "businessDomain": "RETAIL_BE",
    "IsPrivateLabel": true,
    "IsBiffe": false,
    "WeightconversionFactor": "0",
    "IsWeightArticle": false,
    "nutriscoreLabel": "C",
    "IsBio": true,
    "CountryOfOrigin": "BELGIË",
    "IsExclusivelySoldInLuxembourg": false,
    "OrderUnit": "P",
    "ShortName": "BONI BIO GOUDA KUB.175G",
    "IsNew": false,
    "EcoscoreLabel": "B",
    "RecentQuanityOfStockUnits": "1",
    "LongName": "BONI BIO gouda jong blokjes 175g",
    "FicCode": "I",
    "EcoscoreValue": "73"
  },
  {
    "productId": "40580",
    "technicalArticleNumber": "2538030",
    "commercialArticleNumber": "18880",
    "name": "Lightlife Caractère sn.",
    "description": "*Nederland\n*Halfharde kaas\n*Pittig\n*Abs. V.G.: 19 %",
    "brand": "LEERDAMMER",
    "seoBrand": "Leerdammer",
    "thumbNail": "https://static.colruytgroup.com/images/200x200/std.lang.all/02/92/asset-3420292.jpg",
    "fullImage": "https://static.colruytgroup.com/images/500x500/std.lang.all/02/92/asset-3420292.jpg",
    "squareImage": "https://static.colruytgroup.com/images/500x500sq/std.lang.all/02/92/asset-3420292.jpg",
    "content": "150g",
    "walkRouteSequenceNumber": 6241,
    "price": {
      "basicPrice": 5.29,
      "recommendedQuantity": "1.0",
      "measurementUnitPrice": 35.27,
      "measurementUnit": "K",
      "isRedPrice": false,
      "pricePerUOM": 35.27,
      "activationDate": "29-02-2024",
      "recordSource": "Offline",
      "isPromoActive": "N",
      "priceChangeCode": "E"
    },
    "isAvailable": true,
    "isPriceAvailable": true,
    "inPromo": false,
    "gtin": [
      "08721800400761",
      "03073781017809",
      "03073781000542",
      "08721800400778"
    ],
    "topCategoryName": "Zuivel",
    "topCategoryId": "65",
    "businessDomain": "RETAIL_BE",
    "IsPrivateLabel": false,
    "IsBiffe": false,
    "WeightconversionFactor": "0",
    "IsWeightArticle": false,
    "nutriscoreLabel": "D",
    "IsBio": false,
    "CountryOfOrigin": "NEDERLAND",
    "IsExclusivelySoldInLuxembourg": false,
    "OrderUnit": "P",
    "ShortName": "LEERD LIGHTLIFE CAR150G",
    "IsNew": false,
    "EcoscoreLabel": "D",
    "RecentQuanityOfStockUnits": "1",
    "LongName": "LEERDAMMER Lightlife Caractère sn. 150g",
    "AlcoholVolume": "0",
    "FicCode": "E",
    "EcoscoreValue": "30"
  },
  {
    "productId": "255538",
    "technicalArticleNumber": "3589114",
    "commercialArticleNumber": "18564",
    "name": "minipizzadeeg 8 stuks",
    "description": "*Kant- en klaar deeg",
    "brand": "HERTA",
    "seoBrand": "Herta",
    "thumbNail": "https://static.colruytgroup.com/images/200x200/std.lang.all/70/62/asset-3197062.jpg",
    "fullImage": "https://static.colruytgroup.com/images/500x500/std.lang.all/70/62/asset-3197062.jpg",
    "squareImage": "https://static.colruytgroup.com/images/500x500sq/std.lang.all/70/62/asset-3197062.jpg",
    "content": "265g",
    "walkRouteSequenceNumber": 6052,
    "price": {
      "basicPrice": 2.79,
      "recommendedQuantity": "1.0",
      "measurementUnitPrice": 10.53,
      "measurementUnit": "K",
      "isRedPrice": false,
      "pricePerUOM": 10.53,
      "activationDate": "14-03-2024",
      "recordSource": "Offline",
      "isPromoActive": "N",
      "priceChangeCode": "E"
    },
    "isAvailable": true,
    "isPriceAvailable": true,
    "inPromo": true,
    "promotion": [
      {
        "techPromoId": "100936COLR",
        "promotionId": "100936",
        "promotionType": "3",
        "isPersonalized": "N",
        "publicationStartDate": "13-03-2024",
        "publicationEndDate": "26-03-2024"
      }
    ],
    "gtin": [
      "07613035815599",
      "07613035815612",
      "08445290286970",
      "08445290286987"
    ],
    "topCategoryName": "Bereidingen/Charcuterie/Vis/Veggie",
    "topCategoryId": "105",
    "businessDomain": "RETAIL_BE",
    "IsPrivateLabel": false,
    "IsBiffe": false,
    "WeightconversionFactor": "0",
    "IsWeightArticle": false,
    "nutriscoreLabel": "D",
    "IsBio": false,
    "CountryOfOrigin": "SPANJE",
    "IsExclusivelySoldInLuxembourg": false,
    "OrderUnit": "P",
    "ShortName": "HERT MINI PIZZADEEG265G",
    "IsNew": false,
    "RecentQuanityOfStockUnits": "1,12",
    "LongName": "HERTA minipizzadeeg 8 stuks 265g",
    "AlcoholVolume": "0",
    "FicCode": "E"
  },
  {
    "productId": "690805",
    "technicalArticleNumber": "4417599",
    "commercialArticleNumber": "20469",
    "name": "julienne geraspt",
    "description": "*Italië",
    "brand": "PARMIGIANO REGGIANO",
    "seoBrand": "Parmigiano Reggiano",
    "thumbNail": "https://static.colruytgroup.com/images/200x200/std.lang.all/64/97/asset-2826497.jpg",
    "fullImage": "https://static.colruytgroup.com/images/500x500/std.lang.all/64/97/asset-2826497.jpg",
    "squareImage": "https://static.colruytgroup.com/images/500x500sq/std.lang.all/64/97/asset-2826497.jpg",
    "content": "85g",
    "walkRouteSequenceNumber": 5618,
    "price": {
      "basicPrice": 2.69,
      "recommendedQuantity": "1.0",
      "measurementUnitPrice": 31.65,
      "measurementUnit": "K",
      "isRedPrice": false,
      "pricePerUOM": 31.65,
      "activationDate": "18-10-2023",
      "isPromoActive": "N",
      "priceChangeCode": "E"
    },
    "isAvailable": true,
    "isPriceAvailable": true,
    "inPromo": false,
    "gtin": [
      "08002503234977",
      "18002503234974"
    ],
    "topCategoryName": "Zuivel",
    "topCategoryId": "65",
    "businessDomain": "RETAIL_BE",
    "IsPrivateLabel": false,
    "IsBiffe": false,
    "WeightconversionFactor": "0",
    "IsWeightArticle": false,
    "IsBio": false,
    "CountryOfOrigin": "ITALIË",
    "IsExclusivelySoldInLuxembourg": false,
    "OrderUnit": "P",
    "ShortName": "PARMI REGG JUL.GERAS85G",
    "IsNew": false,
    "EcoscoreLabel": "D",
    "RecentQuanityOfStockUnits": "1",
    "LongName": "PARMIGIANO REGGIANO julienne geraspt 85g",
    "FicCode": "E",
    "EcoscoreValue": "27"
  },
  {
    "productId": "103534",
    "technicalArticleNumber": "3116144",
    "commercialArticleNumber": "43928",
    "name": "yogh.vol bosb.bio glas",
    "description": "*Vol\n*Met gemixt fruit",
    "brand": "PUR NATUR",
    "seoBrand": "Pur Natur",
    "thumbNail": "https://static.colruytgroup.com/images/200x200/std.lang.all/64/58/asset-1596458.jpg",
    "fullImage": "https://static.colruytgroup.com/images/500x500/std.lang.all/64/58/asset-1596458.jpg",
    "squareImage": "https://static.colruytgroup.com/images/500x500sq/std.lang.all/64/58/asset-1596458.jpg",
    "content": "4x150g",
    "walkRouteSequenceNumber": 5781,
    "price": {
      "basicPrice": 5.96,
      "recommendedQuantity": "1.0",
      "measurementUnitPrice": 9.94,
      "measurementUnit": "K",
      "isRedPrice": false,
      "pricePerUOM": 9.94,
      "activationDate": "28-02-2024",
      "recordSource": "Offline",
      "isPromoActive": "N",
      "priceChangeCode": "H"
    },
    "isAvailable": true,
    "isPriceAvailable": true,
    "inPromo": false,
    "gtin": [
      "05412971146680",
      "05412971946686"
    ],
    "topCategoryName": "Zuivel",
    "topCategoryId": "65",
    "businessDomain": "RETAIL_BE",
    "IsPrivateLabel": false,
    "IsBiffe": false,
    "WeightconversionFactor": "0",
    "IsWeightArticle": false,
    "nutriscoreLabel": "C",
    "IsBio": true,
    "CountryOfOrigin": "BELGIË",
    "IsExclusivelySoldInLuxembourg": false,
    "OrderUnit": "P",
    "ShortName": "PURN BIO VOL BOSB4X150G",
    "IsNew": false,
    "EcoscoreLabel": "A",
    "RecentQuanityOfStockUnits": "1",
    "LongName": "PUR NATUR yogh.vol bosb.bio glas 4x150g",
    "AlcoholVolume": "0",
    "FicCode": "E",
    "EcoscoreValue": "100"
  },
  {
    "productId": "731323",
    "technicalArticleNumber": "4489080",
    "commercialArticleNumber": "9759",
    "name": "pudding vanille",
    "description": "*Melkspecialiteit\nmet vanillesmaak,\nmet zoetstoffen",
    "brand": "LINDAHLS",
    "seoBrand": "Nestlé LINDAHLS",
    "thumbNail": "https://static.colruytgroup.com/images/200x200/std.lang.all/37/78/asset-3373778.jpg",
    "fullImage": "https://static.colruytgroup.com/images/500x500/std.lang.all/37/78/asset-3373778.jpg",
    "squareImage": "https://static.colruytgroup.com/images/500x500sq/std.lang.all/37/78/asset-3373778.jpg",
    "content": "150g",
    "walkRouteSequenceNumber": 5953,
    "price": {
      "basicPrice": 1.54,
      "recommendedQuantity": "1.0",
      "measurementUnitPrice": 10.27,
      "measurementUnit": "K",
      "isRedPrice": false,
      "pricePerUOM": 10.27,
      "activationDate": "28-02-2024",
      "recordSource": "Offline",
      "isPromoActive": "N",
      "priceChangeCode": "H"
    },
    "isAvailable": true,
    "isPriceAvailable": true,
    "inPromo": false,
    "gtin": [
      "03023290026540",
      "03023290026557"
    ],
    "topCategoryName": "Zuivel",
    "topCategoryId": "65",
    "businessDomain": "RETAIL_BE",
    "IsPrivateLabel": false,
    "IsBiffe": false,
    "WeightconversionFactor": "0",
    "IsWeightArticle": false,
    "nutriscoreLabel": "A",
    "IsBio": false,
    "CountryOfOrigin": "ZWEDEN",
    "IsExclusivelySoldInLuxembourg": false,
    "OrderUnit": "P",
    "ShortName": "LIND PUDDING VANIL.150G",
    "IsNew": false,
    "RecentQuanityOfStockUnits": "1,8",
    "LongName": "LINDAHLS pudding vanille 150g",
    "FicCode": "E"
  },
  {
    "productId": "436759",
    "technicalArticleNumber": "3991410",
    "commercialArticleNumber": "4191",
    "name": "TUB's mix",
    "description": "*Halfvol\n*Vetgehalte: 2,8 %\n*Met toegevoegde\nvitamines",
    "brand": "YOPLAIT PETITS FILOUS",
    "seoBrand": "Yoplait Petits Filous",
    "thumbNail": "https://static.colruytgroup.com/images/200x200/std.lang.all/34/50/asset-2703450.jpg",
    "fullImage": "https://static.colruytgroup.com/images/500x500/std.lang.all/34/50/asset-2703450.jpg",
    "squareImage": "https://static.colruytgroup.com/images/500x500sq/std.lang.all/34/50/asset-2703450.jpg",
    "content": "12x37g",
    "walkRouteSequenceNumber": 5892,
    "price": {
      "basicPrice": 3.81,
      "recommendedQuantity": "1.0",
      "measurementUnitPrice": 8.59,
      "measurementUnit": "K",
      "isRedPrice": false,
      "pricePerUOM": 8.59,
      "activationDate": "21-03-2024",
      "recordSource": "Folder",
      "isPromoActive": "N",
      "priceChangeCode": "L"
    },
    "isAvailable": true,
    "isPriceAvailable": true,
    "inPromo": false,
    "gtin": [
      "03329770062689",
      "03329771156196"
    ],
    "topCategoryName": "Zuivel",
    "topCategoryId": "65",
    "businessDomain": "RETAIL_BE",
    "IsPrivateLabel": false,
    "IsBiffe": false,
    "WeightconversionFactor": "0",
    "IsWeightArticle": false,
    "nutriscoreLabel": "B",
    "IsBio": false,
    "CountryOfOrigin": "FRANKRIJK",
    "IsExclusivelySoldInLuxembourg": false,
    "OrderUnit": "P",
    "ShortName": "YOPL PET FIL GEM.12X37G",
    "IsNew": false,
    "EcoscoreLabel": "B",
    "RecentQuanityOfStockUnits": "1",
    "LongName": "YOPLAIT PETITS FILOUS TUB's mix 12x37g",
    "FicCode": "E",
    "EcoscoreValue": "73"
  },
  {
    "productId": "21201",
    "technicalArticleNumber": "2218519",
    "commercialArticleNumber": "26802",
    "name": "verse kaas ananas",
    "description": "*Denemarken\n*Verse kaas\n*Mild, aromatisch\n*Met ananas",
    "brand": "CASTELLO",
    "seoBrand": "Castello",
    "thumbNail": "https://static.colruytgroup.com/images/200x200/std.lang.all/50/17/asset-395017.jpg",
    "fullImage": "https://static.colruytgroup.com/images/500x500/std.lang.all/50/17/asset-395017.jpg",
    "squareImage": "https://static.colruytgroup.com/images/500x500sq/std.lang.all/50/17/asset-395017.jpg",
    "content": "125g",
    "walkRouteSequenceNumber": 4896,
    "price": {
      "basicPrice": 2.85,
      "recommendedQuantity": "1.0",
      "measurementUnitPrice": 22.8,
      "measurementUnit": "K",
      "isRedPrice": false,
      "pricePerUOM": 22.8,
      "activationDate": "16-03-2024",
      "isPromoActive": "N",
      "priceChangeCode": "H"
    },
    "isAvailable": true,
    "isPriceAvailable": true,
    "inPromo": false,
    "gtin": [
      "05760466900164",
      "05760466872102"
    ],
    "topCategoryName": "Zuivel",
    "topCategoryId": "65",
    "businessDomain": "RETAIL_BE",
    "IsPrivateLabel": false,
    "IsBiffe": false,
    "WeightconversionFactor": "0",
    "IsWeightArticle": false,
    "nutriscoreLabel": "D",
    "IsBio": false,
    "CountryOfOrigin": "DENEMARKEN",
    "IsExclusivelySoldInLuxembourg": false,
    "OrderUnit": "P",
    "ShortName": "CASTELLO KAAS ANANAS125",
    "InSeason": true,
    "IsNew": false,
    "EcoscoreLabel": "A",
    "RecentQuanityOfStockUnits": "1",
    "LongName": "CASTELLO verse kaas ananas 125g",
    "AlcoholVolume": "0",
    "StartSeasonDate": "14/12/2012",
    "FicCode": "E",
    "EcoscoreValue": "85"
  },
  {
    "productId": "141316",
    "technicalArticleNumber": "3158714",
    "commercialArticleNumber": "1887",
    "name": "smeerkaas emmental",
    "description": "*Smeerkaas\n*Fruitig",
    "brand": "MAREDSOUS",
    "seoBrand": "Maredsous",
    "thumbNail": "https://static.colruytgroup.com/images/200x200/std.lang.all/45/93/asset-2714593.jpg",
    "fullImage": "https://static.colruytgroup.com/images/500x500/std.lang.all/45/93/asset-2714593.jpg",
    "squareImage": "https://static.colruytgroup.com/images/500x500sq/std.lang.all/45/93/asset-2714593.jpg",
    "content": "200g",
    "walkRouteSequenceNumber": 6125,
    "price": {
      "basicPrice": 4.25,
      "recommendedQuantity": "1.0",
      "measurementUnitPrice": 21.25,
      "measurementUnit": "K",
      "isRedPrice": false,
      "pricePerUOM": 21.25,
      "activationDate": "13-03-2024",
      "recordSource": "Offline",
      "isPromoActive": "N",
      "priceChangeCode": "H"
    },
    "isAvailable": true,
    "isPriceAvailable": true,
    "inPromo": false,
    "gtin": [
      "03073781182002",
      "03073781117387",
      "03073781117394",
      "03073781181999"
    ],
    "topCategoryName": "Zuivel",
    "topCategoryId": "65",
    "businessDomain": "RETAIL_BE",
    "IsPrivateLabel": false,
    "IsBiffe": false,
    "WeightconversionFactor": "0",
    "IsWeightArticle": false,
    "nutriscoreLabel": "D",
    "IsBio": false,
    "CountryOfOrigin": "SLOWAKIJE",
    "IsExclusivelySoldInLuxembourg": false,
    "OrderUnit": "P",
    "ShortName": "MDS EMMENTAL KUIPJE 200",
    "IsNew": false,
    "EcoscoreLabel": "D",
    "RecentQuanityOfStockUnits": "1",
    "LongName": "MAREDSOUS smeerkaas emmental 200g",
    "AlcoholVolume": "0",
    "FicCode": "E",
    "EcoscoreValue": "39"
  },
  {
    "productId": "379564",
    "technicalArticleNumber": "3848568",
    "commercialArticleNumber": "20773",
    "name": "perzik",
    "description": "*Plantaardig\nalternatief\nvoor yoghurt",
    "brand": "ALPRO",
    "seoBrand": "Alpro",
    "thumbNail": "https://static.colruytgroup.com/images/200x200/std.lang.all/38/32/asset-3373832.jpg",
    "fullImage": "https://static.colruytgroup.com/images/500x500/std.lang.all/38/32/asset-3373832.jpg",
    "squareImage": "https://static.colruytgroup.com/images/500x500sq/std.lang.all/38/32/asset-3373832.jpg",
    "content": "500g",
    "walkRouteSequenceNumber": 5845,
    "price": {
      "basicPrice": 2.99,
      "recommendedQuantity": "1.0",
      "measurementUnitPrice": 5.98,
      "measurementUnit": "K",
      "isRedPrice": false,
      "pricePerUOM": 5.98,
      "activationDate": "13-03-2024",
      "recordSource": "Offline",
      "isPromoActive": "N",
      "priceChangeCode": "H"
    },
    "isAvailable": true,
    "isPriceAvailable": true,
    "inPromo": false,
    "gtin": [
      "05411188513155",
      "05411188512271"
    ],
    "topCategoryName": "Zuivel",
    "topCategoryId": "65",
    "businessDomain": "RETAIL_BE",
    "IsPrivateLabel": false,
    "IsBiffe": false,
    "WeightconversionFactor": "0",
    "IsWeightArticle": false,
    "nutriscoreLabel": "B",
    "IsBio": false,
    "CountryOfOrigin": "BELGIË",
    "IsExclusivelySoldInLuxembourg": false,
    "OrderUnit": "P",
    "ShortName": "ALPR PBAY PERZIK 500G",
    "IsNew": false,
    "EcoscoreLabel": "A",
    "RecentQuanityOfStockUnits": "1,6",
    "LongName": "ALPRO perzik 500g",
    "AlcoholVolume": "0",
    "FicCode": "E",
    "EcoscoreValue": "87"
  },
  {
    "productId": "85195",
    "technicalArticleNumber": "2956168",
    "commercialArticleNumber": "6706",
    "name": "pudding chocolade",
    "brand": "BONI",
    "seoBrand": "Boni Selection",
    "thumbNail": "https://static.colruytgroup.com/images/200x200/std.lang.all/12/85/asset-2781285.jpg",
    "fullImage": "https://static.colruytgroup.com/images/500x500/std.lang.all/12/85/asset-2781285.jpg",
    "squareImage": "https://static.colruytgroup.com/images/500x500sq/std.lang.all/12/85/asset-2781285.jpg",
    "content": "6x140g",
    "walkRouteSequenceNumber": 5957,
    "price": {
      "basicPrice": 3.67,
      "recommendedQuantity": "1.0",
      "measurementUnitPrice": 4.37,
      "measurementUnit": "K",
      "isRedPrice": false,
      "pricePerUOM": 4.37,
      "activationDate": "02-02-2024",
      "recordSource": "Offline",
      "isPromoActive": "N",
      "priceChangeCode": "E"
    },
    "isAvailable": true,
    "isPriceAvailable": true,
    "inPromo": false,
    "gtin": [
      "05400141023206",
      "15400141414780",
      "05400141414783",
      "15400141300854",
      "05400141167191",
      "05400141300857"
    ],
    "topCategoryName": "Zuivel",
    "topCategoryId": "65",
    "businessDomain": "RETAIL_BE",
    "IsPrivateLabel": true,
    "IsBiffe": false,
    "WeightconversionFactor": "0",
    "IsWeightArticle": false,
    "nutriscoreLabel": "C",
    "IsBio": false,
    "CountryOfOrigin": "BELGIË",
    "IsExclusivelySoldInLuxembourg": false,
    "OrderUnit": "P",
    "ShortName": "BONI S PUDD CHOC 6X140G",
    "IsNew": false,
    "EcoscoreLabel": "A",
    "RecentQuanityOfStockUnits": "1,4",
    "LongName": "BONI pudding chocolade 6x140g",
    "AlcoholVolume": "0",
    "FicCode": "I",
    "EcoscoreValue": "100"
  },
  {
    "productId": "476012",
    "technicalArticleNumber": "3995377",
    "commercialArticleNumber": "4333",
    "name": "fruityoghurt",
    "description": "*Vol\n*Fruityoghurt\n*Ingrediënten van biologische afkomst",
    "brand": "BONI BIO",
    "seoBrand": "Boni Selection Bio",
    "thumbNail": "https://static.colruytgroup.com/images/200x200/std.lang.all/29/22/asset-3352922.jpg",
    "fullImage": "https://static.colruytgroup.com/images/500x500/std.lang.all/29/22/asset-3352922.jpg",
    "squareImage": "https://static.colruytgroup.com/images/500x500sq/std.lang.all/29/22/asset-3352922.jpg",
    "content": "8x125g",
    "walkRouteSequenceNumber": 5831,
    "price": {
      "basicPrice": 3.99,
      "recommendedQuantity": "1.0",
      "quantityPrice": 2.99,
      "quantityPriceQuantity": "2.0",
      "measurementUnitPrice": 3.99,
      "measurementUnitQuantityPrice": 2.99,
      "measurementUnit": "K",
      "isRedPrice": false,
      "pricePerUOM": 3.99,
      "activationDate": "13-03-2024",
      "recordSource": "Offline",
      "isPromoActive": "N",
      "priceChangeCode": "E",
      "quantityPricePerUOM": 2.99,
      "quantityActivationDate": "13-03-2024",
      "quantityPriceChangeCode": "E"
    },
    "isAvailable": true,
    "isPriceAvailable": true,
    "inPromo": false,
    "gtin": [
      "15400141650218",
      "15400141141204",
      "05400141141207",
      "05400141650211"
    ],
    "topCategoryName": "Zuivel",
    "topCategoryId": "65",
    "businessDomain": "RETAIL_BE",
    "IsPrivateLabel": true,
    "IsBiffe": false,
    "WeightconversionFactor": "0",
    "IsWeightArticle": false,
    "nutriscoreLabel": "C",
    "IsBio": true,
    "CountryOfOrigin": "FRANKRIJK",
    "IsExclusivelySoldInLuxembourg": false,
    "OrderUnit": "P",
    "ShortName": "B.S. BIO FRU.YOG.8X125G",
    "IsNew": false,
    "EcoscoreLabel": "A",
    "RecentQuanityOfStockUnits": "1",
    "LongName": "BONI BIO fruityoghurt 8x125g",
    "FicCode": "I",
    "EcoscoreValue": "100"
  },
  {
    "productId": "456082",
    "technicalArticleNumber": "4025498",
    "commercialArticleNumber": "5335",
    "name": "licht gerijpt kubus",
    "description": "*België\n*12 weken rijping\n*Pittige smaak\n*Smeuïg",
    "brand": "FLANDRIEN",
    "seoBrand": "FLANDRIEN",
    "thumbNail": "https://static.colruytgroup.com/images/200x200/std.lang.all/92/54/asset-2369254.jpg",
    "fullImage": "https://static.colruytgroup.com/images/500x500/std.lang.all/92/54/asset-2369254.jpg",
    "squareImage": "https://static.colruytgroup.com/images/500x500sq/std.lang.all/92/54/asset-2369254.jpg",
    "content": "200g",
    "walkRouteSequenceNumber": 5598,
    "price": {
      "basicPrice": 5.71,
      "recommendedQuantity": "1.0",
      "measurementUnitPrice": 28.55,
      "measurementUnit": "K",
      "isRedPrice": false,
      "pricePerUOM": 28.55,
      "activationDate": "02-11-2023",
      "isPromoActive": "N",
      "priceChangeCode": "E"
    },
    "isAvailable": true,
    "isPriceAvailable": true,
    "inPromo": true,
    "promotion": [
      {
        "techPromoId": "100862COLR",
        "promotionId": "100862",
        "promotionType": "3",
        "isPersonalized": "N",
        "publicationStartDate": "13-03-2024",
        "publicationEndDate": "26-03-2024"
      }
    ],
    "gtin": [
      "05400141344264",
      "05400141241075",
      "15400141344261"
    ],
    "topCategoryName": "Zuivel",
    "topCategoryId": "65",
    "businessDomain": "RETAIL_BE",
    "IsPrivateLabel": false,
    "IsBiffe": false,
    "WeightconversionFactor": "0",
    "IsWeightArticle": false,
    "nutriscoreLabel": "D",
    "IsBio": false,
    "CountryOfOrigin": "BELGIË",
    "IsExclusivelySoldInLuxembourg": false,
    "OrderUnit": "P",
    "ShortName": "FLAN LICH.GERIJ.KU.200G",
    "IsNew": false,
    "EcoscoreLabel": "D",
    "RecentQuanityOfStockUnits": "1",
    "LongName": "FLANDRIEN licht gerijpt kubus 200g",
    "FicCode": "I",
    "EcoscoreValue": "39"
  },
  {
    "productId": "29595",
    "technicalArticleNumber": "2216434",
    "commercialArticleNumber": "26790",
    "name": "Parmigiano Reg.30M blok",
    "description": "*Italië B.O.B.\n*Harde kaas\n*Fruitig, ziltig\n*30 maanden gerijpt",
    "brand": "PARMAREGGIO",
    "seoBrand": "Parmareggio",
    "thumbNail": "https://static.colruytgroup.com/images/200x200/std.lang.all/09/07/asset-340907.jpg",
    "fullImage": "https://static.colruytgroup.com/images/500x500/std.lang.all/09/07/asset-340907.jpg",
    "squareImage": "https://static.colruytgroup.com/images/500x500sq/std.lang.all/09/07/asset-340907.jpg",
    "content": "250g",
    "walkRouteSequenceNumber": 5612,
    "price": {
      "basicPrice": 12.99,
      "recommendedQuantity": "1.0",
      "measurementUnitPrice": 51.96,
      "measurementUnit": "K",
      "isRedPrice": false,
      "pricePerUOM": 51.96,
      "activationDate": "20-03-2024",
      "recordSource": "Offline",
      "isPromoActive": "N",
      "priceChangeCode": "H"
    },
    "isAvailable": true,
    "isPriceAvailable": true,
    "inPromo": false,
    "gtin": [
      "08010721142073",
      "08010721002216"
    ],
    "topCategoryName": "Zuivel",
    "topCategoryId": "65",
    "businessDomain": "RETAIL_BE",
    "IsPrivateLabel": false,
    "IsBiffe": false,
    "WeightconversionFactor": "0",
    "IsWeightArticle": false,
    "nutriscoreLabel": "D",
    "IsBio": false,
    "CountryOfOrigin": "ITALIË",
    "IsExclusivelySoldInLuxembourg": false,
    "OrderUnit": "P",
    "ShortName": "RE PARMI.REGG.30M.250GR",
    "IsNew": false,
    "EcoscoreLabel": "D",
    "RecentQuanityOfStockUnits": "1",
    "LongName": "PARMAREGGIO Parmigiano Reg.30M blok 250g",
    "AlcoholVolume": "0",
    "FicCode": "E",
    "EcoscoreValue": "38"
  },
  {
    "productId": "879756",
    "technicalArticleNumber": "4736470",
    "commercialArticleNumber": "32264",
    "name": "dessert proteïne chocolade",
    "brand": "ALPRO",
    "seoBrand": "Alpro",
    "thumbNail": "https://static.colruytgroup.com/images/200x200/std.lang.all/66/82/asset-3376682.jpg",
    "fullImage": "https://static.colruytgroup.com/images/500x500/std.lang.all/66/82/asset-3376682.jpg",
    "squareImage": "https://static.colruytgroup.com/images/500x500sq/std.lang.all/66/82/asset-3376682.jpg",
    "content": "200g",
    "walkRouteSequenceNumber": 5952,
    "price": {
      "basicPrice": 1.99,
      "recommendedQuantity": "1.0",
      "measurementUnitPrice": 9.95,
      "measurementUnit": "K",
      "isRedPrice": false,
      "pricePerUOM": 9.95,
      "activationDate": "07-03-2024",
      "recordSource": "Offline",
      "isPromoActive": "N",
      "priceChangeCode": "E"
    },
    "isAvailable": true,
    "isPriceAvailable": true,
    "inPromo": false,
    "gtin": [
      "05411188137764"
    ],
    "topCategoryName": "Zuivel",
    "topCategoryId": "65",
    "businessDomain": "RETAIL_BE",
    "IsPrivateLabel": false,
    "IsBiffe": false,
    "WeightconversionFactor": "0",
    "IsWeightArticle": false,
    "nutriscoreLabel": "A",
    "IsBio": false,
    "CountryOfOrigin": "BELGIË",
    "IsExclusivelySoldInLuxembourg": false,
    "OrderUnit": "P",
    "ShortName": "ALPR DES.PRO.CHOCO.200G",
    "IsNew": false,
    "EcoscoreLabel": "B",
    "RecentQuanityOfStockUnits": "1,6",
    "LongName": "ALPRO dessert proteïne chocolade 200g",
    "FicCode": "E",
    "EcoscoreValue": "76"
  },
  {
    "productId": "34567",
    "technicalArticleNumber": "1686765",
    "commercialArticleNumber": "32600",
    "name": "kaas zacht",
    "description": "*Frankrijk\n*Zachte kaas\n*Rode gewassen korst\n*Subtiel, typisch",
    "brand": "LE VIEUX PANÉ",
    "seoBrand": "Le Vieux Pané",
    "thumbNail": "https://static.colruytgroup.com/images/200x200/std.lang.all/90/06/asset-2079006.jpg",
    "fullImage": "https://static.colruytgroup.com/images/500x500/std.lang.all/90/06/asset-2079006.jpg",
    "squareImage": "https://static.colruytgroup.com/images/500x500sq/std.lang.all/90/06/asset-2079006.jpg",
    "content": "±300g",
    "walkRouteSequenceNumber": 5140,
    "price": {
      "basicPrice": 19.9,
      "recommendedQuantity": "0.2",
      "unit": "K",
      "measurementUnitPrice": 19.9,
      "measurementUnit": "K",
      "isRedPrice": false,
      "pricePerUOM": 19.9,
      "activationDate": "15-03-2024",
      "recordSource": "Offline",
      "isPromoActive": "N",
      "priceChangeCode": "L"
    },
    "isAvailable": true,
    "isPriceAvailable": true,
    "inPromo": false,
    "gtin": [
      "95400141326003",
      "95413362206757",
      "95413362345241",
      "05413362206709",
      "05400141334623",
      "05400141167849",
      "95413362345258",
      "05400141326000",
      "00326000000001"
    ],
    "topCategoryName": "Zuivel",
    "topCategoryId": "65",
    "businessDomain": "RETAIL_BE",
    "IsPrivateLabel": false,
    "IsBiffe": false,
    "WeightconversionFactor": "300",
    "IsWeightArticle": true,
    "nutriscoreLabel": "D",
    "IsBio": false,
    "CountryOfOrigin": "BELGIË",
    "IsExclusivelySoldInLuxembourg": false,
    "OrderUnit": "P",
    "ShortName": "LE VIEUX PANE +-300G GW",
    "IsNew": false,
    "RecentQuanityOfStockUnits": "1",
    "LongName": "LE VIEUX PANÉ kaas zacht ±300g",
    "AlcoholVolume": "0",
    "FicCode": "E"
  },
  {
    "productId": "456244",
    "technicalArticleNumber": "3963206",
    "commercialArticleNumber": "2489",
    "name": "gevulde brie bieslook",
    "description": "Oorspr.:Nederland\n*Roomkaas",
    "brand": "BONI",
    "seoBrand": "Boni Selection",
    "thumbNail": "https://static.colruytgroup.com/images/200x200/std.lang.all/95/66/asset-1659566.jpg",
    "fullImage": "https://static.colruytgroup.com/images/500x500/std.lang.all/95/66/asset-1659566.jpg",
    "squareImage": "https://static.colruytgroup.com/images/500x500sq/std.lang.all/95/66/asset-1659566.jpg",
    "content": "180g",
    "walkRouteSequenceNumber": 5177,
    "price": {
      "basicPrice": 2.77,
      "recommendedQuantity": "1.0",
      "measurementUnitPrice": 15.39,
      "measurementUnit": "K",
      "isRedPrice": false,
      "pricePerUOM": 15.39,
      "activationDate": "21-02-2024",
      "recordSource": "Offline",
      "isPromoActive": "N",
      "priceChangeCode": "H"
    },
    "isAvailable": true,
    "isPriceAvailable": true,
    "inPromo": false,
    "gtin": [
      "25400141066962",
      "05400141066968"
    ],
    "topCategoryName": "Zuivel",
    "topCategoryId": "65",
    "businessDomain": "RETAIL_BE",
    "IsPrivateLabel": true,
    "IsBiffe": false,
    "WeightconversionFactor": "0",
    "IsWeightArticle": false,
    "nutriscoreLabel": "C",
    "IsBio": false,
    "CountryOfOrigin": "NEDERLAND",
    "IsExclusivelySoldInLuxembourg": false,
    "OrderUnit": "P",
    "ShortName": "BONI GEV.BRIE BIES.180G",
    "IsNew": false,
    "EcoscoreLabel": "D",
    "RecentQuanityOfStockUnits": "1",
    "LongName": "BONI gevulde brie bieslook 180g",
    "FicCode": "I",
    "EcoscoreValue": "38"
  },
  {
    "productId": "859731",
    "technicalArticleNumber": "4710279",
    "commercialArticleNumber": "2658",
    "name": "yogh. stracc. 0%",
    "brand": "DANONE HIPRO",
    "seoBrand": "Danone Hipro",
    "thumbNail": "https://static.colruytgroup.com/images/200x200/std.lang.all/38/43/asset-3373843.jpg",
    "fullImage": "https://static.colruytgroup.com/images/500x500/std.lang.all/38/43/asset-3373843.jpg",
    "squareImage": "https://static.colruytgroup.com/images/500x500sq/std.lang.all/38/43/asset-3373843.jpg",
    "content": "2x160g",
    "walkRouteSequenceNumber": 5804,
    "price": {
      "basicPrice": 2.99,
      "recommendedQuantity": "1.0",
      "measurementUnitPrice": 9.35,
      "measurementUnit": "K",
      "isRedPrice": false,
      "pricePerUOM": 9.35,
      "activationDate": "13-03-2024",
      "isPromoActive": "Y",
      "priceChangeCode": "E"
    },
    "isAvailable": true,
    "isPriceAvailable": true,
    "inPromo": true,
    "promotion": [
      {
        "techPromoId": "100946COLR",
        "promotionId": "100946",
        "promotionType": "3",
        "isPersonalized": "N",
        "publicationStartDate": "13-03-2024",
        "publicationEndDate": "26-03-2024"
      }
    ],
    "gtin": [
      "03033491917066"
    ],
    "topCategoryName": "Zuivel",
    "topCategoryId": "65",
    "businessDomain": "RETAIL_BE",
    "IsPrivateLabel": false,
    "IsBiffe": false,
    "WeightconversionFactor": "0",
    "IsWeightArticle": false,
    "nutriscoreLabel": "A",
    "IsBio": false,
    "CountryOfOrigin": "FRANKRIJK",
    "IsExclusivelySoldInLuxembourg": false,
    "OrderUnit": "P",
    "ShortName": "HIPR YO.STRAC.0% 2X160G",
    "IsNew": false,
    "EcoscoreLabel": "C",
    "RecentQuanityOfStockUnits": "1",
    "LongName": "DANONE HIPRO yogh. stracc. 0% 2x160g",
    "FicCode": "E",
    "EcoscoreValue": "43"
  },
  {
    "productId": "14331",
    "technicalArticleNumber": "1631542",
    "commercialArticleNumber": "26250",
    "name": "roomdessert expresso",
    "brand": "DANETTE",
    "seoBrand": "Danone Danette",
    "thumbNail": "https://static.colruytgroup.com/images/200x200/std.lang.all/66/30/asset-3376630.jpg",
    "fullImage": "https://static.colruytgroup.com/images/500x500/std.lang.all/66/30/asset-3376630.jpg",
    "squareImage": "https://static.colruytgroup.com/images/500x500sq/std.lang.all/66/30/asset-3376630.jpg",
    "content": "4x125g",
    "walkRouteSequenceNumber": 5967,
    "price": {
      "basicPrice": 3.45,
      "recommendedQuantity": "1.0",
      "quantityPrice": 1.72,
      "quantityPriceQuantity": "2.0",
      "measurementUnitPrice": 6.9,
      "measurementUnitQuantityPrice": 3.44,
      "measurementUnit": "K",
      "isRedPrice": false,
      "pricePerUOM": 6.9,
      "activationDate": "13-03-2024",
      "recordSource": "Offline",
      "isPromoActive": "N",
      "priceChangeCode": "E",
      "quantityPricePerUOM": 3.44,
      "quantityActivationDate": "13-03-2024",
      "quantityPriceChangeCode": "L"
    },
    "isAvailable": true,
    "isPriceAvailable": true,
    "inPromo": false,
    "gtin": [
      "03033490306090",
      "05410146963742"
    ],
    "topCategoryName": "Zuivel",
    "topCategoryId": "65",
    "businessDomain": "RETAIL_BE",
    "IsPrivateLabel": false,
    "IsBiffe": false,
    "WeightconversionFactor": "0",
    "IsWeightArticle": false,
    "nutriscoreLabel": "C",
    "IsBio": false,
    "CountryOfOrigin": "FRANKRIJK",
    "IsExclusivelySoldInLuxembourg": false,
    "OrderUnit": "P",
    "ShortName": "DAN EXPRESSO 4X125G",
    "IsNew": false,
    "EcoscoreLabel": "A",
    "RecentQuanityOfStockUnits": "1",
    "LongName": "DANETTE roomdessert expresso 4x125g",
    "AlcoholVolume": "0",
    "FicCode": "E",
    "EcoscoreValue": "100"
  },
  {
    "productId": "508827",
    "technicalArticleNumber": "4083196",
    "commercialArticleNumber": "7750",
    "name": "Skyr Framboos",
    "description": "*Melkspecialiteit\nmet framboos\nen zoetstof,\n0% vet, verrijkt\nin calcium.",
    "brand": "VITALINEA",
    "seoBrand": "Vitalinea",
    "thumbNail": "https://static.colruytgroup.com/images/200x200/std.lang.all/10/36/asset-3441036.jpg",
    "fullImage": "https://static.colruytgroup.com/images/500x500/std.lang.all/10/36/asset-3441036.jpg",
    "squareImage": "https://static.colruytgroup.com/images/500x500sq/std.lang.all/10/36/asset-3441036.jpg",
    "content": "2x145g",
    "walkRouteSequenceNumber": 5807,
    "price": {
      "basicPrice": 3.19,
      "recommendedQuantity": "1.0",
      "measurementUnitPrice": 11,
      "measurementUnit": "K",
      "isRedPrice": false,
      "pricePerUOM": 11,
      "activationDate": "28-02-2024",
      "recordSource": "Offline",
      "isPromoActive": "N",
      "priceChangeCode": "E"
    },
    "isAvailable": true,
    "isPriceAvailable": true,
    "inPromo": false,
    "gtin": [
      "05410146418631",
      "15410146418638"
    ],
    "topCategoryName": "Zuivel",
    "topCategoryId": "65",
    "businessDomain": "RETAIL_BE",
    "IsPrivateLabel": false,
    "IsBiffe": false,
    "WeightconversionFactor": "0",
    "IsWeightArticle": false,
    "nutriscoreLabel": "A",
    "IsBio": false,
    "CountryOfOrigin": "FRANKRIJK",
    "IsExclusivelySoldInLuxembourg": false,
    "OrderUnit": "P",
    "ShortName": "VITA FRAM.SKYR 0%2X145",
    "IsNew": false,
    "EcoscoreLabel": "A",
    "RecentQuanityOfStockUnits": "1",
    "LongName": "VITALINEA Skyr Framboos 2x145g",
    "FicCode": "E",
    "EcoscoreValue": "100"
  },
  {
    "productId": "529395",
    "technicalArticleNumber": "4119061",
    "commercialArticleNumber": "8047",
    "name": "abdijkaas sn.Original",
    "description": "*België\n*Halfharde kaas\n*Vol, pittig, romig\nkaraktervol\n*Vegetarisch",
    "brand": "PERE JOSEPH",
    "seoBrand": "Père Joseph",
    "thumbNail": "https://static.colruytgroup.com/images/200x200/std.lang.all/54/17/asset-3365417.jpg",
    "fullImage": "https://static.colruytgroup.com/images/500x500/std.lang.all/54/17/asset-3365417.jpg",
    "squareImage": "https://static.colruytgroup.com/images/500x500sq/std.lang.all/54/17/asset-3365417.jpg",
    "content": "350g",
    "walkRouteSequenceNumber": 6203,
    "price": {
      "basicPrice": 5.98,
      "recommendedQuantity": "1.0",
      "measurementUnitPrice": 17.09,
      "measurementUnit": "K",
      "isRedPrice": false,
      "pricePerUOM": 17.09,
      "activationDate": "13-03-2024",
      "recordSource": "Folder",
      "isPromoActive": "Y",
      "priceChangeCode": "L"
    },
    "isAvailable": true,
    "isPriceAvailable": true,
    "inPromo": true,
    "promotion": [
      {
        "techPromoId": "100847COLR",
        "promotionId": "100847",
        "promotionType": "3",
        "isPersonalized": "N",
        "publicationStartDate": "13-03-2024",
        "publicationEndDate": "26-03-2024"
      }
    ],
    "gtin": [
      "05400141297928",
      "05400141353440",
      "05400141500820"
    ],
    "topCategoryName": "Zuivel",
    "topCategoryId": "65",
    "businessDomain": "RETAIL_BE",
    "IsPrivateLabel": false,
    "IsBiffe": false,
    "WeightconversionFactor": "0",
    "IsWeightArticle": false,
    "nutriscoreLabel": "D",
    "IsBio": false,
    "CountryOfOrigin": "BELGIË",
    "IsExclusivelySoldInLuxembourg": false,
    "OrderUnit": "P",
    "ShortName": "PERE JOSEPH SNED 350G",
    "IsNew": false,
    "RecentQuanityOfStockUnits": "1",
    "LongName": "PERE JOSEPH abdijkaas sn.Original 350g",
    "FicCode": "I"
  },
  {
    "productId": "146573",
    "technicalArticleNumber": "3322631",
    "commercialArticleNumber": "32486",
    "name": "yoghurt vol bosbes bio",
    "description": "*Vol\n*Met stukjes fruit",
    "brand": "PUR NATUR",
    "seoBrand": "Pur Natur",
    "thumbNail": "https://static.colruytgroup.com/images/200x200/std.lang.all/25/55/asset-1602555.jpg",
    "fullImage": "https://static.colruytgroup.com/images/500x500/std.lang.all/25/55/asset-1602555.jpg",
    "squareImage": "https://static.colruytgroup.com/images/500x500sq/std.lang.all/25/55/asset-1602555.jpg",
    "content": "700g",
    "walkRouteSequenceNumber": 5792,
    "price": {
      "basicPrice": 4.99,
      "recommendedQuantity": "1.0",
      "measurementUnitPrice": 7.13,
      "measurementUnit": "K",
      "isRedPrice": false,
      "pricePerUOM": 7.13,
      "activationDate": "21-03-2024",
      "recordSource": "Offline",
      "isPromoActive": "N",
      "priceChangeCode": "E"
    },
    "isAvailable": true,
    "isPriceAvailable": true,
    "inPromo": false,
    "gtin": [
      "05412971016464",
      "05412971916467"
    ],
    "topCategoryName": "Zuivel",
    "topCategoryId": "65",
    "businessDomain": "RETAIL_BE",
    "IsPrivateLabel": false,
    "IsBiffe": false,
    "WeightconversionFactor": "0",
    "IsWeightArticle": false,
    "nutriscoreLabel": "D",
    "IsBio": true,
    "CountryOfOrigin": "BELGIË",
    "IsExclusivelySoldInLuxembourg": false,
    "OrderUnit": "P",
    "ShortName": "PN BIO YOG BOSB 700GR",
    "IsNew": false,
    "EcoscoreLabel": "A",
    "RecentQuanityOfStockUnits": "1",
    "LongName": "PUR NATUR yoghurt vol bosbes bio 700g",
    "AlcoholVolume": "0",
    "FicCode": "E",
    "EcoscoreValue": "100"
  },
  {
    "productId": "18669",
    "technicalArticleNumber": "1770491",
    "commercialArticleNumber": "33780",
    "name": "authent. room vol-rom.",
    "description": "*Vetgehalte: 32 %\n*Romige toets in\nsoep, aardappelen en\nnagerechten/saus\ninkoken",
    "brand": "CARLSBOURG",
    "seoBrand": "Carlsbourg",
    "thumbNail": "https://static.colruytgroup.com/images/200x200/nl_be/63/67/asset-1616367.jpg",
    "fullImage": "https://static.colruytgroup.com/images/500x500/nl_be/63/67/asset-1616367.jpg",
    "squareImage": "https://static.colruytgroup.com/images/500x500sq/nl_be/63/67/asset-1616367.jpg",
    "content": "250ml",
    "walkRouteSequenceNumber": 6029,
    "price": {
      "basicPrice": 2.79,
      "recommendedQuantity": "1.0",
      "quantityPrice": 2.09,
      "quantityPriceQuantity": "2.0",
      "measurementUnitPrice": 11.16,
      "measurementUnitQuantityPrice": 8.36,
      "measurementUnit": "L",
      "isRedPrice": false,
      "pricePerUOM": 11.16,
      "activationDate": "12-03-2024",
      "recordSource": "Offline",
      "isPromoActive": "N",
      "priceChangeCode": "E",
      "quantityPricePerUOM": 8.36,
      "quantityActivationDate": "12-03-2024",
      "quantityPriceChangeCode": "L"
    },
    "isAvailable": true,
    "isPriceAvailable": true,
    "inPromo": false,
    "gtin": [
      "05411396038372",
      "05411396036200",
      "05411156001622",
      "05411156008164",
      "05411156006733",
      "05411156002254",
      "05411396036194"
    ],
    "topCategoryName": "Zuivel",
    "topCategoryId": "65",
    "businessDomain": "RETAIL_BE",
    "IsPrivateLabel": false,
    "IsBiffe": false,
    "WeightconversionFactor": "0",
    "IsWeightArticle": false,
    "nutriscoreLabel": "D",
    "IsBio": false,
    "CountryOfOrigin": "FRANKRIJK",
    "IsExclusivelySoldInLuxembourg": false,
    "OrderUnit": "P",
    "ShortName": "CARLSBOURG ROOM 25 CL",
    "InSeason": true,
    "IsNew": false,
    "RecentQuanityOfStockUnits": "1,2,12",
    "LongName": "CARLSBOURG authent. room vol-rom. 250ml",
    "AlcoholVolume": "0",
    "StartSeasonDate": "27/12/2021",
    "FicCode": "E"
  },
  {
    "productId": "64841",
    "technicalArticleNumber": "2737242",
    "commercialArticleNumber": "20880",
    "name": "slagroom 40%vg bokaal",
    "description": "* Vetgehalte: 40 %\n* Romige toets in soep, aardappelen\nen nagerechten / saus inkoken /\nslagroom",
    "brand": "BONI",
    "seoBrand": "Boni Selection",
    "thumbNail": "https://static.colruytgroup.com/images/200x200/std.lang.all/80/37/asset-3028037.jpg",
    "fullImage": "https://static.colruytgroup.com/images/500x500/std.lang.all/80/37/asset-3028037.jpg",
    "squareImage": "https://static.colruytgroup.com/images/500x500sq/std.lang.all/80/37/asset-3028037.jpg",
    "content": "25cl",
    "walkRouteSequenceNumber": 6023,
    "price": {
      "basicPrice": 3.09,
      "recommendedQuantity": "1.0",
      "measurementUnitPrice": 12.36,
      "measurementUnit": "L",
      "isRedPrice": false,
      "pricePerUOM": 12.36,
      "activationDate": "17-02-2024",
      "recordSource": "Offline",
      "isPromoActive": "N",
      "priceChangeCode": "E"
    },
    "isAvailable": true,
    "isPriceAvailable": true,
    "inPromo": false,
    "gtin": [
      "05400141044331",
      "15400141274797",
      "05400141274790",
      "05400141102291"
    ],
    "topCategoryName": "Zuivel",
    "topCategoryId": "65",
    "businessDomain": "RETAIL_BE",
    "IsPrivateLabel": true,
    "IsBiffe": false,
    "WeightconversionFactor": "0",
    "IsWeightArticle": false,
    "nutriscoreLabel": "D",
    "IsBio": false,
    "CountryOfOrigin": "BELGIË",
    "IsExclusivelySoldInLuxembourg": false,
    "OrderUnit": "P",
    "ShortName": "BONI ROOM 40 250ML",
    "IsNew": false,
    "EcoscoreLabel": "A",
    "RecentQuanityOfStockUnits": "1,12",
    "LongName": "BONI slagroom 40%vg bokaal 25cl",
    "AlcoholVolume": "0",
    "FicCode": "I",
    "EcoscoreValue": "82"
  },
  {
    "productId": "593352",
    "technicalArticleNumber": "4253089",
    "commercialArticleNumber": "21114",
    "name": "Greek yoghurt 0%",
    "description": "*Griekse\nroomyoghurt\n*0% Vet",
    "brand": "KRI KRI",
    "seoBrand": "Kri Kri",
    "thumbNail": "https://static.colruytgroup.com/images/200x200/std.lang.all/58/78/asset-2075878.jpg",
    "fullImage": "https://static.colruytgroup.com/images/500x500/std.lang.all/58/78/asset-2075878.jpg",
    "squareImage": "https://static.colruytgroup.com/images/500x500sq/std.lang.all/58/78/asset-2075878.jpg",
    "content": "500g",
    "walkRouteSequenceNumber": 5881,
    "price": {
      "basicPrice": 2.99,
      "recommendedQuantity": "1.0",
      "measurementUnitPrice": 5.98,
      "measurementUnit": "K",
      "isRedPrice": false,
      "pricePerUOM": 5.98,
      "activationDate": "15-11-2023",
      "isPromoActive": "N",
      "priceChangeCode": "L"
    },
    "isAvailable": true,
    "isPriceAvailable": true,
    "inPromo": false,
    "gtin": [
      "05202234620336",
      "05202234620312"
    ],
    "topCategoryName": "Zuivel",
    "topCategoryId": "65",
    "businessDomain": "RETAIL_BE",
    "IsPrivateLabel": false,
    "IsBiffe": false,
    "WeightconversionFactor": "0",
    "IsWeightArticle": false,
    "nutriscoreLabel": "A",
    "IsBio": false,
    "CountryOfOrigin": "GRIEKENLAND",
    "IsExclusivelySoldInLuxembourg": false,
    "OrderUnit": "P",
    "ShortName": "KRKR GREEK YOGH 0% 500G",
    "IsNew": false,
    "EcoscoreLabel": "A",
    "RecentQuanityOfStockUnits": "6,1",
    "LongName": "KRI KRI Greek yoghurt 0% 500g",
    "FicCode": "E",
    "EcoscoreValue": "89"
  },
  {
    "productId": "2191",
    "technicalArticleNumber": "26540",
    "commercialArticleNumber": "26540",
    "name": "kaas Classic",
    "description": "*Duitsland\n*Blauwgeaderde kaas\n*Witschimmelkorst\n*Gepasteuriseerde\nkoemelk",
    "brand": "CAMBOZOLA",
    "seoBrand": "Cambozola",
    "thumbNail": "https://static.colruytgroup.com/images/200x200/std.lang.all/23/67/asset-3342367.jpg",
    "fullImage": "https://static.colruytgroup.com/images/500x500/std.lang.all/23/67/asset-3342367.jpg",
    "squareImage": "https://static.colruytgroup.com/images/500x500sq/std.lang.all/23/67/asset-3342367.jpg",
    "content": "±185g",
    "walkRouteSequenceNumber": 5134,
    "price": {
      "basicPrice": 21.5,
      "recommendedQuantity": "0.2",
      "unit": "K",
      "measurementUnitPrice": 21.5,
      "measurementUnit": "K",
      "isRedPrice": false,
      "pricePerUOM": 21.5,
      "activationDate": "28-02-2024",
      "recordSource": "Offline",
      "isPromoActive": "N",
      "priceChangeCode": "L"
    },
    "isAvailable": true,
    "isPriceAvailable": true,
    "inPromo": false,
    "gtin": [
      "95400141474599",
      "95400141587862",
      "05400141474596",
      "95400141265401",
      "03760161340816",
      "05400141137484",
      "05400141017748"
    ],
    "topCategoryName": "Zuivel",
    "topCategoryId": "65",
    "businessDomain": "RETAIL_BE",
    "IsPrivateLabel": false,
    "IsBiffe": false,
    "WeightconversionFactor": "185",
    "IsWeightArticle": true,
    "nutriscoreLabel": "D",
    "IsBio": false,
    "CountryOfOrigin": "DUITSLAND",
    "IsExclusivelySoldInLuxembourg": false,
    "OrderUnit": "P",
    "ShortName": "CAMBOZOLA KAAS +-185GW",
    "IsNew": false,
    "EcoscoreLabel": "D",
    "RecentQuanityOfStockUnits": "1",
    "LongName": "CAMBOZOLA kaas Classic ±185g",
    "AlcoholVolume": "0",
    "FicCode": "I",
    "EcoscoreValue": "32"
  },
  {
    "productId": "64234",
    "technicalArticleNumber": "2736888",
    "commercialArticleNumber": "40627",
    "name": "crème brûlée glas",
    "brand": "BONI",
    "seoBrand": "Boni Selection",
    "thumbNail": "https://static.colruytgroup.com/images/200x200/std.lang.all/10/90/asset-3351090.jpg",
    "fullImage": "https://static.colruytgroup.com/images/500x500/std.lang.all/10/90/asset-3351090.jpg",
    "squareImage": "https://static.colruytgroup.com/images/500x500sq/std.lang.all/10/90/asset-3351090.jpg",
    "content": "2x100g",
    "walkRouteSequenceNumber": 5930,
    "price": {
      "basicPrice": 1.79,
      "recommendedQuantity": "1.0",
      "measurementUnitPrice": 8.95,
      "measurementUnit": "K",
      "isRedPrice": false,
      "pricePerUOM": 8.95,
      "activationDate": "14-02-2024",
      "recordSource": "Offline",
      "isPromoActive": "N",
      "priceChangeCode": "L"
    },
    "isAvailable": true,
    "isPriceAvailable": true,
    "inPromo": false,
    "gtin": [
      "05400141921809",
      "05400141298437",
      "15400141799405",
      "05400141415155",
      "15400141921806"
    ],
    "topCategoryName": "Zuivel",
    "topCategoryId": "65",
    "businessDomain": "RETAIL_BE",
    "IsPrivateLabel": true,
    "IsBiffe": false,
    "WeightconversionFactor": "0",
    "IsWeightArticle": false,
    "nutriscoreLabel": "D",
    "IsBio": false,
    "CountryOfOrigin": "FRANKRIJK",
    "IsExclusivelySoldInLuxembourg": false,
    "OrderUnit": "P",
    "ShortName": "BONI S CREME BRUL2X100G",
    "IsNew": false,
    "EcoscoreLabel": "A",
    "RecentQuanityOfStockUnits": "1",
    "LongName": "BONI crème brûlée glas 2x100g",
    "AlcoholVolume": "0",
    "FicCode": "I",
    "EcoscoreValue": "96"
  },
  {
    "productId": "2187",
    "technicalArticleNumber": "26534",
    "commercialArticleNumber": "26534",
    "name": "kaas blok",
    "description": "*België\n*Harde kaas\n*Zoet, notensmaak\n*O.b.v. gepast. melk\n*Korst niet eetbaar",
    "brand": "NAZARETH",
    "seoBrand": "Nazareth",
    "thumbNail": "https://static.colruytgroup.com/images/200x200/std.lang.all/50/41/asset-2245041.jpg",
    "fullImage": "https://static.colruytgroup.com/images/500x500/std.lang.all/50/41/asset-2245041.jpg",
    "squareImage": "https://static.colruytgroup.com/images/500x500sq/std.lang.all/50/41/asset-2245041.jpg",
    "content": "±425g",
    "walkRouteSequenceNumber": 5649,
    "price": {
      "basicPrice": 19.9,
      "recommendedQuantity": "0.4",
      "unit": "K",
      "measurementUnitPrice": 19.9,
      "measurementUnit": "K",
      "isRedPrice": false,
      "pricePerUOM": 19.9,
      "activationDate": "19-03-2024",
      "recordSource": "Offline",
      "isPromoActive": "N",
      "priceChangeCode": "E"
    },
    "isAvailable": true,
    "isPriceAvailable": true,
    "inPromo": false,
    "gtin": [
      "05400141058550",
      "05400141413335",
      "05400141719451",
      "95400141413338",
      "95400141719454",
      "95400141265340"
    ],
    "topCategoryName": "Zuivel",
    "topCategoryId": "65",
    "businessDomain": "RETAIL_BE",
    "IsPrivateLabel": false,
    "IsBiffe": false,
    "WeightconversionFactor": "425",
    "IsWeightArticle": true,
    "nutriscoreLabel": "D",
    "IsBio": false,
    "CountryOfOrigin": "BELGIË",
    "IsExclusivelySoldInLuxembourg": false,
    "OrderUnit": "P",
    "ShortName": "NAZARETH CLAS.BL+-425GW",
    "IsNew": false,
    "EcoscoreLabel": "C",
    "RecentQuanityOfStockUnits": "1",
    "LongName": "NAZARETH kaas blok ±425g",
    "AlcoholVolume": "0",
    "FicCode": "I",
    "EcoscoreValue": "45"
  },
  {
    "productId": "2065",
    "technicalArticleNumber": "26153",
    "commercialArticleNumber": "26153",
    "name": "yoghurt vol nat.bio glas",
    "description": "*Vol\n*Roeryoghurt",
    "brand": "PUR NATUR",
    "seoBrand": "Pur Natur",
    "thumbNail": "https://static.colruytgroup.com/images/200x200/std.lang.all/64/91/asset-1556491.jpg",
    "fullImage": "https://static.colruytgroup.com/images/500x500/std.lang.all/64/91/asset-1556491.jpg",
    "squareImage": "https://static.colruytgroup.com/images/500x500sq/std.lang.all/64/91/asset-1556491.jpg",
    "content": "500g",
    "walkRouteSequenceNumber": 5778,
    "price": {
      "basicPrice": 1.39,
      "recommendedQuantity": "1.0",
      "measurementUnitPrice": 2.78,
      "measurementUnit": "K",
      "isRedPrice": false,
      "pricePerUOM": 2.78,
      "activationDate": "21-03-2024",
      "recordSource": "Offline",
      "isPromoActive": "N",
      "priceChangeCode": "E"
    },
    "isAvailable": true,
    "isPriceAvailable": true,
    "inPromo": false,
    "gtin": [
      "15400141999874",
      "05412971116072"
    ],
    "topCategoryName": "Zuivel",
    "topCategoryId": "65",
    "businessDomain": "RETAIL_BE",
    "IsPrivateLabel": false,
    "IsBiffe": false,
    "WeightconversionFactor": "0",
    "IsWeightArticle": false,
    "nutriscoreLabel": "B",
    "IsBio": true,
    "CountryOfOrigin": "BELGIË",
    "IsExclusivelySoldInLuxembourg": false,
    "OrderUnit": "P",
    "ShortName": "PURNAT.BIO.YOGHOURT 500",
    "IsNew": false,
    "EcoscoreLabel": "A",
    "RecentQuanityOfStockUnits": "1",
    "LongName": "PUR NATUR yoghurt vol nat.bio glas 500g",
    "AlcoholVolume": "0",
    "FicCode": "E",
    "EcoscoreValue": "100"
  },
  {
    "productId": "1868",
    "technicalArticleNumber": "26216",
    "commercialArticleNumber": "26216",
    "name": "Petit Suisse 20%vg",
    "description": "*Halfvol\n*Vetgehalte: 3,6 %",
    "brand": "BONI",
    "seoBrand": "Boni Selection",
    "thumbNail": "https://static.colruytgroup.com/images/200x200/std.lang.all/18/15/asset-3031815.jpg",
    "fullImage": "https://static.colruytgroup.com/images/500x500/std.lang.all/18/15/asset-3031815.jpg",
    "squareImage": "https://static.colruytgroup.com/images/500x500sq/std.lang.all/18/15/asset-3031815.jpg",
    "content": "6x60g",
    "walkRouteSequenceNumber": 5706,
    "price": {
      "basicPrice": 0.99,
      "recommendedQuantity": "1.0",
      "measurementUnitPrice": 2.75,
      "measurementUnit": "K",
      "isRedPrice": false,
      "pricePerUOM": 2.75,
      "activationDate": "29-02-2024",
      "recordSource": "Offline",
      "isPromoActive": "N",
      "priceChangeCode": "L"
    },
    "isAvailable": true,
    "isPriceAvailable": true,
    "inPromo": false,
    "gtin": [
      "15400141989714",
      "05400141233926",
      "05400141238662",
      "05400141424966",
      "15400141233923"
    ],
    "topCategoryName": "Zuivel",
    "topCategoryId": "65",
    "businessDomain": "RETAIL_BE",
    "IsPrivateLabel": true,
    "IsBiffe": false,
    "WeightconversionFactor": "0",
    "IsWeightArticle": false,
    "nutriscoreLabel": "A",
    "IsBio": false,
    "CountryOfOrigin": "FRANKRIJK",
    "IsExclusivelySoldInLuxembourg": false,
    "OrderUnit": "P",
    "ShortName": "BONI S SUISSES 20 6X60G",
    "IsNew": false,
    "EcoscoreLabel": "A",
    "RecentQuanityOfStockUnits": "1",
    "LongName": "BONI Petit Suisse 20%vg 6x60g",
    "AlcoholVolume": "0",
    "FicCode": "I",
    "EcoscoreValue": "100"
  },
  {
    "productId": "577796",
    "technicalArticleNumber": "4227989",
    "commercialArticleNumber": "8004",
    "name": "grenadine yoghurt",
    "description": "*Gesuikerde volle\nyoghurt met\ngrenadinesmaak",
    "brand": "BONI",
    "seoBrand": "Boni Selection",
    "thumbNail": "https://static.colruytgroup.com/images/200x200/std.lang.all/06/20/asset-2210620.jpg",
    "fullImage": "https://static.colruytgroup.com/images/500x500/std.lang.all/06/20/asset-2210620.jpg",
    "squareImage": "https://static.colruytgroup.com/images/500x500sq/std.lang.all/06/20/asset-2210620.jpg",
    "content": "4x100g",
    "walkRouteSequenceNumber": 5771,
    "price": {
      "basicPrice": 1.1,
      "recommendedQuantity": "1.0",
      "measurementUnitPrice": 2.75,
      "measurementUnit": "K",
      "isRedPrice": false,
      "pricePerUOM": 2.75,
      "activationDate": "21-03-2024",
      "recordSource": "Offline",
      "isPromoActive": "N",
      "priceChangeCode": "L"
    },
    "isAvailable": true,
    "isPriceAvailable": true,
    "inPromo": false,
    "gtin": [
      "05400141640526",
      "05400141358339"
    ],
    "topCategoryName": "Zuivel",
    "topCategoryId": "65",
    "businessDomain": "RETAIL_BE",
    "IsPrivateLabel": true,
    "IsBiffe": false,
    "WeightconversionFactor": "0",
    "IsWeightArticle": false,
    "nutriscoreLabel": "C",
    "IsBio": false,
    "CountryOfOrigin": "FRANKRIJK",
    "IsExclusivelySoldInLuxembourg": false,
    "OrderUnit": "P",
    "ShortName": "BONI GRENAD.YOGHU4X100G",
    "IsNew": false,
    "EcoscoreLabel": "A",
    "RecentQuanityOfStockUnits": "1,6",
    "LongName": "BONI grenadine yoghurt 4x100g",
    "FicCode": "I",
    "EcoscoreValue": "100"
  },
  {
    "productId": "18067",
    "technicalArticleNumber": "1727307",
    "commercialArticleNumber": "33340",
    "name": "smeerkaas dubbelroom",
    "description": "*Smeerkaas\n*Smeuïg, romig",
    "brand": "MAREDSOUS",
    "seoBrand": "Maredsous",
    "thumbNail": "https://static.colruytgroup.com/images/200x200/std.lang.all/06/66/asset-2210666.jpg",
    "fullImage": "https://static.colruytgroup.com/images/500x500/std.lang.all/06/66/asset-2210666.jpg",
    "squareImage": "https://static.colruytgroup.com/images/500x500sq/std.lang.all/06/66/asset-2210666.jpg",
    "content": "250g",
    "walkRouteSequenceNumber": 6127,
    "price": {
      "basicPrice": 4.36,
      "recommendedQuantity": "1.0",
      "measurementUnitPrice": 17.44,
      "measurementUnit": "K",
      "isRedPrice": false,
      "pricePerUOM": 17.44,
      "activationDate": "13-03-2024",
      "recordSource": "Offline",
      "isPromoActive": "N",
      "priceChangeCode": "H"
    },
    "isAvailable": true,
    "isPriceAvailable": true,
    "inPromo": false,
    "gtin": [
      "03073780966733",
      "03073780959575",
      "03073780966665",
      "03073780959568",
      "03073780959551"
    ],
    "topCategoryName": "Zuivel",
    "topCategoryId": "65",
    "businessDomain": "RETAIL_BE",
    "IsPrivateLabel": false,
    "IsBiffe": false,
    "WeightconversionFactor": "0",
    "IsWeightArticle": false,
    "nutriscoreLabel": "E",
    "IsBio": false,
    "CountryOfOrigin": "SLOWAKIJE",
    "IsExclusivelySoldInLuxembourg": false,
    "OrderUnit": "P",
    "ShortName": "MDS DUBBELROOM KUIP250G",
    "IsNew": false,
    "EcoscoreLabel": "B",
    "RecentQuanityOfStockUnits": "1,4",
    "LongName": "MAREDSOUS smeerkaas dubbelroom 250g",
    "AlcoholVolume": "0",
    "FicCode": "E",
    "EcoscoreValue": "69"
  },
  {
    "productId": "111578",
    "technicalArticleNumber": "3043358",
    "commercialArticleNumber": "18304",
    "name": "Griekse yoghurt framb/braam",
    "description": "*Vol\n*Met gemixt fruit",
    "brand": "BONI",
    "seoBrand": "Boni Selection",
    "thumbNail": "https://static.colruytgroup.com/images/200x200/std.lang.all/13/78/asset-1461378.jpg",
    "fullImage": "https://static.colruytgroup.com/images/500x500/std.lang.all/13/78/asset-1461378.jpg",
    "squareImage": "https://static.colruytgroup.com/images/500x500sq/std.lang.all/13/78/asset-1461378.jpg",
    "content": "4x150g",
    "walkRouteSequenceNumber": 5913,
    "price": {
      "basicPrice": 2.59,
      "recommendedQuantity": "1.0",
      "measurementUnitPrice": 4.32,
      "measurementUnit": "K",
      "isRedPrice": false,
      "pricePerUOM": 4.32,
      "activationDate": "19-03-2024",
      "recordSource": "Offline",
      "isPromoActive": "N",
      "priceChangeCode": "E"
    },
    "isAvailable": true,
    "isPriceAvailable": true,
    "inPromo": false,
    "gtin": [
      "05400141910940",
      "15400141910947",
      "05400141059007",
      "05400141246087",
      "05400141415179",
      "05400141366372"
    ],
    "topCategoryName": "Zuivel",
    "topCategoryId": "65",
    "businessDomain": "RETAIL_BE",
    "IsPrivateLabel": true,
    "IsBiffe": false,
    "WeightconversionFactor": "0",
    "IsWeightArticle": false,
    "nutriscoreLabel": "C",
    "IsBio": false,
    "CountryOfOrigin": "FRANKRIJK",
    "IsExclusivelySoldInLuxembourg": false,
    "OrderUnit": "P",
    "ShortName": "BONI GRIEK RODE 4X150G",
    "IsNew": false,
    "EcoscoreLabel": "A",
    "RecentQuanityOfStockUnits": "1",
    "LongName": "BONI Griekse yoghurt framb/braam 4x150g",
    "AlcoholVolume": "0",
    "FicCode": "I",
    "EcoscoreValue": "88"
  },
  {
    "productId": "782910",
    "technicalArticleNumber": "4580610",
    "commercialArticleNumber": "5144",
    "name": "Parmigia.Regg.blok",
    "description": "*Parmigiano\nReggiano parmezan\nblok\n*Italië\n*Harde kaas",
    "brand": "COLLA MAE.FORM.",
    "seoBrand": "Colla Maestri Formaggiai",
    "thumbNail": "https://static.colruytgroup.com/images/200x200/std.lang.all/66/09/asset-2826609.jpg",
    "fullImage": "https://static.colruytgroup.com/images/500x500/std.lang.all/66/09/asset-2826609.jpg",
    "squareImage": "https://static.colruytgroup.com/images/500x500sq/std.lang.all/66/09/asset-2826609.jpg",
    "content": "±300g",
    "walkRouteSequenceNumber": 6161,
    "price": {
      "basicPrice": 20.9,
      "recommendedQuantity": "0.3",
      "unit": "K",
      "measurementUnitPrice": 20.9,
      "measurementUnit": "K",
      "isRedPrice": false,
      "pricePerUOM": 20.9,
      "activationDate": "12-03-2024",
      "isPromoActive": "N",
      "priceChangeCode": "H"
    },
    "isAvailable": true,
    "isPriceAvailable": true,
    "inPromo": false,
    "gtin": [
      "98010883004304",
      "08010883004271"
    ],
    "topCategoryName": "Zuivel",
    "topCategoryId": "65",
    "businessDomain": "RETAIL_BE",
    "IsPrivateLabel": false,
    "IsBiffe": false,
    "WeightconversionFactor": "300",
    "IsWeightArticle": true,
    "IsBio": false,
    "CountryOfOrigin": "ITALIË",
    "IsExclusivelySoldInLuxembourg": false,
    "OrderUnit": "P",
    "ShortName": "COLLA PAR.REG.BL300GW",
    "IsNew": false,
    "RecentQuanityOfStockUnits": "1",
    "LongName": "COLLA MAE.FORM. Parmigia.Regg.blok ±300g",
    "FicCode": "E"
  },
  {
    "productId": "214538",
    "technicalArticleNumber": "3478148",
    "commercialArticleNumber": "30823",
    "name": "soya 14%vg",
    "description": "*Plantaardig\n*Lactosevrij",
    "brand": "ALPRO",
    "seoBrand": "Alpro",
    "thumbNail": "https://static.colruytgroup.com/images/200x200/std.lang.all/67/58/asset-3386758.jpg",
    "fullImage": "https://static.colruytgroup.com/images/500x500/std.lang.all/67/58/asset-3386758.jpg",
    "squareImage": "https://static.colruytgroup.com/images/500x500sq/std.lang.all/67/58/asset-3386758.jpg",
    "content": "25cl",
    "walkRouteSequenceNumber": 5998,
    "price": {
      "basicPrice": 1.89,
      "recommendedQuantity": "2.0",
      "measurementUnitPrice": 7.56,
      "measurementUnit": "L",
      "isRedPrice": false,
      "pricePerUOM": 7.56,
      "activationDate": "01-03-2024",
      "recordSource": "Offline",
      "isPromoActive": "N",
      "priceChangeCode": "E"
    },
    "isAvailable": true,
    "isPriceAvailable": true,
    "inPromo": false,
    "gtin": [
      "05411188121657",
      "05411188121374",
      "05411188121640",
      "05411188123866"
    ],
    "topCategoryName": "Zuivel",
    "topCategoryId": "65",
    "businessDomain": "RETAIL_BE",
    "IsPrivateLabel": false,
    "IsBiffe": false,
    "WeightconversionFactor": "0",
    "IsWeightArticle": false,
    "nutriscoreLabel": "B",
    "IsBio": false,
    "CountryOfOrigin": "BELGIË",
    "IsExclusivelySoldInLuxembourg": false,
    "OrderUnit": "P",
    "ShortName": "ALPRO SOJA 14% 25C",
    "IsNew": false,
    "EcoscoreLabel": "A",
    "RecentQuanityOfStockUnits": "3,1",
    "LongName": "ALPRO soya 14%vg 25cl",
    "AlcoholVolume": "0",
    "FicCode": "E",
    "EcoscoreValue": "88"
  },
  {
    "productId": "526221",
    "technicalArticleNumber": "4113753",
    "commercialArticleNumber": "8901",
    "name": "Zure Room 15% vet",
    "description": "*Zure room\n15% V.G",
    "brand": "BONI",
    "seoBrand": "Boni Selection",
    "thumbNail": "https://static.colruytgroup.com/images/200x200/std.lang.all/67/03/asset-2766703.jpg",
    "fullImage": "https://static.colruytgroup.com/images/500x500/std.lang.all/67/03/asset-2766703.jpg",
    "squareImage": "https://static.colruytgroup.com/images/500x500sq/std.lang.all/67/03/asset-2766703.jpg",
    "content": "20cl",
    "walkRouteSequenceNumber": 6021,
    "price": {
      "basicPrice": 0.99,
      "recommendedQuantity": "1.0",
      "measurementUnitPrice": 4.95,
      "measurementUnit": "L",
      "isRedPrice": false,
      "pricePerUOM": 4.95,
      "activationDate": "11-03-2024",
      "recordSource": "Offline",
      "isPromoActive": "N",
      "priceChangeCode": "E"
    },
    "isAvailable": true,
    "isPriceAvailable": true,
    "inPromo": false,
    "gtin": [
      "05400141922639",
      "05400141293647",
      "15400141922636",
      "15400141293644"
    ],
    "topCategoryName": "Zuivel",
    "topCategoryId": "65",
    "businessDomain": "RETAIL_BE",
    "IsPrivateLabel": true,
    "IsBiffe": false,
    "WeightconversionFactor": "0",
    "IsWeightArticle": false,
    "nutriscoreLabel": "D",
    "IsBio": false,
    "CountryOfOrigin": "FRANKRIJK",
    "IsExclusivelySoldInLuxembourg": false,
    "OrderUnit": "P",
    "ShortName": "BONI ZURE ROOM 15% 20CL",
    "IsNew": false,
    "EcoscoreLabel": "A",
    "RecentQuanityOfStockUnits": "1",
    "LongName": "BONI Zure Room 15% vet 20cl",
    "FicCode": "I",
    "EcoscoreValue": "93"
  },
  {
    "productId": "134042",
    "technicalArticleNumber": "3165055",
    "commercialArticleNumber": "16266",
    "name": "margarine smeren vlootje",
    "description": "*Smeren\n*Vetgehalte: 59 %",
    "brand": "EVERYDAY",
    "seoBrand": "Everyday",
    "thumbNail": "https://static.colruytgroup.com/images/200x200/std.lang.all/78/86/asset-557886.jpg",
    "fullImage": "https://static.colruytgroup.com/images/500x500/std.lang.all/78/86/asset-557886.jpg",
    "squareImage": "https://static.colruytgroup.com/images/500x500sq/std.lang.all/78/86/asset-557886.jpg",
    "content": "500g",
    "walkRouteSequenceNumber": 6088,
    "price": {
      "basicPrice": 0.95,
      "recommendedQuantity": "1.0",
      "measurementUnitPrice": 1.9,
      "measurementUnit": "K",
      "isRedPrice": false,
      "pricePerUOM": 1.9,
      "activationDate": "19-03-2024",
      "recordSource": "Offline",
      "isPromoActive": "N",
      "priceChangeCode": "L"
    },
    "isAvailable": true,
    "isPriceAvailable": true,
    "inPromo": false,
    "gtin": [
      "15400141957812",
      "05400141103267"
    ],
    "topCategoryName": "Zuivel",
    "topCategoryId": "65",
    "businessDomain": "RETAIL_BE",
    "IsPrivateLabel": true,
    "IsBiffe": false,
    "WeightconversionFactor": "0",
    "IsWeightArticle": false,
    "nutriscoreLabel": "C",
    "IsBio": false,
    "CountryOfOrigin": "BELGIË",
    "IsExclusivelySoldInLuxembourg": false,
    "OrderUnit": "P",
    "ShortName": "EVD BROODSME. 59PC 500G",
    "IsNew": false,
    "EcoscoreLabel": "B",
    "RecentQuanityOfStockUnits": "1,8",
    "LongName": "EVERYDAY margarine smeren vlootje 500g",
    "AlcoholVolume": "0",
    "FicCode": "I",
    "EcoscoreValue": "61"
  },
  {
    "productId": "1886",
    "technicalArticleNumber": "26457",
    "commercialArticleNumber": "26457",
    "name": "rijstpap vanille",
    "brand": "EVERYDAY",
    "seoBrand": "Everyday",
    "thumbNail": "https://static.colruytgroup.com/images/200x200/std.lang.all/14/47/asset-2361447.jpg",
    "fullImage": "https://static.colruytgroup.com/images/500x500/std.lang.all/14/47/asset-2361447.jpg",
    "squareImage": "https://static.colruytgroup.com/images/500x500sq/std.lang.all/14/47/asset-2361447.jpg",
    "content": "200g",
    "walkRouteSequenceNumber": 5982,
    "price": {
      "basicPrice": 0.35,
      "recommendedQuantity": "1.0",
      "measurementUnitPrice": 1.75,
      "measurementUnit": "K",
      "isRedPrice": false,
      "pricePerUOM": 1.75,
      "activationDate": "14-11-2023",
      "recordSource": "Offline",
      "isPromoActive": "N",
      "priceChangeCode": "E"
    },
    "isAvailable": true,
    "isPriceAvailable": true,
    "inPromo": false,
    "gtin": [
      "15400141996545",
      "05400141996548",
      "15400141077039",
      "05400141077032",
      "05400141164572"
    ],
    "topCategoryName": "Zuivel",
    "topCategoryId": "65",
    "businessDomain": "RETAIL_BE",
    "IsPrivateLabel": true,
    "IsBiffe": false,
    "WeightconversionFactor": "0",
    "IsWeightArticle": false,
    "nutriscoreLabel": "C",
    "IsBio": false,
    "CountryOfOrigin": "POLEN",
    "IsExclusivelySoldInLuxembourg": false,
    "OrderUnit": "P",
    "ShortName": "EVD RIJSTPAP 200G",
    "IsNew": false,
    "EcoscoreLabel": "B",
    "RecentQuanityOfStockUnits": "12,1",
    "LongName": "EVERYDAY rijstpap vanille 200g",
    "AlcoholVolume": "0",
    "FicCode": "I",
    "EcoscoreValue": "63"
  },
  {
    "productId": "2158",
    "technicalArticleNumber": "26921",
    "commercialArticleNumber": "26921",
    "name": "kaas Comté blok",
    "description": "*Frankrijk B.O.B.\n*Halfharde kaas\n*Fruitig\n*6 maanden gerijpt\n*rauwe koemelk",
    "brand": "BONI",
    "seoBrand": "Boni Selection",
    "thumbNail": "https://static.colruytgroup.com/images/200x200/std.lang.all/92/47/asset-3349247.jpg",
    "fullImage": "https://static.colruytgroup.com/images/500x500/std.lang.all/92/47/asset-3349247.jpg",
    "squareImage": "https://static.colruytgroup.com/images/500x500sq/std.lang.all/92/47/asset-3349247.jpg",
    "content": "±400g",
    "walkRouteSequenceNumber": 5661,
    "price": {
      "basicPrice": 13.98,
      "recommendedQuantity": "0.4",
      "unit": "K",
      "measurementUnitPrice": 13.98,
      "measurementUnit": "K",
      "isRedPrice": false,
      "pricePerUOM": 13.98,
      "activationDate": "18-03-2024",
      "recordSource": "Offline",
      "isPromoActive": "N",
      "priceChangeCode": "E"
    },
    "isAvailable": true,
    "isPriceAvailable": true,
    "inPromo": false,
    "gtin": [
      "95400141000026",
      "95400141269218",
      "95400141144164",
      "05400141005899",
      "05400141144161",
      "95400141269232",
      "05400141035612",
      "95400141011794"
    ],
    "topCategoryName": "Zuivel",
    "topCategoryId": "65",
    "businessDomain": "RETAIL_BE",
    "IsPrivateLabel": true,
    "IsBiffe": false,
    "WeightconversionFactor": "400",
    "IsWeightArticle": true,
    "nutriscoreLabel": "C",
    "IsBio": false,
    "CountryOfOrigin": "FRANKRIJK",
    "IsExclusivelySoldInLuxembourg": false,
    "OrderUnit": "P",
    "ShortName": "BONI COMTE 6M +-400GW",
    "IsNew": false,
    "EcoscoreLabel": "D",
    "RecentQuanityOfStockUnits": "1,1",
    "LongName": "BONI kaas Comté blok ±400g",
    "AlcoholVolume": "0",
    "FicCode": "I",
    "EcoscoreValue": "32"
  },
  {
    "productId": "1881",
    "technicalArticleNumber": "26442",
    "commercialArticleNumber": "26442",
    "name": "dessert liégeois chocolade",
    "brand": "EVERYDAY",
    "seoBrand": "Everyday",
    "thumbNail": "https://static.colruytgroup.com/images/200x200/std.lang.all/84/47/asset-1198447.jpg",
    "fullImage": "https://static.colruytgroup.com/images/500x500/std.lang.all/84/47/asset-1198447.jpg",
    "squareImage": "https://static.colruytgroup.com/images/500x500sq/std.lang.all/84/47/asset-1198447.jpg",
    "content": "200g",
    "walkRouteSequenceNumber": 5945,
    "price": {
      "basicPrice": 0.29,
      "recommendedQuantity": "1.0",
      "measurementUnitPrice": 1.45,
      "measurementUnit": "K",
      "isRedPrice": false,
      "pricePerUOM": 1.45,
      "activationDate": "14-11-2023",
      "recordSource": "Offline",
      "isPromoActive": "N",
      "priceChangeCode": "E"
    },
    "isAvailable": true,
    "isPriceAvailable": true,
    "inPromo": false,
    "gtin": [
      "00000040365671",
      "05400141006339",
      "05400141058963",
      "05400141352917",
      "15400141006336",
      "15400141264422",
      "15400141352914",
      "05400141515275"
    ],
    "topCategoryName": "Zuivel",
    "topCategoryId": "65",
    "businessDomain": "RETAIL_BE",
    "IsPrivateLabel": true,
    "IsBiffe": false,
    "WeightconversionFactor": "0",
    "IsWeightArticle": false,
    "nutriscoreLabel": "C",
    "IsBio": false,
    "CountryOfOrigin": "DUITSLAND",
    "IsExclusivelySoldInLuxembourg": false,
    "OrderUnit": "P",
    "ShortName": "EVERYDAY LIEG 200G",
    "IsNew": false,
    "EcoscoreLabel": "A",
    "RecentQuanityOfStockUnits": "24,1",
    "LongName": "EVERYDAY dessert liégeois chocolade 200g",
    "AlcoholVolume": "0",
    "FicCode": "I",
    "EcoscoreValue": "89"
  },
  {
    "productId": "531300",
    "technicalArticleNumber": "4122445",
    "commercialArticleNumber": "9087",
    "name": "gouda belegen sneetjes",
    "description": "*Nederland\n*Halfharde kaas\n*Met natuurkorst\n*Belegen\n4 maanden gerijpt",
    "brand": "EVERYDAY",
    "seoBrand": "Everyday",
    "thumbNail": "https://static.colruytgroup.com/images/200x200/std.lang.all/59/14/asset-2945914.jpg",
    "fullImage": "https://static.colruytgroup.com/images/500x500/std.lang.all/59/14/asset-2945914.jpg",
    "squareImage": "https://static.colruytgroup.com/images/500x500sq/std.lang.all/59/14/asset-2945914.jpg",
    "content": "500g",
    "walkRouteSequenceNumber": 6183,
    "price": {
      "basicPrice": 4.98,
      "recommendedQuantity": "1.0",
      "measurementUnitPrice": 9.96,
      "measurementUnit": "K",
      "isRedPrice": false,
      "pricePerUOM": 9.96,
      "activationDate": "06-01-2024",
      "recordSource": "Offline",
      "isPromoActive": "N",
      "priceChangeCode": "L"
    },
    "isAvailable": true,
    "isPriceAvailable": true,
    "inPromo": false,
    "gtin": [
      "05400141298543",
      "05400141960594",
      "05400141589245"
    ],
    "topCategoryName": "Zuivel",
    "topCategoryId": "65",
    "businessDomain": "RETAIL_BE",
    "IsPrivateLabel": true,
    "IsBiffe": false,
    "WeightconversionFactor": "0",
    "IsWeightArticle": false,
    "nutriscoreLabel": "C",
    "IsBio": false,
    "CountryOfOrigin": "BELGIË",
    "IsExclusivelySoldInLuxembourg": false,
    "OrderUnit": "P",
    "ShortName": "EVD GOUDA BEL SN 500G",
    "InSeason": true,
    "IsNew": false,
    "EcoscoreLabel": "C",
    "RecentQuanityOfStockUnits": "1",
    "LongName": "EVERYDAY gouda belegen sneetjes 500g",
    "StartSeasonDate": "19/02/2021",
    "FicCode": "I",
    "EcoscoreValue": "59"
  },
  {
    "productId": "571530",
    "technicalArticleNumber": "4217195",
    "commercialArticleNumber": "12533",
    "name": "griekse yoghurt 2%",
    "description": "*smeuige roeryoghurt",
    "brand": "BONI",
    "seoBrand": "Boni Selection",
    "thumbNail": "https://static.colruytgroup.com/images/200x200/std.lang.all/87/97/asset-3208797.jpg",
    "fullImage": "https://static.colruytgroup.com/images/500x500/std.lang.all/87/97/asset-3208797.jpg",
    "squareImage": "https://static.colruytgroup.com/images/500x500sq/std.lang.all/87/97/asset-3208797.jpg",
    "content": "1kg",
    "walkRouteSequenceNumber": 5894,
    "price": {
      "basicPrice": 2.49,
      "recommendedQuantity": "1.0",
      "measurementUnitPrice": 2.49,
      "measurementUnit": "K",
      "isRedPrice": false,
      "pricePerUOM": 2.49,
      "activationDate": "05-07-2023",
      "recordSource": "Offline",
      "isPromoActive": "N",
      "priceChangeCode": "H"
    },
    "isAvailable": true,
    "isPriceAvailable": true,
    "inPromo": false,
    "gtin": [
      "05400141352900",
      "15400141352907"
    ],
    "topCategoryName": "Zuivel",
    "topCategoryId": "65",
    "businessDomain": "RETAIL_BE",
    "IsPrivateLabel": true,
    "IsBiffe": false,
    "WeightconversionFactor": "0",
    "IsWeightArticle": false,
    "nutriscoreLabel": "B",
    "IsBio": false,
    "CountryOfOrigin": "NEDERLAND",
    "IsExclusivelySoldInLuxembourg": false,
    "OrderUnit": "P",
    "ShortName": "BONI GRIEK.YOGH 2% 1KG",
    "IsNew": false,
    "EcoscoreLabel": "A",
    "RecentQuanityOfStockUnits": "1,6",
    "LongName": "BONI griekse yoghurt 2% 1kg",
    "FicCode": "I",
    "EcoscoreValue": "98"
  },
  {
    "productId": "1860",
    "technicalArticleNumber": "26168",
    "commercialArticleNumber": "26168",
    "name": "yoghurt vol Brik",
    "description": "*Vol\n*Roeryoghurt",
    "brand": "EVERYDAY",
    "seoBrand": "Everyday",
    "thumbNail": "https://static.colruytgroup.com/images/200x200/std.lang.all/10/81/asset-521081.jpg",
    "fullImage": "https://static.colruytgroup.com/images/500x500/std.lang.all/10/81/asset-521081.jpg",
    "squareImage": "https://static.colruytgroup.com/images/500x500sq/std.lang.all/10/81/asset-521081.jpg",
    "content": "1L",
    "walkRouteSequenceNumber": 5716,
    "price": {
      "basicPrice": 1.19,
      "recommendedQuantity": "1.0",
      "measurementUnitPrice": 1.19,
      "measurementUnit": "L",
      "isRedPrice": false,
      "pricePerUOM": 1.19,
      "activationDate": "14-11-2023",
      "recordSource": "Offline",
      "isPromoActive": "N",
      "priceChangeCode": "E"
    },
    "isAvailable": true,
    "isPriceAvailable": true,
    "inPromo": false,
    "gtin": [
      "05400141167726",
      "05400141461688",
      "15400141285052",
      "05400141927603"
    ],
    "topCategoryName": "Zuivel",
    "topCategoryId": "65",
    "businessDomain": "RETAIL_BE",
    "IsPrivateLabel": true,
    "IsBiffe": false,
    "WeightconversionFactor": "0",
    "IsWeightArticle": false,
    "nutriscoreLabel": "B",
    "IsBio": false,
    "CountryOfOrigin": "BELGIË",
    "IsExclusivelySoldInLuxembourg": false,
    "OrderUnit": "P",
    "ShortName": "EVD VOL YOGH 1L",
    "IsNew": false,
    "EcoscoreLabel": "A",
    "RecentQuanityOfStockUnits": "6,1",
    "LongName": "EVERYDAY yoghurt vol Brik 1L",
    "AlcoholVolume": "0",
    "FicCode": "I",
    "EcoscoreValue": "100"
  },
  {
    "productId": "882292",
    "technicalArticleNumber": "4740116",
    "commercialArticleNumber": "8936",
    "name": "Bakken braden plantaardig 79%",
    "description": "*Bakken en braden\n*Vetgehalte: 79 %\n*Plantaardig\n*Alu",
    "brand": "SOLO",
    "seoBrand": "Solo",
    "thumbNail": "https://static.colruytgroup.com/images/200x200/std.lang.all/90/93/asset-3239093.jpg",
    "fullImage": "https://static.colruytgroup.com/images/500x500/std.lang.all/90/93/asset-3239093.jpg",
    "squareImage": "https://static.colruytgroup.com/images/500x500sq/std.lang.all/90/93/asset-3239093.jpg",
    "content": "1kg",
    "walkRouteSequenceNumber": 6011,
    "price": {
      "basicPrice": 5.29,
      "recommendedQuantity": "1.0",
      "measurementUnitPrice": 5.29,
      "measurementUnit": "K",
      "isRedPrice": false,
      "pricePerUOM": 5.29,
      "activationDate": "08-03-2024",
      "recordSource": "Offline",
      "isPromoActive": "N",
      "priceChangeCode": "H"
    },
    "isAvailable": true,
    "isPriceAvailable": true,
    "inPromo": false,
    "gtin": [
      "08719200262560",
      "08719200262577"
    ],
    "topCategoryName": "Zuivel",
    "topCategoryId": "65",
    "businessDomain": "RETAIL_BE",
    "IsPrivateLabel": false,
    "IsBiffe": false,
    "WeightconversionFactor": "0",
    "IsWeightArticle": false,
    "nutriscoreLabel": "E",
    "IsBio": false,
    "CountryOfOrigin": "ZWEDEN",
    "IsExclusivelySoldInLuxembourg": false,
    "OrderUnit": "P",
    "ShortName": "SOLO BAKKEN PLANT 1KG",
    "IsNew": false,
    "EcoscoreLabel": "C",
    "RecentQuanityOfStockUnits": "10,1",
    "LongName": "SOLO Bakken braden plantaardig 79% 1kg",
    "FicCode": "E",
    "EcoscoreValue": "46"
  },
  {
    "productId": "429384",
    "technicalArticleNumber": "3960397",
    "commercialArticleNumber": "1890",
    "name": "dubbele room",
    "description": "Oorspr.: Frankrijk\nGepasteuriseerde\nkoemelk\n*Romig",
    "brand": "EVERYDAY",
    "seoBrand": "Everyday",
    "thumbNail": "https://static.colruytgroup.com/images/200x200/std.lang.all/55/16/asset-1695516.jpg",
    "fullImage": "https://static.colruytgroup.com/images/500x500/std.lang.all/55/16/asset-1695516.jpg",
    "squareImage": "https://static.colruytgroup.com/images/500x500sq/std.lang.all/55/16/asset-1695516.jpg",
    "content": "200g",
    "walkRouteSequenceNumber": 4923,
    "price": {
      "basicPrice": 1.66,
      "recommendedQuantity": "1.0",
      "measurementUnitPrice": 8.3,
      "measurementUnit": "K",
      "isRedPrice": false,
      "pricePerUOM": 8.3,
      "activationDate": "20-02-2024",
      "recordSource": "Offline",
      "isPromoActive": "N",
      "priceChangeCode": "E"
    },
    "isAvailable": true,
    "isPriceAvailable": true,
    "inPromo": false,
    "gtin": [
      "15400141585060",
      "05400141585063",
      "05400141063516",
      "15400141063513"
    ],
    "topCategoryName": "Zuivel",
    "topCategoryId": "65",
    "businessDomain": "RETAIL_BE",
    "IsPrivateLabel": true,
    "IsBiffe": false,
    "WeightconversionFactor": "0",
    "IsWeightArticle": false,
    "nutriscoreLabel": "C",
    "IsBio": false,
    "CountryOfOrigin": "FRANKRIJK",
    "IsExclusivelySoldInLuxembourg": false,
    "OrderUnit": "P",
    "ShortName": "EVD DUBBELE ROOM 200G",
    "IsNew": false,
    "EcoscoreLabel": "C",
    "RecentQuanityOfStockUnits": "1,12",
    "LongName": "EVERYDAY dubbele room 200g",
    "FicCode": "I",
    "EcoscoreValue": "46"
  },
  {
    "productId": "782899",
    "technicalArticleNumber": "4580599",
    "commercialArticleNumber": "4682",
    "name": "Parmigia.Regg.poed.",
    "description": "*Parmigiano\nReggiano poeder\n*Italië\n*Geraspte kaas",
    "brand": "COLLA MAE.FORM.",
    "seoBrand": "Colla Maestri Formaggiai",
    "thumbNail": "https://static.colruytgroup.com/images/200x200/std.lang.all/66/07/asset-2826607.jpg",
    "fullImage": "https://static.colruytgroup.com/images/500x500/std.lang.all/66/07/asset-2826607.jpg",
    "squareImage": "https://static.colruytgroup.com/images/500x500sq/std.lang.all/66/07/asset-2826607.jpg",
    "content": "100g",
    "walkRouteSequenceNumber": 5620,
    "price": {
      "basicPrice": 2.19,
      "recommendedQuantity": "1.0",
      "measurementUnitPrice": 21.9,
      "measurementUnit": "K",
      "isRedPrice": false,
      "pricePerUOM": 21.9,
      "activationDate": "27-02-2024",
      "recordSource": "Offline",
      "isPromoActive": "N",
      "priceChangeCode": "E"
    },
    "isAvailable": true,
    "isPriceAvailable": true,
    "inPromo": false,
    "gtin": [
      "18010883001789",
      "08010883001782"
    ],
    "topCategoryName": "Zuivel",
    "topCategoryId": "65",
    "businessDomain": "RETAIL_BE",
    "IsPrivateLabel": false,
    "IsBiffe": false,
    "WeightconversionFactor": "0",
    "IsWeightArticle": false,
    "IsBio": false,
    "CountryOfOrigin": "ITALIË",
    "IsExclusivelySoldInLuxembourg": false,
    "OrderUnit": "P",
    "ShortName": "COLLA PARM.REG.POE100",
    "IsNew": false,
    "RecentQuanityOfStockUnits": "1,50",
    "LongName": "COLLA MAE.FORM. Parmigia.Regg.poed. 100g",
    "FicCode": "E"
  },
  {
    "productId": "59359",
    "technicalArticleNumber": "2350820",
    "commercialArticleNumber": "26054",
    "name": "mozzarella",
    "description": "*Italië\n*Verse kaas\n*Zacht, fris",
    "brand": "GALBANI",
    "seoBrand": "Galbani",
    "thumbNail": "https://static.colruytgroup.com/images/200x200/std.lang.all/08/85/asset-1720885.jpg",
    "fullImage": "https://static.colruytgroup.com/images/500x500/std.lang.all/08/85/asset-1720885.jpg",
    "squareImage": "https://static.colruytgroup.com/images/500x500sq/std.lang.all/08/85/asset-1720885.jpg",
    "content": "125g",
    "walkRouteSequenceNumber": 5230,
    "price": {
      "basicPrice": 1.39,
      "recommendedQuantity": "1.0",
      "measurementUnitPrice": 11.12,
      "measurementUnit": "K",
      "isRedPrice": false,
      "pricePerUOM": 11.12,
      "activationDate": "18-03-2024",
      "recordSource": "Offline",
      "isPromoActive": "N",
      "priceChangeCode": "H"
    },
    "isAvailable": true,
    "isPriceAvailable": true,
    "inPromo": false,
    "gtin": [
      "08000430133035",
      "08000430132076",
      "08000430132489"
    ],
    "topCategoryName": "Zuivel",
    "topCategoryId": "65",
    "businessDomain": "RETAIL_BE",
    "IsPrivateLabel": false,
    "IsBiffe": false,
    "WeightconversionFactor": "0",
    "IsWeightArticle": false,
    "nutriscoreLabel": "C",
    "IsBio": false,
    "CountryOfOrigin": "ITALIË",
    "IsExclusivelySoldInLuxembourg": false,
    "OrderUnit": "P",
    "ShortName": "GALBANI MOZZARELLA 125G",
    "InSeason": true,
    "IsNew": false,
    "EcoscoreLabel": "D",
    "RecentQuanityOfStockUnits": "12,1",
    "LongName": "GALBANI mozzarella 125g",
    "AlcoholVolume": "0",
    "StartSeasonDate": "13/04/2011",
    "FicCode": "E",
    "EcoscoreValue": "38"
  },
  {
    "productId": "12308",
    "technicalArticleNumber": "1243452",
    "commercialArticleNumber": "26208",
    "name": "chocomousse",
    "brand": "EVERYDAY",
    "seoBrand": "Everyday",
    "thumbNail": "https://static.colruytgroup.com/images/200x200/std.lang.all/30/04/asset-3133004.jpg",
    "fullImage": "https://static.colruytgroup.com/images/500x500/std.lang.all/30/04/asset-3133004.jpg",
    "squareImage": "https://static.colruytgroup.com/images/500x500sq/std.lang.all/30/04/asset-3133004.jpg",
    "content": "8x60g",
    "walkRouteSequenceNumber": 5946,
    "price": {
      "basicPrice": 1.59,
      "recommendedQuantity": "1.0",
      "measurementUnitPrice": 3.32,
      "measurementUnit": "K",
      "isRedPrice": false,
      "pricePerUOM": 3.32,
      "activationDate": "21-03-2024",
      "recordSource": "Offline",
      "isPromoActive": "N",
      "priceChangeCode": "H"
    },
    "isAvailable": true,
    "isPriceAvailable": true,
    "inPromo": false,
    "gtin": [
      "05400141539837",
      "15400141239420",
      "05400141209716",
      "05400141167757",
      "05400141414639",
      "05400141239423",
      "15400141957041",
      "05400141118414"
    ],
    "topCategoryName": "Zuivel",
    "topCategoryId": "65",
    "businessDomain": "RETAIL_BE",
    "IsPrivateLabel": true,
    "IsBiffe": false,
    "WeightconversionFactor": "0",
    "IsWeightArticle": false,
    "nutriscoreLabel": "C",
    "IsBio": false,
    "CountryOfOrigin": "FRANKRIJK",
    "IsExclusivelySoldInLuxembourg": false,
    "OrderUnit": "P",
    "ShortName": "EVD CHOCOMOUSSE 8X60 GR",
    "IsNew": false,
    "EcoscoreLabel": "D",
    "RecentQuanityOfStockUnits": "4,1",
    "LongName": "EVERYDAY chocomousse 8x60g",
    "AlcoholVolume": "0",
    "FicCode": "I",
    "EcoscoreValue": "32"
  },
  {
    "productId": "10671",
    "technicalArticleNumber": "1397030",
    "commercialArticleNumber": "26280",
    "name": "room culinair 20%vg",
    "description": "*Vetgehalte: 20 %\n*Romige toets in\nsoep, aardappelen en\nnagerechten/saus\ninkoken",
    "brand": "CAMPINA",
    "seoBrand": "Campina",
    "thumbNail": "https://static.colruytgroup.com/images/200x200/nl_be/39/17/asset-3433917.jpg",
    "fullImage": "https://static.colruytgroup.com/images/500x500/nl_be/39/17/asset-3433917.jpg",
    "squareImage": "https://static.colruytgroup.com/images/500x500sq/nl_be/39/17/asset-3433917.jpg",
    "content": "25cl",
    "walkRouteSequenceNumber": 5994,
    "price": {
      "basicPrice": 1.99,
      "recommendedQuantity": "2.0",
      "measurementUnitPrice": 7.96,
      "measurementUnit": "L",
      "isRedPrice": false,
      "pricePerUOM": 7.96,
      "activationDate": "17-02-2024",
      "recordSource": "Offline",
      "isPromoActive": "N",
      "priceChangeCode": "E"
    },
    "isAvailable": true,
    "isPriceAvailable": true,
    "inPromo": false,
    "gtin": [
      "05410438044555",
      "05410438044494",
      "05410438044500",
      "05410281002603",
      "05410438031111",
      "05410438015203"
    ],
    "topCategoryName": "Zuivel",
    "topCategoryId": "65",
    "businessDomain": "RETAIL_BE",
    "IsPrivateLabel": false,
    "IsBiffe": false,
    "WeightconversionFactor": "0",
    "IsWeightArticle": false,
    "nutriscoreLabel": "D",
    "IsBio": false,
    "CountryOfOrigin": "BELGIË",
    "IsExclusivelySoldInLuxembourg": false,
    "OrderUnit": "P",
    "ShortName": "CAMP CUL.ROOM 20% 250CL",
    "IsNew": false,
    "EcoscoreLabel": "B",
    "RecentQuanityOfStockUnits": "2,1,24",
    "LongName": "CAMPINA room culinair 20%vg 25cl",
    "AlcoholVolume": "0",
    "FicCode": "E",
    "EcoscoreValue": "79"
  },
  {
    "productId": "625316",
    "technicalArticleNumber": "4307689",
    "commercialArticleNumber": "12618",
    "name": "Belgisch belegen sneetjes",
    "description": "*Belgisch\n*Belegen kaas op\nbasis van weidemelk",
    "brand": "BONI",
    "seoBrand": "Boni Selection",
    "thumbNail": "https://static.colruytgroup.com/images/200x200/std.lang.all/52/17/asset-2755217.jpg",
    "fullImage": "https://static.colruytgroup.com/images/500x500/std.lang.all/52/17/asset-2755217.jpg",
    "squareImage": "https://static.colruytgroup.com/images/500x500sq/std.lang.all/52/17/asset-2755217.jpg",
    "content": "300g",
    "walkRouteSequenceNumber": 6176,
    "price": {
      "basicPrice": 3.85,
      "recommendedQuantity": "1.0",
      "measurementUnitPrice": 12.84,
      "measurementUnit": "K",
      "isRedPrice": false,
      "pricePerUOM": 12.84,
      "activationDate": "09-01-2024",
      "isPromoActive": "N",
      "priceChangeCode": "H"
    },
    "isAvailable": true,
    "isPriceAvailable": true,
    "inPromo": false,
    "gtin": [
      "05400141459302",
      "05400141422290"
    ],
    "topCategoryName": "Zuivel",
    "topCategoryId": "65",
    "businessDomain": "RETAIL_BE",
    "IsPrivateLabel": true,
    "IsBiffe": false,
    "WeightconversionFactor": "0",
    "IsWeightArticle": false,
    "nutriscoreLabel": "C",
    "IsBio": false,
    "CountryOfOrigin": "BELGIË",
    "IsExclusivelySoldInLuxembourg": false,
    "OrderUnit": "P",
    "ShortName": "BONI BELG BELEGE SN300G",
    "InSeason": true,
    "IsNew": false,
    "EcoscoreLabel": "C",
    "RecentQuanityOfStockUnits": "1",
    "LongName": "BONI Belgisch belegen sneetjes 300g",
    "StartSeasonDate": "11/10/2022",
    "FicCode": "I",
    "EcoscoreValue": "59"
  },
  {
    "productId": "386957",
    "technicalArticleNumber": "3853496",
    "commercialArticleNumber": "15806",
    "name": "Chili munt",
    "description": "*België\n*Grillkaas\n*Chilipeper, dragon,\nmunt",
    "brand": "BERLOUMI",
    "seoBrand": "Berloumi",
    "thumbNail": "https://static.colruytgroup.com/images/200x200/std.lang.all/50/44/asset-3435044.jpg",
    "fullImage": "https://static.colruytgroup.com/images/500x500/std.lang.all/50/44/asset-3435044.jpg",
    "squareImage": "https://static.colruytgroup.com/images/500x500sq/std.lang.all/50/44/asset-3435044.jpg",
    "content": "270g",
    "walkRouteSequenceNumber": 5456,
    "price": {
      "basicPrice": 4.99,
      "recommendedQuantity": "1.0",
      "measurementUnitPrice": 18.49,
      "measurementUnit": "K",
      "isRedPrice": false,
      "pricePerUOM": 18.49,
      "activationDate": "29-02-2024",
      "isPromoActive": "N",
      "priceChangeCode": "L"
    },
    "isAvailable": true,
    "isPriceAvailable": true,
    "inPromo": false,
    "gtin": [
      "05430001031089",
      "05419980015921",
      "05430001031249"
    ],
    "topCategoryName": "Zuivel",
    "topCategoryId": "65",
    "businessDomain": "RETAIL_BE",
    "IsPrivateLabel": false,
    "IsBiffe": false,
    "WeightconversionFactor": "0",
    "IsWeightArticle": false,
    "nutriscoreLabel": "D",
    "IsBio": false,
    "CountryOfOrigin": "BELGIË",
    "IsExclusivelySoldInLuxembourg": false,
    "OrderUnit": "P",
    "ShortName": "BERL CHILI MUNT 270G",
    "InSeason": true,
    "IsNew": false,
    "EcoscoreLabel": "B",
    "RecentQuanityOfStockUnits": "1",
    "LongName": "BERLOUMI Chili munt 270g",
    "AlcoholVolume": "0",
    "StartSeasonDate": "06/02/2024",
    "FicCode": "E",
    "EcoscoreValue": "62"
  },
  {
    "productId": "461567",
    "technicalArticleNumber": "3955285",
    "commercialArticleNumber": "2065",
    "name": "di bufala",
    "brand": "CAMEMBERT",
    "seoBrand": "Camembert",
    "thumbNail": "https://static.colruytgroup.com/images/200x200/std.lang.all/17/54/asset-1901754.jpg",
    "fullImage": "https://static.colruytgroup.com/images/500x500/std.lang.all/17/54/asset-1901754.jpg",
    "squareImage": "https://static.colruytgroup.com/images/500x500sq/std.lang.all/17/54/asset-1901754.jpg",
    "content": "150g",
    "walkRouteSequenceNumber": 5178,
    "price": {
      "basicPrice": 4.09,
      "recommendedQuantity": "1.0",
      "measurementUnitPrice": 27.27,
      "measurementUnit": "K",
      "isRedPrice": false,
      "pricePerUOM": 27.27,
      "activationDate": "15-02-2024",
      "recordSource": "Offline",
      "isPromoActive": "N",
      "priceChangeCode": "H"
    },
    "isAvailable": true,
    "isPriceAvailable": true,
    "inPromo": false,
    "gtin": [
      "08030481001076",
      "08030481001083",
      "18030481001080"
    ],
    "topCategoryName": "Zuivel",
    "topCategoryId": "65",
    "businessDomain": "RETAIL_BE",
    "IsPrivateLabel": false,
    "IsBiffe": false,
    "WeightconversionFactor": "0",
    "IsWeightArticle": false,
    "nutriscoreLabel": "C",
    "IsBio": false,
    "CountryOfOrigin": "ITALIË",
    "IsExclusivelySoldInLuxembourg": false,
    "OrderUnit": "P",
    "ShortName": "CAME DI BUFALA 150G",
    "InSeason": true,
    "IsNew": false,
    "EcoscoreLabel": "D",
    "RecentQuanityOfStockUnits": "1",
    "LongName": "CAMEMBERT di bufala 150g",
    "StartSeasonDate": "27/05/2019",
    "FicCode": "E",
    "EcoscoreValue": "34"
  },
  {
    "productId": "82857",
    "technicalArticleNumber": "2930022",
    "commercialArticleNumber": "7072",
    "name": "geitenkaas bio",
    "description": "*België\n*Geitenkaas\n*Witschimmelkorst\n*O.b.v. biol. melk",
    "brand": "DAMSE MOKKE",
    "seoBrand": "Damse Mokke",
    "thumbNail": "https://static.colruytgroup.com/images/200x200/std.lang.all/27/52/asset-2892752.jpg",
    "fullImage": "https://static.colruytgroup.com/images/500x500/std.lang.all/27/52/asset-2892752.jpg",
    "squareImage": "https://static.colruytgroup.com/images/500x500sq/std.lang.all/27/52/asset-2892752.jpg",
    "content": "±275g",
    "walkRouteSequenceNumber": 5183,
    "price": {
      "basicPrice": 28.9,
      "recommendedQuantity": "0.2",
      "unit": "K",
      "measurementUnitPrice": 28.9,
      "measurementUnit": "K",
      "isRedPrice": false,
      "pricePerUOM": 28.9,
      "activationDate": "13-03-2024",
      "isPromoActive": "N",
      "priceChangeCode": "E"
    },
    "isAvailable": true,
    "isPriceAvailable": true,
    "inPromo": false,
    "gtin": [
      "05425026790035",
      "95425026790038",
      "05425026790042"
    ],
    "topCategoryName": "Zuivel",
    "topCategoryId": "65",
    "businessDomain": "RETAIL_BE",
    "IsPrivateLabel": false,
    "IsBiffe": false,
    "WeightconversionFactor": "275",
    "IsWeightArticle": true,
    "nutriscoreLabel": "D",
    "IsBio": true,
    "CountryOfOrigin": "BELGIË",
    "IsExclusivelySoldInLuxembourg": false,
    "OrderUnit": "P",
    "ShortName": "DAMSE GEIT BIO +-275GW",
    "IsNew": false,
    "EcoscoreLabel": "B",
    "RecentQuanityOfStockUnits": "1",
    "LongName": "DAMSE MOKKE geitenkaas bio ±275g",
    "AlcoholVolume": "0",
    "FicCode": "E",
    "EcoscoreValue": "60"
  },
  {
    "productId": "891545",
    "technicalArticleNumber": "4752611",
    "commercialArticleNumber": "18785",
    "name": "crispy cheddar",
    "brand": "PRÉSIDENT",
    "seoBrand": "Président",
    "thumbNail": "https://static.colruytgroup.com/images/200x200/std.lang.all/05/04/asset-3310504.jpg",
    "fullImage": "https://static.colruytgroup.com/images/500x500/std.lang.all/05/04/asset-3310504.jpg",
    "squareImage": "https://static.colruytgroup.com/images/500x500sq/std.lang.all/05/04/asset-3310504.jpg",
    "content": "150g",
    "walkRouteSequenceNumber": 5468,
    "price": {
      "basicPrice": 3.49,
      "recommendedQuantity": "1.0",
      "measurementUnitPrice": 23.27,
      "measurementUnit": "K",
      "isRedPrice": false,
      "pricePerUOM": 23.27,
      "activationDate": "12-08-2023",
      "isPromoActive": "N",
      "priceChangeCode": "E"
    },
    "isAvailable": true,
    "isPriceAvailable": true,
    "inPromo": false,
    "gtin": [
      "03228022220054"
    ],
    "topCategoryName": "Zuivel",
    "topCategoryId": "65",
    "businessDomain": "RETAIL_BE",
    "IsPrivateLabel": false,
    "IsBiffe": false,
    "WeightconversionFactor": "0",
    "IsWeightArticle": false,
    "nutriscoreLabel": "A",
    "IsBio": false,
    "CountryOfOrigin": "FRANKRIJK",
    "IsExclusivelySoldInLuxembourg": false,
    "OrderUnit": "P",
    "ShortName": "PRES CRISPY CHED150G",
    "IsNew": false,
    "EcoscoreLabel": "D",
    "RecentQuanityOfStockUnits": "1",
    "LongName": "PRÉSIDENT crispy cheddar 150g",
    "FicCode": "E",
    "EcoscoreValue": "36"
  },
  {
    "productId": "743063",
    "technicalArticleNumber": "4509545",
    "commercialArticleNumber": "28174",
    "name": "op te kloppen",
    "description": "*Sojaproduct om\nop te kloppen.",
    "brand": "ALPRO",
    "seoBrand": "Alpro",
    "thumbNail": "https://static.colruytgroup.com/images/200x200/std.lang.all/66/36/asset-3376636.jpg",
    "fullImage": "https://static.colruytgroup.com/images/500x500/std.lang.all/66/36/asset-3376636.jpg",
    "squareImage": "https://static.colruytgroup.com/images/500x500sq/std.lang.all/66/36/asset-3376636.jpg",
    "content": "25cl",
    "walkRouteSequenceNumber": 5999,
    "price": {
      "basicPrice": 2.29,
      "recommendedQuantity": "1.0",
      "measurementUnitPrice": 9.16,
      "measurementUnit": "L",
      "isRedPrice": false,
      "pricePerUOM": 9.16,
      "activationDate": "22-03-2024",
      "recordSource": "Offline",
      "isPromoActive": "N",
      "priceChangeCode": "H"
    },
    "isAvailable": true,
    "isPriceAvailable": true,
    "inPromo": false,
    "gtin": [
      "05411188121435",
      "05411188121442"
    ],
    "topCategoryName": "Zuivel",
    "topCategoryId": "65",
    "businessDomain": "RETAIL_BE",
    "IsPrivateLabel": false,
    "IsBiffe": false,
    "WeightconversionFactor": "0",
    "IsWeightArticle": false,
    "nutriscoreLabel": "D",
    "IsBio": false,
    "CountryOfOrigin": "BELGIË",
    "IsExclusivelySoldInLuxembourg": false,
    "OrderUnit": "P",
    "ShortName": "ALP.OP TE KLOPPEN 250ML",
    "IsNew": false,
    "EcoscoreLabel": "A",
    "RecentQuanityOfStockUnits": "1",
    "LongName": "ALPRO op te kloppen 25cl",
    "AlcoholVolume": "0",
    "FicCode": "E",
    "EcoscoreValue": "88"
  },
  {
    "productId": "687044",
    "technicalArticleNumber": "4411157",
    "commercialArticleNumber": "25390",
    "name": "Skyr yoghurt bosbes Bio",
    "brand": "PUR NATUR",
    "seoBrand": "Pur Natur",
    "thumbNail": "https://static.colruytgroup.com/images/200x200/std.lang.all/65/82/asset-3316582.jpg",
    "fullImage": "https://static.colruytgroup.com/images/500x500/std.lang.all/65/82/asset-3316582.jpg",
    "squareImage": "https://static.colruytgroup.com/images/500x500sq/std.lang.all/65/82/asset-3316582.jpg",
    "content": "400g",
    "walkRouteSequenceNumber": 5810,
    "price": {
      "basicPrice": 3.75,
      "recommendedQuantity": "1.0",
      "measurementUnitPrice": 9.38,
      "measurementUnit": "K",
      "isRedPrice": false,
      "pricePerUOM": 9.38,
      "activationDate": "30-01-2024",
      "recordSource": "Offline",
      "isPromoActive": "N",
      "priceChangeCode": "E"
    },
    "isAvailable": true,
    "isPriceAvailable": true,
    "inPromo": false,
    "gtin": [
      "05412971914715",
      "05412971014712"
    ],
    "topCategoryName": "Zuivel",
    "topCategoryId": "65",
    "businessDomain": "RETAIL_BE",
    "IsPrivateLabel": false,
    "IsBiffe": false,
    "WeightconversionFactor": "0",
    "IsWeightArticle": false,
    "nutriscoreLabel": "A",
    "IsBio": true,
    "CountryOfOrigin": "BELGIË",
    "IsExclusivelySoldInLuxembourg": false,
    "OrderUnit": "P",
    "ShortName": "PURN SKYR BOSB.BIO 400G",
    "IsNew": false,
    "EcoscoreLabel": "A",
    "RecentQuanityOfStockUnits": "1",
    "LongName": "PUR NATUR Skyr yoghurt bosbes Bio 400g",
    "FicCode": "E",
    "EcoscoreValue": "100"
  },
  {
    "productId": "592062",
    "technicalArticleNumber": "4251100",
    "commercialArticleNumber": "18404",
    "name": "zacht en romig natuur",
    "brand": "BOURSIN",
    "seoBrand": "Boursin",
    "thumbNail": "https://static.colruytgroup.com/images/200x200/std.lang.all/22/69/asset-2132269.jpg",
    "fullImage": "https://static.colruytgroup.com/images/500x500/std.lang.all/22/69/asset-2132269.jpg",
    "squareImage": "https://static.colruytgroup.com/images/500x500sq/std.lang.all/22/69/asset-2132269.jpg",
    "content": "125g",
    "walkRouteSequenceNumber": 4866,
    "price": {
      "basicPrice": 3.29,
      "recommendedQuantity": "1.0",
      "measurementUnitPrice": 26.32,
      "measurementUnit": "K",
      "isRedPrice": false,
      "pricePerUOM": 26.32,
      "activationDate": "20-03-2024",
      "recordSource": "Offline",
      "isPromoActive": "N",
      "priceChangeCode": "H"
    },
    "isAvailable": true,
    "isPriceAvailable": true,
    "inPromo": false,
    "gtin": [
      "03073781136852",
      "03073781136845"
    ],
    "topCategoryName": "Zuivel",
    "topCategoryId": "65",
    "businessDomain": "RETAIL_BE",
    "IsPrivateLabel": false,
    "IsBiffe": false,
    "WeightconversionFactor": "0",
    "IsWeightArticle": false,
    "nutriscoreLabel": "D",
    "IsBio": false,
    "CountryOfOrigin": "FRANKRIJK",
    "IsExclusivelySoldInLuxembourg": false,
    "OrderUnit": "P",
    "ShortName": "BOURSIN ZACHT ROMIG125G",
    "IsNew": false,
    "EcoscoreLabel": "B",
    "RecentQuanityOfStockUnits": "1",
    "LongName": "BOURSIN zacht en romig natuur 125g",
    "FicCode": "E",
    "EcoscoreValue": "67"
  },
  {
    "productId": "794204",
    "technicalArticleNumber": "4602145",
    "commercialArticleNumber": "11866",
    "name": "geitenkaas sneetjes",
    "description": "*België\n*Geitenkaas\n*Mild, zacht\n*Vegetarisch",
    "brand": "CHAVROUX",
    "seoBrand": "Chavroux",
    "thumbNail": "https://static.colruytgroup.com/images/200x200/std.lang.all/58/30/asset-2945830.jpg",
    "fullImage": "https://static.colruytgroup.com/images/500x500/std.lang.all/58/30/asset-2945830.jpg",
    "squareImage": "https://static.colruytgroup.com/images/500x500sq/std.lang.all/58/30/asset-2945830.jpg",
    "content": "200g",
    "walkRouteSequenceNumber": 6171,
    "price": {
      "basicPrice": 6.65,
      "recommendedQuantity": "1.0",
      "measurementUnitPrice": 33.25,
      "measurementUnit": "K",
      "isRedPrice": false,
      "pricePerUOM": 33.25,
      "activationDate": "05-03-2024",
      "recordSource": "Offline",
      "isPromoActive": "N",
      "priceChangeCode": "H"
    },
    "isAvailable": true,
    "isPriceAvailable": true,
    "inPromo": false,
    "gtin": [
      "05400141783506"
    ],
    "topCategoryName": "Zuivel",
    "topCategoryId": "65",
    "businessDomain": "RETAIL_BE",
    "IsPrivateLabel": false,
    "IsBiffe": false,
    "WeightconversionFactor": "0",
    "IsWeightArticle": false,
    "nutriscoreLabel": "D",
    "IsBio": false,
    "CountryOfOrigin": "BELGIË",
    "IsExclusivelySoldInLuxembourg": false,
    "OrderUnit": "P",
    "ShortName": "CHAV GEITENKAAS SN 200G",
    "IsNew": false,
    "RecentQuanityOfStockUnits": "1",
    "LongName": "CHAVROUX geitenkaas sneetjes 200g",
    "FicCode": "I"
  },
  {
    "productId": "867235",
    "technicalArticleNumber": "4720097",
    "commercialArticleNumber": "10841",
    "name": "jong belegen Muizenkaas sn.",
    "brand": "BONI",
    "seoBrand": "Boni Selection",
    "thumbNail": "https://static.colruytgroup.com/images/200x200/std.lang.all/16/95/asset-3251695.jpg",
    "fullImage": "https://static.colruytgroup.com/images/500x500/std.lang.all/16/95/asset-3251695.jpg",
    "squareImage": "https://static.colruytgroup.com/images/500x500sq/std.lang.all/16/95/asset-3251695.jpg",
    "content": "150g",
    "walkRouteSequenceNumber": 4940,
    "price": {
      "basicPrice": 2.49,
      "recommendedQuantity": "1.0",
      "measurementUnitPrice": 16.6,
      "measurementUnit": "K",
      "isRedPrice": false,
      "pricePerUOM": 16.6,
      "activationDate": "26-01-2024",
      "isPromoActive": "N",
      "priceChangeCode": "L"
    },
    "isAvailable": true,
    "isPriceAvailable": true,
    "inPromo": false,
    "gtin": [
      "05400141461084"
    ],
    "topCategoryName": "Zuivel",
    "topCategoryId": "65",
    "businessDomain": "RETAIL_BE",
    "IsPrivateLabel": true,
    "IsBiffe": false,
    "WeightconversionFactor": "0",
    "IsWeightArticle": false,
    "nutriscoreLabel": "C",
    "IsBio": false,
    "CountryOfOrigin": "NEDERLAND",
    "IsExclusivelySoldInLuxembourg": false,
    "OrderUnit": "P",
    "ShortName": "BONI MUIZENKAAS SN.150G",
    "IsNew": false,
    "EcoscoreLabel": "D",
    "RecentQuanityOfStockUnits": "1",
    "LongName": "BONI jong belegen Muizenkaas sn. 150g",
    "FicCode": "I",
    "EcoscoreValue": "30"
  },
  {
    "productId": "870795",
    "technicalArticleNumber": "4724491",
    "commercialArticleNumber": "2997",
    "name": "coconut vanille",
    "brand": "ALPRO",
    "seoBrand": "Alpro",
    "thumbNail": "https://static.colruytgroup.com/images/200x200/std.lang.all/37/86/asset-3373786.jpg",
    "fullImage": "https://static.colruytgroup.com/images/500x500/std.lang.all/37/86/asset-3373786.jpg",
    "squareImage": "https://static.colruytgroup.com/images/500x500sq/std.lang.all/37/86/asset-3373786.jpg",
    "content": "350g",
    "walkRouteSequenceNumber": 5853,
    "price": {
      "basicPrice": 3.99,
      "recommendedQuantity": "1.0",
      "measurementUnitPrice": 11.4,
      "measurementUnit": "K",
      "isRedPrice": false,
      "pricePerUOM": 11.4,
      "activationDate": "13-03-2024",
      "recordSource": "Offline",
      "isPromoActive": "N",
      "priceChangeCode": "E"
    },
    "isAvailable": true,
    "isPriceAvailable": true,
    "inPromo": false,
    "gtin": [
      "05411188138150"
    ],
    "topCategoryName": "Zuivel",
    "topCategoryId": "65",
    "businessDomain": "RETAIL_BE",
    "IsPrivateLabel": false,
    "IsBiffe": false,
    "WeightconversionFactor": "0",
    "IsWeightArticle": false,
    "nutriscoreLabel": "C",
    "IsBio": false,
    "CountryOfOrigin": "BELGIË",
    "IsExclusivelySoldInLuxembourg": false,
    "OrderUnit": "P",
    "ShortName": "ALPR COCO VANILLE 350G",
    "IsNew": false,
    "EcoscoreLabel": "B",
    "RecentQuanityOfStockUnits": "1,6",
    "LongName": "ALPRO coconut vanille 350g",
    "FicCode": "E",
    "EcoscoreValue": "78"
  },
  {
    "productId": "687046",
    "technicalArticleNumber": "4411159",
    "commercialArticleNumber": "25391",
    "name": "Skyr perzik maracuja bio",
    "brand": "PUR NATUR",
    "seoBrand": "Pur Natur",
    "thumbNail": "https://static.colruytgroup.com/images/200x200/std.lang.all/65/83/asset-3316583.jpg",
    "fullImage": "https://static.colruytgroup.com/images/500x500/std.lang.all/65/83/asset-3316583.jpg",
    "squareImage": "https://static.colruytgroup.com/images/500x500sq/std.lang.all/65/83/asset-3316583.jpg",
    "content": "400g",
    "walkRouteSequenceNumber": 5811,
    "price": {
      "basicPrice": 3.95,
      "recommendedQuantity": "1.0",
      "measurementUnitPrice": 9.88,
      "measurementUnit": "K",
      "isRedPrice": false,
      "pricePerUOM": 9.88,
      "activationDate": "17-02-2024",
      "recordSource": "Offline",
      "isPromoActive": "N",
      "priceChangeCode": "E"
    },
    "isAvailable": true,
    "isPriceAvailable": true,
    "inPromo": false,
    "gtin": [
      "05412971014729",
      "05412971914722"
    ],
    "topCategoryName": "Zuivel",
    "topCategoryId": "65",
    "businessDomain": "RETAIL_BE",
    "IsPrivateLabel": false,
    "IsBiffe": false,
    "WeightconversionFactor": "0",
    "IsWeightArticle": false,
    "nutriscoreLabel": "A",
    "IsBio": true,
    "CountryOfOrigin": "BELGIË",
    "IsExclusivelySoldInLuxembourg": false,
    "OrderUnit": "P",
    "ShortName": "PURN SKYR PERZ.MAR.400G",
    "IsNew": false,
    "EcoscoreLabel": "A",
    "RecentQuanityOfStockUnits": "1",
    "LongName": "PUR NATUR Skyr perzik maracuja bio 400g",
    "FicCode": "E",
    "EcoscoreValue": "100"
  },
  {
    "productId": "881141",
    "technicalArticleNumber": "4738500",
    "commercialArticleNumber": "32391",
    "name": "Brie Crispy Bakes",
    "brand": "PRESIDENT",
    "seoBrand": "Président",
    "thumbNail": "https://static.colruytgroup.com/images/200x200/std.lang.all/38/64/asset-3303864.jpg",
    "fullImage": "https://static.colruytgroup.com/images/500x500/std.lang.all/38/64/asset-3303864.jpg",
    "squareImage": "https://static.colruytgroup.com/images/500x500sq/std.lang.all/38/64/asset-3303864.jpg",
    "content": "150g",
    "walkRouteSequenceNumber": 5202,
    "price": {
      "basicPrice": 3.39,
      "recommendedQuantity": "1.0",
      "measurementUnitPrice": 22.6,
      "measurementUnit": "K",
      "isRedPrice": false,
      "pricePerUOM": 22.6,
      "activationDate": "13-03-2024",
      "isPromoActive": "N",
      "priceChangeCode": "E"
    },
    "isAvailable": true,
    "isPriceAvailable": true,
    "inPromo": false,
    "gtin": [
      "03228024190089"
    ],
    "topCategoryName": "Zuivel",
    "topCategoryId": "65",
    "businessDomain": "RETAIL_BE",
    "IsPrivateLabel": false,
    "IsBiffe": false,
    "WeightconversionFactor": "0",
    "IsWeightArticle": false,
    "nutriscoreLabel": "D",
    "IsBio": false,
    "CountryOfOrigin": "FRANKRIJK",
    "IsExclusivelySoldInLuxembourg": false,
    "OrderUnit": "P",
    "ShortName": "PRES BRIE CRIS.BAKE150G",
    "IsNew": false,
    "EcoscoreLabel": "D",
    "RecentQuanityOfStockUnits": "1",
    "LongName": "PRESIDENT Brie Crispy Bakes 150g",
    "FicCode": "E",
    "EcoscoreValue": "33"
  },
  {
    "productId": "864318",
    "technicalArticleNumber": "4716124",
    "commercialArticleNumber": "31991",
    "name": "Chèvre des Moines",
    "brand": "VAL DIEU",
    "seoBrand": "Val-Dieu",
    "thumbNail": "https://static.colruytgroup.com/images/200x200/std.lang.all/55/07/asset-3215507.jpg",
    "fullImage": "https://static.colruytgroup.com/images/500x500/std.lang.all/55/07/asset-3215507.jpg",
    "squareImage": "https://static.colruytgroup.com/images/500x500sq/std.lang.all/55/07/asset-3215507.jpg",
    "content": "125g",
    "walkRouteSequenceNumber": 5182,
    "price": {
      "basicPrice": 3.99,
      "recommendedQuantity": "1.0",
      "measurementUnitPrice": 31.92,
      "measurementUnit": "K",
      "isRedPrice": false,
      "pricePerUOM": 31.92,
      "activationDate": "02-01-2024",
      "isPromoActive": "N",
      "priceChangeCode": "H"
    },
    "isAvailable": true,
    "isPriceAvailable": true,
    "inPromo": false,
    "gtin": [
      "05411021104618"
    ],
    "topCategoryName": "Zuivel",
    "topCategoryId": "65",
    "businessDomain": "RETAIL_BE",
    "IsPrivateLabel": false,
    "IsBiffe": false,
    "WeightconversionFactor": "0",
    "IsWeightArticle": false,
    "nutriscoreLabel": "D",
    "IsBio": false,
    "CountryOfOrigin": "BELGIË",
    "IsExclusivelySoldInLuxembourg": false,
    "OrderUnit": "P",
    "ShortName": "VADI CHEVRE MOINES 125G",
    "IsNew": false,
    "EcoscoreLabel": "E",
    "RecentQuanityOfStockUnits": "1",
    "LongName": "VAL DIEU Chèvre des Moines 125g",
    "AlcoholVolume": "0",
    "FicCode": "E",
    "EcoscoreValue": "8"
  },
  {
    "productId": "10224",
    "technicalArticleNumber": "1148515",
    "commercialArticleNumber": "16855",
    "name": "aperitiefkaasjes Classic",
    "description": "*Frankrijk\n*Verse kaas\n*Met tomaat, ham,\nui, groene peper/\nemmental",
    "brand": "APÉRICUBE",
    "seoBrand": "Apéricube",
    "thumbNail": "https://static.colruytgroup.com/images/200x200/std.lang.all/48/90/asset-2314890.jpg",
    "fullImage": "https://static.colruytgroup.com/images/500x500/std.lang.all/48/90/asset-2314890.jpg",
    "squareImage": "https://static.colruytgroup.com/images/500x500sq/std.lang.all/48/90/asset-2314890.jpg",
    "content": "48st",
    "walkRouteSequenceNumber": 5210,
    "price": {
      "basicPrice": 8.15,
      "recommendedQuantity": "1.0",
      "measurementUnitPrice": 32.6,
      "measurementUnit": "K",
      "isRedPrice": false,
      "pricePerUOM": 32.6,
      "activationDate": "12-03-2024",
      "recordSource": "Offline",
      "isPromoActive": "N",
      "priceChangeCode": "H"
    },
    "isAvailable": true,
    "isPriceAvailable": true,
    "inPromo": false,
    "gtin": [
      "03073781130713",
      "03073781151244",
      "03073780516723",
      "03073780822954",
      "03073781108200",
      "03073781130720",
      "03073781151237"
    ],
    "topCategoryName": "Zuivel",
    "topCategoryId": "65",
    "businessDomain": "RETAIL_BE",
    "IsPrivateLabel": false,
    "IsBiffe": false,
    "WeightconversionFactor": "0",
    "IsWeightArticle": false,
    "nutriscoreLabel": "E",
    "IsBio": false,
    "CountryOfOrigin": "FRANKRIJK",
    "IsExclusivelySoldInLuxembourg": false,
    "OrderUnit": "P",
    "ShortName": "APERICUBE CLASSIC 250G",
    "IsNew": false,
    "EcoscoreLabel": "B",
    "RecentQuanityOfStockUnits": "1",
    "LongName": "APÉRICUBE aperitiefkaasjes Classic 48st",
    "AlcoholVolume": "0",
    "FicCode": "E",
    "EcoscoreValue": "67"
  },
  {
    "productId": "741584",
    "technicalArticleNumber": "4506961",
    "commercialArticleNumber": "27981",
    "name": "abdij belegen sneetjes",
    "description": "*Belgisch\n*Harde kaas 50+",
    "brand": "POSTEL",
    "seoBrand": "Postel",
    "thumbNail": "https://static.colruytgroup.com/images/200x200/std.lang.all/12/25/asset-2641225.jpg",
    "fullImage": "https://static.colruytgroup.com/images/500x500/std.lang.all/12/25/asset-2641225.jpg",
    "squareImage": "https://static.colruytgroup.com/images/500x500sq/std.lang.all/12/25/asset-2641225.jpg",
    "content": "180g",
    "walkRouteSequenceNumber": 6200,
    "price": {
      "basicPrice": 4.29,
      "recommendedQuantity": "1.0",
      "measurementUnitPrice": 23.84,
      "measurementUnit": "K",
      "isRedPrice": false,
      "pricePerUOM": 23.84,
      "activationDate": "13-03-2024",
      "recordSource": "Offline",
      "isPromoActive": "N",
      "priceChangeCode": "E"
    },
    "isAvailable": true,
    "isPriceAvailable": true,
    "inPromo": false,
    "gtin": [
      "05410942172539"
    ],
    "topCategoryName": "Zuivel",
    "topCategoryId": "65",
    "businessDomain": "RETAIL_BE",
    "IsPrivateLabel": false,
    "IsBiffe": false,
    "WeightconversionFactor": "0",
    "IsWeightArticle": false,
    "nutriscoreLabel": "D",
    "IsBio": false,
    "CountryOfOrigin": "BELGIË",
    "IsExclusivelySoldInLuxembourg": false,
    "OrderUnit": "P",
    "ShortName": "POST ABDIJ BELEG.SN180G",
    "IsNew": false,
    "RecentQuanityOfStockUnits": "1",
    "LongName": "POSTEL abdij belegen sneetjes 180g",
    "FicCode": "E"
  },
  {
    "productId": "283245",
    "technicalArticleNumber": "3644907",
    "commercialArticleNumber": "18071",
    "name": "camembert",
    "description": "*Frankrijk\n*Zachte kaas\n*Witschimmelkorst\n*Karaktervolle smaak\nen geur",
    "brand": "LE RUSTIQUE",
    "seoBrand": "Le Rustique",
    "thumbNail": "https://static.colruytgroup.com/images/200x200/std.lang.all/75/97/asset-1157597.jpg",
    "fullImage": "https://static.colruytgroup.com/images/500x500/std.lang.all/75/97/asset-1157597.jpg",
    "squareImage": "https://static.colruytgroup.com/images/500x500sq/std.lang.all/75/97/asset-1157597.jpg",
    "content": "±250g",
    "walkRouteSequenceNumber": 5175,
    "price": {
      "basicPrice": 21.5,
      "recommendedQuantity": "0.1",
      "unit": "K",
      "measurementUnitPrice": 21.5,
      "measurementUnit": "K",
      "isRedPrice": false,
      "pricePerUOM": 21.5,
      "activationDate": "22-03-2024",
      "recordSource": "Offline",
      "isPromoActive": "N",
      "priceChangeCode": "L"
    },
    "isAvailable": true,
    "isPriceAvailable": true,
    "inPromo": false,
    "gtin": [
      "05400141202861",
      "95400141202864"
    ],
    "topCategoryName": "Zuivel",
    "topCategoryId": "65",
    "businessDomain": "RETAIL_BE",
    "IsPrivateLabel": false,
    "IsBiffe": false,
    "WeightconversionFactor": "250",
    "IsWeightArticle": true,
    "IsBio": false,
    "CountryOfOrigin": "FRANKRIJK",
    "IsExclusivelySoldInLuxembourg": false,
    "OrderUnit": "P",
    "ShortName": "CAMEMB.RUSTIQ+-250GGW",
    "InSeason": true,
    "IsNew": false,
    "RecentQuanityOfStockUnits": "1",
    "LongName": "LE RUSTIQUE camembert ±250g",
    "AlcoholVolume": "0",
    "StartSeasonDate": "28/10/2022",
    "FicCode": "I"
  },
  {
    "productId": "713000",
    "technicalArticleNumber": "4456300",
    "commercialArticleNumber": "2743",
    "name": "Kwaremont blok",
    "description": "*België\n*Halfharde kaas\n*Vegetarisch\n*Korst niet eetbaar",
    "seoBrand": "Kwaremont",
    "thumbNail": "https://static.colruytgroup.com/images/200x200/std.lang.all/82/61/asset-2628261.jpg",
    "fullImage": "https://static.colruytgroup.com/images/500x500/std.lang.all/82/61/asset-2628261.jpg",
    "squareImage": "https://static.colruytgroup.com/images/500x500sq/std.lang.all/82/61/asset-2628261.jpg",
    "content": "±220g",
    "walkRouteSequenceNumber": 5157,
    "price": {
      "basicPrice": 23,
      "recommendedQuantity": "0.2",
      "unit": "K",
      "measurementUnitPrice": 23,
      "measurementUnit": "K",
      "isRedPrice": false,
      "pricePerUOM": 23,
      "activationDate": "02-11-2023",
      "isPromoActive": "N",
      "priceChangeCode": "E"
    },
    "isAvailable": true,
    "isPriceAvailable": true,
    "inPromo": false,
    "gtin": [
      "95400141915894",
      "05400141915891",
      "95400141634726",
      "95400141868077",
      "05400141634723"
    ],
    "topCategoryName": "Zuivel",
    "topCategoryId": "65",
    "businessDomain": "RETAIL_BE",
    "IsPrivateLabel": false,
    "IsBiffe": false,
    "WeightconversionFactor": "220",
    "IsWeightArticle": true,
    "IsBio": false,
    "CountryOfOrigin": "BELGIË",
    "IsExclusivelySoldInLuxembourg": false,
    "OrderUnit": "P",
    "ShortName": "KWAREMONT BLOK +-220G W",
    "IsNew": false,
    "EcoscoreLabel": "D",
    "RecentQuanityOfStockUnits": "1",
    "LongName": "Kwaremont blok ±220g",
    "FicCode": "I",
    "EcoscoreValue": "30"
  },
  {
    "productId": "119442",
    "technicalArticleNumber": "3075367",
    "commercialArticleNumber": "15649",
    "name": "look & fijne kruiden",
    "description": "Verse kaas met look en fijne kruiden.\nAbsoluut vetgehalte: 40%",
    "brand": "BOURSIN",
    "seoBrand": "Boursin",
    "thumbNail": "https://static.colruytgroup.com/images/200x200/std.lang.all/90/11/asset-379011.jpg",
    "fullImage": "https://static.colruytgroup.com/images/500x500/std.lang.all/90/11/asset-379011.jpg",
    "squareImage": "https://static.colruytgroup.com/images/500x500sq/std.lang.all/90/11/asset-379011.jpg",
    "content": "6x16g",
    "walkRouteSequenceNumber": 4874,
    "price": {
      "basicPrice": 5.39,
      "recommendedQuantity": "1.0",
      "measurementUnitPrice": 56.15,
      "measurementUnit": "K",
      "isRedPrice": false,
      "pricePerUOM": 56.15,
      "activationDate": "07-02-2024",
      "recordSource": "Offline",
      "isPromoActive": "N",
      "priceChangeCode": "H"
    },
    "isAvailable": true,
    "isPriceAvailable": true,
    "inPromo": false,
    "gtin": [
      "03073781134759",
      "03175460001625",
      "03175461187830"
    ],
    "topCategoryName": "Zuivel",
    "topCategoryId": "65",
    "businessDomain": "RETAIL_BE",
    "IsPrivateLabel": false,
    "IsBiffe": false,
    "WeightconversionFactor": "0",
    "IsWeightArticle": false,
    "nutriscoreLabel": "D",
    "IsBio": false,
    "CountryOfOrigin": "FRANKRIJK",
    "IsExclusivelySoldInLuxembourg": false,
    "OrderUnit": "P",
    "ShortName": "BOURSIN KRUIDEN 6X16GR",
    "IsNew": false,
    "EcoscoreLabel": "A",
    "RecentQuanityOfStockUnits": "1",
    "LongName": "BOURSIN look & fijne kruiden 6x16g",
    "AlcoholVolume": "0",
    "FicCode": "E",
    "EcoscoreValue": "100"
  },
  {
    "productId": "468736",
    "technicalArticleNumber": "4065008",
    "commercialArticleNumber": "7123",
    "name": "Fleur De Fagne",
    "description": "*Belgie\n*Portie kaas\n*Gepasteuriseerd\n*Koeien melk",
    "thumbNail": "https://static.colruytgroup.com/images/200x200/std.lang.all/34/71/asset-1793471.jpg",
    "fullImage": "https://static.colruytgroup.com/images/500x500/std.lang.all/34/71/asset-1793471.jpg",
    "squareImage": "https://static.colruytgroup.com/images/500x500sq/std.lang.all/34/71/asset-1793471.jpg",
    "content": "±300g",
    "walkRouteSequenceNumber": 5138,
    "price": {
      "basicPrice": 20.5,
      "recommendedQuantity": "0.3",
      "unit": "K",
      "measurementUnitPrice": 20.5,
      "measurementUnit": "K",
      "isRedPrice": false,
      "pricePerUOM": 20.5,
      "activationDate": "02-11-2023",
      "isPromoActive": "N",
      "priceChangeCode": "E"
    },
    "isAvailable": true,
    "isPriceAvailable": true,
    "inPromo": false,
    "gtin": [
      "95400141267610",
      "05400141267617",
      "95411021104291",
      "05411021104298"
    ],
    "topCategoryName": "Zuivel",
    "topCategoryId": "65",
    "businessDomain": "RETAIL_BE",
    "IsPrivateLabel": false,
    "IsBiffe": false,
    "WeightconversionFactor": "300",
    "IsWeightArticle": true,
    "nutriscoreLabel": "D",
    "IsBio": false,
    "CountryOfOrigin": "BELGIË",
    "IsExclusivelySoldInLuxembourg": false,
    "OrderUnit": "P",
    "ShortName": "FLEUR DE FAGNE300GW",
    "IsNew": false,
    "EcoscoreLabel": "D",
    "RecentQuanityOfStockUnits": "1",
    "LongName": "Fleur De Fagne ±300g",
    "FicCode": "I",
    "EcoscoreValue": "32"
  },
  {
    "productId": "860376",
    "technicalArticleNumber": "4711187",
    "commercialArticleNumber": "8034",
    "name": "aardbei",
    "brand": "LA LAITIÈRE",
    "seoBrand": "La Laitière",
    "thumbNail": "https://static.colruytgroup.com/images/200x200/std.lang.all/36/75/asset-3183675.jpg",
    "fullImage": "https://static.colruytgroup.com/images/500x500/std.lang.all/36/75/asset-3183675.jpg",
    "squareImage": "https://static.colruytgroup.com/images/500x500sq/std.lang.all/36/75/asset-3183675.jpg",
    "content": "4x125g",
    "walkRouteSequenceNumber": 5825,
    "price": {
      "basicPrice": 3.49,
      "recommendedQuantity": "1.0",
      "measurementUnitPrice": 6.98,
      "measurementUnit": "K",
      "isRedPrice": false,
      "pricePerUOM": 6.98,
      "activationDate": "14-03-2024",
      "recordSource": "Offline",
      "isPromoActive": "N",
      "priceChangeCode": "H"
    },
    "isAvailable": true,
    "isPriceAvailable": true,
    "inPromo": false,
    "gtin": [
      "03023290070048"
    ],
    "topCategoryName": "Zuivel",
    "topCategoryId": "65",
    "businessDomain": "RETAIL_BE",
    "IsPrivateLabel": false,
    "IsBiffe": false,
    "WeightconversionFactor": "0",
    "IsWeightArticle": false,
    "nutriscoreLabel": "C",
    "IsBio": false,
    "CountryOfOrigin": "FRANKRIJK",
    "IsExclusivelySoldInLuxembourg": false,
    "OrderUnit": "P",
    "ShortName": "LALA YOG.AARDBEI 4X125G",
    "IsNew": false,
    "RecentQuanityOfStockUnits": "1",
    "LongName": "LA LAITIÈRE aardbei 4x125g",
    "FicCode": "E"
  },
  {
    "productId": "132969",
    "technicalArticleNumber": "3199022",
    "commercialArticleNumber": "23959",
    "name": "Griekse yoghurt natuur 0%vg",
    "description": "*Mager",
    "brand": "BONI",
    "seoBrand": "Boni Selection",
    "thumbNail": "https://static.colruytgroup.com/images/200x200/std.lang.all/16/51/asset-1381651.jpg",
    "fullImage": "https://static.colruytgroup.com/images/500x500/std.lang.all/16/51/asset-1381651.jpg",
    "squareImage": "https://static.colruytgroup.com/images/500x500sq/std.lang.all/16/51/asset-1381651.jpg",
    "content": "2x170g",
    "walkRouteSequenceNumber": 5880,
    "price": {
      "basicPrice": 2.39,
      "recommendedQuantity": "1.0",
      "measurementUnitPrice": 7.03,
      "measurementUnit": "K",
      "isRedPrice": false,
      "pricePerUOM": 7.03,
      "activationDate": "04-10-2023",
      "isPromoActive": "N",
      "priceChangeCode": "E"
    },
    "isAvailable": true,
    "isPriceAvailable": true,
    "inPromo": false,
    "gtin": [
      "15400141793496",
      "05400141194517",
      "05400141128413",
      "15400141194514"
    ],
    "topCategoryName": "Zuivel",
    "topCategoryId": "65",
    "businessDomain": "RETAIL_BE",
    "IsPrivateLabel": true,
    "IsBiffe": false,
    "WeightconversionFactor": "0",
    "IsWeightArticle": false,
    "nutriscoreLabel": "A",
    "IsBio": false,
    "CountryOfOrigin": "GRIEKENLAND",
    "IsExclusivelySoldInLuxembourg": false,
    "OrderUnit": "P",
    "ShortName": "BON GRIE YO NAT 0 2X170",
    "IsNew": false,
    "EcoscoreLabel": "A",
    "RecentQuanityOfStockUnits": "1,4",
    "LongName": "BONI Griekse yoghurt natuur 0%vg 2x170g",
    "AlcoholVolume": "0",
    "FicCode": "I",
    "EcoscoreValue": "91"
  },
  {
    "productId": "935300",
    "technicalArticleNumber": "4766636",
    "commercialArticleNumber": "30700",
    "name": "Shots rode vr.",
    "brand": "DANONE HIPRO",
    "seoBrand": "Danone Hipro",
    "thumbNail": "https://static.colruytgroup.com/images/200x200/std.lang.all/81/05/asset-3378105.jpg",
    "fullImage": "https://static.colruytgroup.com/images/500x500/std.lang.all/81/05/asset-3378105.jpg",
    "squareImage": "https://static.colruytgroup.com/images/500x500sq/std.lang.all/81/05/asset-3378105.jpg",
    "content": "4x100ml",
    "walkRouteSequenceNumber": 5797,
    "price": {
      "basicPrice": 3.59,
      "recommendedQuantity": "1.0",
      "measurementUnitPrice": 8.98,
      "measurementUnit": "K",
      "isRedPrice": false,
      "pricePerUOM": 8.98,
      "activationDate": "14-03-2024",
      "recordSource": "Offline",
      "isPromoActive": "N",
      "priceChangeCode": "E"
    },
    "isAvailable": true,
    "isPriceAvailable": true,
    "inPromo": false,
    "gtin": [
      "08713788124104"
    ],
    "topCategoryName": "Zuivel",
    "topCategoryId": "65",
    "businessDomain": "RETAIL_BE",
    "IsPrivateLabel": false,
    "IsBiffe": false,
    "WeightconversionFactor": "0",
    "IsWeightArticle": false,
    "nutriscoreLabel": "A",
    "IsBio": false,
    "CountryOfOrigin": "SPANJE",
    "IsExclusivelySoldInLuxembourg": false,
    "OrderUnit": "P",
    "ShortName": "HIPR SH. RODE VR.4X100G",
    "IsNew": false,
    "RecentQuanityOfStockUnits": "1",
    "LongName": "DANONE HIPRO Shots rode vr. 4x100ml",
    "FicCode": "E"
  },
  {
    "productId": "90272",
    "technicalArticleNumber": "2970314",
    "commercialArticleNumber": "42162",
    "name": "raclettekaas sneetjes",
    "description": "*Frankrijk\n*Raclettekaas\n*Vegetarisch",
    "brand": "BONI",
    "seoBrand": "Boni Selection",
    "thumbNail": "https://static.colruytgroup.com/images/200x200/std.lang.all/92/54/asset-3349254.jpg",
    "fullImage": "https://static.colruytgroup.com/images/500x500/std.lang.all/92/54/asset-3349254.jpg",
    "squareImage": "https://static.colruytgroup.com/images/500x500sq/std.lang.all/92/54/asset-3349254.jpg",
    "content": "400g",
    "walkRouteSequenceNumber": 5244,
    "price": {
      "basicPrice": 3.99,
      "recommendedQuantity": "1.0",
      "quantityPrice": 3.22,
      "quantityPriceQuantity": "2.0",
      "measurementUnitPrice": 9.98,
      "measurementUnitQuantityPrice": 8.05,
      "measurementUnit": "K",
      "isRedPrice": false,
      "pricePerUOM": 9.98,
      "activationDate": "13-03-2024",
      "recordSource": "Offline",
      "isPromoActive": "N",
      "priceChangeCode": "E",
      "quantityPricePerUOM": 8.05,
      "quantityActivationDate": "13-03-2024",
      "quantityPriceChangeCode": "H"
    },
    "isAvailable": true,
    "isPriceAvailable": true,
    "inPromo": false,
    "gtin": [
      "15400141979296",
      "15400141144182",
      "05400141035353",
      "05400141144185"
    ],
    "topCategoryName": "Zuivel",
    "topCategoryId": "65",
    "businessDomain": "RETAIL_BE",
    "IsPrivateLabel": true,
    "IsBiffe": false,
    "WeightconversionFactor": "0",
    "IsWeightArticle": false,
    "nutriscoreLabel": "C",
    "IsBio": false,
    "CountryOfOrigin": "BELGIË",
    "IsExclusivelySoldInLuxembourg": false,
    "OrderUnit": "P",
    "ShortName": "BONI RACLETTE SN. 400G",
    "IsNew": false,
    "EcoscoreLabel": "C",
    "RecentQuanityOfStockUnits": "1,10",
    "LongName": "BONI raclettekaas sneetjes 400g",
    "AlcoholVolume": "0",
    "FicCode": "I",
    "EcoscoreValue": "54"
  },
  {
    "productId": "783792",
    "technicalArticleNumber": "4582784",
    "commercialArticleNumber": "7186",
    "name": "Burrata di Bufala",
    "brand": "CASARO DEL RE",
    "seoBrand": "CASARO DEL RE",
    "thumbNail": "https://static.colruytgroup.com/images/200x200/std.lang.all/59/25/asset-2795925.jpg",
    "fullImage": "https://static.colruytgroup.com/images/500x500/std.lang.all/59/25/asset-2795925.jpg",
    "squareImage": "https://static.colruytgroup.com/images/500x500sq/std.lang.all/59/25/asset-2795925.jpg",
    "content": "125g",
    "walkRouteSequenceNumber": 5225,
    "price": {
      "basicPrice": 3.25,
      "recommendedQuantity": "1.0",
      "measurementUnitPrice": 26,
      "measurementUnit": "K",
      "isRedPrice": false,
      "pricePerUOM": 26,
      "activationDate": "14-11-2023",
      "isPromoActive": "N",
      "priceChangeCode": "E"
    },
    "isAvailable": true,
    "isPriceAvailable": true,
    "inPromo": false,
    "gtin": [
      "08032636941299",
      "18032636941296"
    ],
    "topCategoryName": "Zuivel",
    "topCategoryId": "65",
    "businessDomain": "RETAIL_BE",
    "IsPrivateLabel": false,
    "IsBiffe": false,
    "WeightconversionFactor": "0",
    "IsWeightArticle": false,
    "nutriscoreLabel": "D",
    "IsBio": false,
    "CountryOfOrigin": "ITALIË",
    "IsExclusivelySoldInLuxembourg": false,
    "OrderUnit": "P",
    "ShortName": "CADR BURR.LATTE BUF125G",
    "IsNew": false,
    "RecentQuanityOfStockUnits": "1,8",
    "LongName": "CASARO DEL RE Burrata di Bufala 125g",
    "FicCode": "E"
  },
  {
    "productId": "529359",
    "technicalArticleNumber": "4119025",
    "commercialArticleNumber": "7830",
    "name": "kaas jong belegen sn",
    "description": "*België\n*Harde kaas\n*Romig, fijn\n*Jong belegen\n*O.b.v. gepast. melk",
    "brand": "BRUGGE",
    "seoBrand": "Brugge",
    "thumbNail": "https://static.colruytgroup.com/images/200x200/std.lang.all/46/46/asset-2694646.jpg",
    "fullImage": "https://static.colruytgroup.com/images/500x500/std.lang.all/46/46/asset-2694646.jpg",
    "squareImage": "https://static.colruytgroup.com/images/500x500sq/std.lang.all/46/46/asset-2694646.jpg",
    "content": "300g",
    "walkRouteSequenceNumber": 6210,
    "price": {
      "basicPrice": 5.6,
      "recommendedQuantity": "1.0",
      "measurementUnitPrice": 18.67,
      "measurementUnit": "K",
      "isRedPrice": false,
      "pricePerUOM": 18.67,
      "activationDate": "01-03-2024",
      "isPromoActive": "N",
      "priceChangeCode": "L"
    },
    "isAvailable": true,
    "isPriceAvailable": true,
    "inPromo": false,
    "gtin": [
      "15400141297819",
      "05400141413410",
      "05400141297812"
    ],
    "topCategoryName": "Zuivel",
    "topCategoryId": "65",
    "businessDomain": "RETAIL_BE",
    "IsPrivateLabel": false,
    "IsBiffe": false,
    "WeightconversionFactor": "0",
    "IsWeightArticle": false,
    "nutriscoreLabel": "D",
    "IsBio": false,
    "CountryOfOrigin": "BELGIË",
    "IsExclusivelySoldInLuxembourg": false,
    "OrderUnit": "P",
    "ShortName": "BRUGG JO.BEL.SN.300G",
    "IsNew": false,
    "EcoscoreLabel": "B",
    "RecentQuanityOfStockUnits": "1",
    "LongName": "BRUGGE kaas jong belegen sn 300g",
    "FicCode": "I",
    "EcoscoreValue": "66"
  },
  {
    "productId": "363481",
    "technicalArticleNumber": "3785681",
    "commercialArticleNumber": "40202",
    "name": "drinkyoghurt exotisch",
    "description": "*0,8% VG\n*Gesuikerd\n*Met aroma's",
    "brand": "EVERYDAY",
    "seoBrand": "Everyday",
    "thumbNail": "https://static.colruytgroup.com/images/200x200/std.lang.all/32/59/asset-3323259.jpg",
    "fullImage": "https://static.colruytgroup.com/images/500x500/std.lang.all/32/59/asset-3323259.jpg",
    "squareImage": "https://static.colruytgroup.com/images/500x500sq/std.lang.all/32/59/asset-3323259.jpg",
    "content": "850g",
    "walkRouteSequenceNumber": 5742,
    "price": {
      "basicPrice": 1.19,
      "recommendedQuantity": "1.0",
      "measurementUnitPrice": 1.4,
      "measurementUnit": "K",
      "isRedPrice": false,
      "pricePerUOM": 1.4,
      "activationDate": "06-12-2023",
      "recordSource": "Offline",
      "isPromoActive": "N",
      "priceChangeCode": "E"
    },
    "isAvailable": true,
    "isPriceAvailable": true,
    "inPromo": false,
    "gtin": [
      "05400141956023",
      "05400141187694",
      "15400141187691",
      "05400141562330"
    ],
    "topCategoryName": "Zuivel",
    "topCategoryId": "65",
    "businessDomain": "RETAIL_BE",
    "IsPrivateLabel": true,
    "IsBiffe": false,
    "WeightconversionFactor": "0",
    "IsWeightArticle": false,
    "nutriscoreLabel": "D",
    "IsBio": false,
    "CountryOfOrigin": "BELGIË",
    "IsExclusivelySoldInLuxembourg": false,
    "OrderUnit": "P",
    "ShortName": "EVD DR.YOGH.EXOT. 850G",
    "IsNew": false,
    "EcoscoreLabel": "B",
    "RecentQuanityOfStockUnits": "1,6",
    "LongName": "EVERYDAY drinkyoghurt exotisch 850g",
    "AlcoholVolume": "0",
    "FicCode": "I",
    "EcoscoreValue": "79"
  },
  {
    "productId": "529253",
    "technicalArticleNumber": "4118919",
    "commercialArticleNumber": "6066",
    "name": "Belegen sneetjes",
    "description": "*Nederland B.O.B.\n*Halfharde kaas\n*Met natuurkorst\n*Belegen",
    "brand": "NOORD HOLLANDER",
    "seoBrand": "Noord Hollander",
    "thumbNail": "https://static.colruytgroup.com/images/200x200/std.lang.all/74/05/asset-2717405.jpg",
    "fullImage": "https://static.colruytgroup.com/images/500x500/std.lang.all/74/05/asset-2717405.jpg",
    "squareImage": "https://static.colruytgroup.com/images/500x500sq/std.lang.all/74/05/asset-2717405.jpg",
    "content": "350g",
    "walkRouteSequenceNumber": 6215,
    "price": {
      "basicPrice": 6.65,
      "recommendedQuantity": "1.0",
      "measurementUnitPrice": 19,
      "measurementUnit": "K",
      "isRedPrice": false,
      "pricePerUOM": 19,
      "activationDate": "13-03-2024",
      "isPromoActive": "N",
      "priceChangeCode": "E"
    },
    "isAvailable": true,
    "isPriceAvailable": true,
    "inPromo": false,
    "gtin": [
      "05400141619171",
      "05400141297423",
      "05400141408911"
    ],
    "topCategoryName": "Zuivel",
    "topCategoryId": "65",
    "businessDomain": "RETAIL_BE",
    "IsPrivateLabel": false,
    "IsBiffe": false,
    "WeightconversionFactor": "0",
    "IsWeightArticle": false,
    "nutriscoreLabel": "D",
    "IsBio": false,
    "CountryOfOrigin": "BELGIË",
    "IsExclusivelySoldInLuxembourg": false,
    "OrderUnit": "P",
    "ShortName": "NH GOUDA BEL.SN 350G",
    "IsNew": false,
    "EcoscoreLabel": "C",
    "RecentQuanityOfStockUnits": "1",
    "LongName": "NOORD HOLLANDER Belegen sneetjes 350g",
    "FicCode": "I",
    "EcoscoreValue": "59"
  },
  {
    "productId": "486200",
    "technicalArticleNumber": "4006031",
    "commercialArticleNumber": "4680",
    "name": "yoghurt zwarte kers",
    "description": "*Vol",
    "brand": "BONI",
    "seoBrand": "Boni Selection",
    "thumbNail": "https://static.colruytgroup.com/images/200x200/std.lang.all/67/82/asset-1766782.jpg",
    "fullImage": "https://static.colruytgroup.com/images/500x500/std.lang.all/67/82/asset-1766782.jpg",
    "squareImage": "https://static.colruytgroup.com/images/500x500sq/std.lang.all/67/82/asset-1766782.jpg",
    "content": "200g",
    "walkRouteSequenceNumber": 5829,
    "price": {
      "basicPrice": 0.988,
      "recommendedQuantity": "1.0",
      "measurementUnitPrice": 4.94,
      "measurementUnit": "K",
      "isRedPrice": false,
      "pricePerUOM": 4.94,
      "activationDate": "23-02-2024",
      "recordSource": "Offline",
      "isPromoActive": "N",
      "priceChangeCode": "H"
    },
    "isAvailable": true,
    "isPriceAvailable": true,
    "inPromo": false,
    "gtin": [
      "05400141193237",
      "15400141193234",
      "05400141467178"
    ],
    "topCategoryName": "Zuivel",
    "topCategoryId": "65",
    "businessDomain": "RETAIL_BE",
    "IsPrivateLabel": true,
    "IsBiffe": false,
    "WeightconversionFactor": "0",
    "IsWeightArticle": false,
    "nutriscoreLabel": "C",
    "IsBio": false,
    "CountryOfOrigin": "BELGIË",
    "IsExclusivelySoldInLuxembourg": false,
    "OrderUnit": "P",
    "ShortName": "BONI YOGH.ZW. KERS 200G",
    "IsNew": false,
    "EcoscoreLabel": "A",
    "RecentQuanityOfStockUnits": "1,1",
    "LongName": "BONI yoghurt zwarte kers 200g",
    "FicCode": "I",
    "EcoscoreValue": "93"
  },
  {
    "productId": "806791",
    "technicalArticleNumber": "4627284",
    "commercialArticleNumber": "7035",
    "name": "poffertjes",
    "brand": "BONI",
    "seoBrand": "Boni Selection",
    "thumbNail": "https://static.colruytgroup.com/images/200x200/std.lang.all/39/01/asset-2913901.jpg",
    "fullImage": "https://static.colruytgroup.com/images/500x500/std.lang.all/39/01/asset-2913901.jpg",
    "squareImage": "https://static.colruytgroup.com/images/500x500sq/std.lang.all/39/01/asset-2913901.jpg",
    "content": "50st",
    "walkRouteSequenceNumber": 6106,
    "price": {
      "basicPrice": 2.42,
      "recommendedQuantity": "1.0",
      "measurementUnitPrice": 5.84,
      "measurementUnit": "K",
      "isRedPrice": false,
      "pricePerUOM": 5.84,
      "activationDate": "18-01-2024",
      "recordSource": "Offline",
      "isPromoActive": "N",
      "priceChangeCode": "L"
    },
    "isAvailable": true,
    "isPriceAvailable": true,
    "inPromo": false,
    "gtin": [
      "15400141777793",
      "15400141602279",
      "05400141602272"
    ],
    "topCategoryName": "Bereidingen/Charcuterie/Vis/Veggie",
    "topCategoryId": "105",
    "businessDomain": "RETAIL_BE",
    "IsPrivateLabel": true,
    "IsBiffe": false,
    "WeightconversionFactor": "0",
    "IsWeightArticle": false,
    "nutriscoreLabel": "E",
    "IsBio": false,
    "CountryOfOrigin": "NEDERLAND",
    "IsExclusivelySoldInLuxembourg": false,
    "OrderUnit": "P",
    "ShortName": "BONI POFFERTJES 50ST",
    "IsNew": false,
    "EcoscoreLabel": "B",
    "RecentQuanityOfStockUnits": "1,7",
    "LongName": "BONI poffertjes 50st",
    "FicCode": "I",
    "EcoscoreValue": "66"
  },
  {
    "productId": "859385",
    "technicalArticleNumber": "4709962",
    "commercialArticleNumber": "2618",
    "name": "verse kruidenkaas",
    "brand": "BONI",
    "seoBrand": "Boni Selection",
    "thumbNail": "https://static.colruytgroup.com/images/200x200/std.lang.all/27/91/asset-3362791.jpg",
    "fullImage": "https://static.colruytgroup.com/images/500x500/std.lang.all/27/91/asset-3362791.jpg",
    "squareImage": "https://static.colruytgroup.com/images/500x500sq/std.lang.all/27/91/asset-3362791.jpg",
    "content": "200g",
    "walkRouteSequenceNumber": 5475,
    "price": {
      "basicPrice": 1.09,
      "recommendedQuantity": "1.0",
      "quantityPrice": 0.815,
      "quantityPriceQuantity": "2.0",
      "measurementUnitPrice": 5.45,
      "measurementUnitQuantityPrice": 4.08,
      "measurementUnit": "K",
      "isRedPrice": false,
      "pricePerUOM": 5.45,
      "activationDate": "13-03-2024",
      "isPromoActive": "Y",
      "priceChangeCode": "E",
      "quantityPricePerUOM": 4.08,
      "quantityActivationDate": "13-03-2024",
      "quantityPriceChangeCode": "E"
    },
    "isAvailable": true,
    "isPriceAvailable": true,
    "inPromo": false,
    "gtin": [
      "05400141443622"
    ],
    "topCategoryName": "Zuivel",
    "topCategoryId": "65",
    "businessDomain": "RETAIL_BE",
    "IsPrivateLabel": true,
    "IsBiffe": false,
    "WeightconversionFactor": "0",
    "IsWeightArticle": false,
    "nutriscoreLabel": "C",
    "IsBio": false,
    "CountryOfOrigin": "DENEMARKEN",
    "IsExclusivelySoldInLuxembourg": false,
    "OrderUnit": "P",
    "ShortName": "BONI KRUIDENKAAS 200G",
    "IsNew": false,
    "EcoscoreLabel": "B",
    "RecentQuanityOfStockUnits": "1,10",
    "LongName": "BONI verse kruidenkaas 200g",
    "FicCode": "I",
    "EcoscoreValue": "67"
  },
  {
    "productId": "793545",
    "technicalArticleNumber": "4601440",
    "commercialArticleNumber": "9877",
    "name": "Gnocchi om te bakken",
    "description": "*Om te bakken",
    "brand": "BONI",
    "seoBrand": "Boni Selection",
    "thumbNail": "https://static.colruytgroup.com/images/200x200/std.lang.all/59/36/asset-2945936.jpg",
    "fullImage": "https://static.colruytgroup.com/images/500x500/std.lang.all/59/36/asset-2945936.jpg",
    "squareImage": "https://static.colruytgroup.com/images/500x500sq/std.lang.all/59/36/asset-2945936.jpg",
    "content": "300g",
    "walkRouteSequenceNumber": 6702,
    "price": {
      "basicPrice": 2.29,
      "recommendedQuantity": "1.0",
      "quantityPrice": 2.11,
      "quantityPriceQuantity": "3.0",
      "measurementUnitPrice": 7.64,
      "measurementUnitQuantityPrice": 7.04,
      "measurementUnit": "K",
      "isRedPrice": false,
      "pricePerUOM": 7.64,
      "activationDate": "30-12-2023",
      "isPromoActive": "N",
      "priceChangeCode": "H",
      "quantityPricePerUOM": 7.04,
      "quantityActivationDate": "30-12-2023",
      "quantityPriceChangeCode": "H"
    },
    "isAvailable": true,
    "isPriceAvailable": true,
    "inPromo": false,
    "gtin": [
      "05400141804263"
    ],
    "topCategoryName": "Bereidingen/Charcuterie/Vis/Veggie",
    "topCategoryId": "105",
    "businessDomain": "RETAIL_BE",
    "IsPrivateLabel": true,
    "IsBiffe": false,
    "WeightconversionFactor": "0",
    "IsWeightArticle": false,
    "nutriscoreLabel": "C",
    "IsBio": false,
    "CountryOfOrigin": "FRANKRIJK",
    "IsExclusivelySoldInLuxembourg": false,
    "OrderUnit": "P",
    "ShortName": "BONI GNOCCHI 300G",
    "IsNew": false,
    "EcoscoreLabel": "B",
    "RecentQuanityOfStockUnits": "1,6",
    "LongName": "BONI Gnocchi om te bakken 300g",
    "FicCode": "I",
    "EcoscoreValue": "77"
  },
  {
    "productId": "529231",
    "technicalArticleNumber": "4118897",
    "commercialArticleNumber": "5566",
    "name": "gouda light jong sneetjes",
    "description": "*Nederland\n*Halfharde kaas jong\n*Gepasteuris.melk\n*Korst niet eetbaar\n*Abs. V.G.:18%, fris",
    "brand": "BONI",
    "seoBrand": "Boni Selection",
    "thumbNail": "https://static.colruytgroup.com/images/200x200/std.lang.all/77/70/asset-3127770.jpg",
    "fullImage": "https://static.colruytgroup.com/images/500x500/std.lang.all/77/70/asset-3127770.jpg",
    "squareImage": "https://static.colruytgroup.com/images/500x500sq/std.lang.all/77/70/asset-3127770.jpg",
    "content": "300g",
    "walkRouteSequenceNumber": 6242,
    "price": {
      "basicPrice": 4.48,
      "recommendedQuantity": "1.0",
      "quantityPrice": 2.92,
      "quantityPriceQuantity": "2.0",
      "measurementUnitPrice": 14.94,
      "measurementUnitQuantityPrice": 9.74,
      "measurementUnit": "K",
      "isRedPrice": false,
      "pricePerUOM": 14.94,
      "activationDate": "20-03-2024",
      "recordSource": "Offline",
      "isPromoActive": "N",
      "priceChangeCode": "E",
      "quantityPricePerUOM": 9.74,
      "quantityActivationDate": "20-03-2024",
      "quantityPriceChangeCode": "L"
    },
    "isAvailable": true,
    "isPriceAvailable": true,
    "inPromo": false,
    "gtin": [
      "05400141701012",
      "05400141297393"
    ],
    "topCategoryName": "Zuivel",
    "topCategoryId": "65",
    "businessDomain": "RETAIL_BE",
    "IsPrivateLabel": true,
    "IsBiffe": false,
    "WeightconversionFactor": "0",
    "IsWeightArticle": false,
    "nutriscoreLabel": "C",
    "IsBio": false,
    "CountryOfOrigin": "BELGIË",
    "IsExclusivelySoldInLuxembourg": false,
    "OrderUnit": "P",
    "ShortName": "BONI GOUDA LIGH.SN 300G",
    "IsNew": false,
    "EcoscoreLabel": "C",
    "RecentQuanityOfStockUnits": "1",
    "LongName": "BONI gouda light jong sneetjes 300g",
    "FicCode": "I",
    "EcoscoreValue": "59"
  },
  {
    "productId": "772256",
    "technicalArticleNumber": "4560666",
    "commercialArticleNumber": "28421",
    "name": "pecorino romano",
    "description": "*Italie\n*Harde kaas\n*5 maanden gerijpt\n*Op basis van\ngepast. schapenmelk",
    "brand": "COLL",
    "seoBrand": "COLLA",
    "thumbNail": "https://static.colruytgroup.com/images/200x200/std.lang.all/65/09/asset-2826509.jpg",
    "fullImage": "https://static.colruytgroup.com/images/500x500/std.lang.all/65/09/asset-2826509.jpg",
    "squareImage": "https://static.colruytgroup.com/images/500x500sq/std.lang.all/65/09/asset-2826509.jpg",
    "content": "275g",
    "walkRouteSequenceNumber": 5613,
    "price": {
      "basicPrice": 6.86,
      "recommendedQuantity": "1.0",
      "measurementUnitPrice": 24.95,
      "measurementUnit": "K",
      "isRedPrice": false,
      "pricePerUOM": 24.95,
      "activationDate": "28-02-2024",
      "recordSource": "Offline",
      "isPromoActive": "N",
      "priceChangeCode": "H"
    },
    "isAvailable": true,
    "isPriceAvailable": true,
    "inPromo": false,
    "gtin": [
      "18010883002229",
      "08010883002222"
    ],
    "topCategoryName": "Zuivel",
    "topCategoryId": "65",
    "businessDomain": "RETAIL_BE",
    "IsPrivateLabel": false,
    "IsBiffe": false,
    "WeightconversionFactor": "0",
    "IsWeightArticle": false,
    "IsBio": false,
    "CountryOfOrigin": "ITALIË",
    "IsExclusivelySoldInLuxembourg": false,
    "OrderUnit": "P",
    "ShortName": "COLL PECORINO 275GR",
    "IsNew": false,
    "RecentQuanityOfStockUnits": "1",
    "LongName": "COLL pecorino romano 275g",
    "FicCode": "E"
  },
  {
    "productId": "504487",
    "technicalArticleNumber": "4047118",
    "commercialArticleNumber": "6494",
    "name": "Burrata",
    "description": "*Verse kaas",
    "brand": "DELIZIOSA",
    "thumbNail": "https://static.colruytgroup.com/images/200x200/std.lang.all/78/78/asset-2747878.jpg",
    "fullImage": "https://static.colruytgroup.com/images/500x500/std.lang.all/78/78/asset-2747878.jpg",
    "squareImage": "https://static.colruytgroup.com/images/500x500sq/std.lang.all/78/78/asset-2747878.jpg",
    "content": "150g",
    "walkRouteSequenceNumber": 5226,
    "price": {
      "basicPrice": 3.9,
      "recommendedQuantity": "1.0",
      "measurementUnitPrice": 26,
      "measurementUnit": "K",
      "isRedPrice": false,
      "pricePerUOM": 26,
      "activationDate": "17-02-2024",
      "recordSource": "Offline",
      "isPromoActive": "N",
      "priceChangeCode": "E"
    },
    "isAvailable": true,
    "isPriceAvailable": true,
    "inPromo": false,
    "gtin": [
      "08018731086967",
      "08018731001502"
    ],
    "topCategoryName": "Zuivel",
    "topCategoryId": "65",
    "businessDomain": "RETAIL_BE",
    "IsPrivateLabel": false,
    "IsBiffe": false,
    "WeightconversionFactor": "0",
    "IsWeightArticle": false,
    "nutriscoreLabel": "D",
    "IsBio": false,
    "CountryOfOrigin": "ITALIË",
    "IsExclusivelySoldInLuxembourg": false,
    "OrderUnit": "P",
    "ShortName": "DELIZIOSA BURRATA 150G",
    "InSeason": true,
    "IsNew": false,
    "EcoscoreLabel": "D",
    "RecentQuanityOfStockUnits": "1,8",
    "LongName": "DELIZIOSA Burrata 150g",
    "StartSeasonDate": "21/10/2019",
    "FicCode": "E",
    "EcoscoreValue": "38"
  },
  {
    "productId": "82744",
    "technicalArticleNumber": "2929671",
    "commercialArticleNumber": "19836",
    "name": "smeerkaas kuipje",
    "description": "*Nederland\n*Smeltkaas\n*Romig",
    "brand": "BONI",
    "seoBrand": "Boni Selection",
    "thumbNail": "https://static.colruytgroup.com/images/200x200/std.lang.all/19/21/asset-2231921.jpg",
    "fullImage": "https://static.colruytgroup.com/images/500x500/std.lang.all/19/21/asset-2231921.jpg",
    "squareImage": "https://static.colruytgroup.com/images/500x500sq/std.lang.all/19/21/asset-2231921.jpg",
    "content": "200g",
    "walkRouteSequenceNumber": 6123,
    "price": {
      "basicPrice": 1.45,
      "recommendedQuantity": "1.0",
      "measurementUnitPrice": 7.25,
      "measurementUnit": "K",
      "isRedPrice": false,
      "pricePerUOM": 7.25,
      "activationDate": "17-02-2024",
      "recordSource": "Offline",
      "isPromoActive": "N",
      "priceChangeCode": "E"
    },
    "isAvailable": true,
    "isPriceAvailable": true,
    "inPromo": false,
    "gtin": [
      "05400141473674",
      "15400141473671",
      "05400141041811",
      "05400141144918",
      "05400141074420",
      "15400141144915",
      "05400141041712"
    ],
    "topCategoryName": "Zuivel",
    "topCategoryId": "65",
    "businessDomain": "RETAIL_BE",
    "IsPrivateLabel": true,
    "IsBiffe": false,
    "WeightconversionFactor": "0",
    "IsWeightArticle": false,
    "nutriscoreLabel": "B",
    "IsBio": false,
    "CountryOfOrigin": "BELGIË",
    "IsExclusivelySoldInLuxembourg": false,
    "OrderUnit": "P",
    "ShortName": "BONI SMEERKAAS 200G",
    "InSeason": true,
    "IsNew": false,
    "EcoscoreLabel": "D",
    "RecentQuanityOfStockUnits": "1,8",
    "LongName": "BONI smeerkaas kuipje 200g",
    "AlcoholVolume": "0",
    "StartSeasonDate": "25/07/2022",
    "FicCode": "I",
    "EcoscoreValue": "39"
  },
  {
    "productId": "1873",
    "technicalArticleNumber": "26267",
    "commercialArticleNumber": "26267",
    "name": "verse kaas 0%vg",
    "description": "*Mager",
    "brand": "BONI",
    "seoBrand": "Boni Selection",
    "thumbNail": "https://static.colruytgroup.com/images/200x200/std.lang.all/87/26/asset-3208726.jpg",
    "fullImage": "https://static.colruytgroup.com/images/500x500/std.lang.all/87/26/asset-3208726.jpg",
    "squareImage": "https://static.colruytgroup.com/images/500x500sq/std.lang.all/87/26/asset-3208726.jpg",
    "content": "4x100g",
    "walkRouteSequenceNumber": 5707,
    "price": {
      "basicPrice": 1.59,
      "recommendedQuantity": "1.0",
      "measurementUnitPrice": 3.98,
      "measurementUnit": "K",
      "isRedPrice": false,
      "pricePerUOM": 3.98,
      "activationDate": "10-01-2024",
      "isPromoActive": "N",
      "priceChangeCode": "H"
    },
    "isAvailable": true,
    "isPriceAvailable": true,
    "inPromo": false,
    "gtin": [
      "15400141989721",
      "05400141074703",
      "05400141238778",
      "05400141262674",
      "05400141036039"
    ],
    "topCategoryName": "Zuivel",
    "topCategoryId": "65",
    "businessDomain": "RETAIL_BE",
    "IsPrivateLabel": true,
    "IsBiffe": false,
    "WeightconversionFactor": "0",
    "IsWeightArticle": false,
    "nutriscoreLabel": "A",
    "IsBio": false,
    "CountryOfOrigin": "FRANKRIJK",
    "IsExclusivelySoldInLuxembourg": false,
    "OrderUnit": "P",
    "ShortName": "BONI S MAGER 0PC 4X100G",
    "IsNew": false,
    "EcoscoreLabel": "A",
    "RecentQuanityOfStockUnits": "1",
    "LongName": "BONI verse kaas 0%vg 4x100g",
    "AlcoholVolume": "0",
    "FicCode": "I",
    "EcoscoreValue": "100"
  },
  {
    "productId": "157278",
    "technicalArticleNumber": "3279787",
    "commercialArticleNumber": "40910",
    "name": "yoghurt vol perzik-passie.",
    "description": "volle yoghurt 8 % perzik en\npassievrucht",
    "brand": "EVERYDAY",
    "seoBrand": "Everyday",
    "thumbNail": "https://static.colruytgroup.com/images/200x200/std.lang.all/51/42/asset-1975142.jpg",
    "fullImage": "https://static.colruytgroup.com/images/500x500/std.lang.all/51/42/asset-1975142.jpg",
    "squareImage": "https://static.colruytgroup.com/images/500x500sq/std.lang.all/51/42/asset-1975142.jpg",
    "content": "1kg",
    "walkRouteSequenceNumber": 5772,
    "price": {
      "basicPrice": 1.75,
      "recommendedQuantity": "1.0",
      "measurementUnitPrice": 1.75,
      "measurementUnit": "K",
      "isRedPrice": false,
      "pricePerUOM": 1.75,
      "activationDate": "10-02-2024",
      "recordSource": "Offline",
      "isPromoActive": "N",
      "priceChangeCode": "H"
    },
    "isAvailable": true,
    "isPriceAvailable": true,
    "inPromo": false,
    "gtin": [
      "05400141760866",
      "05400141219906",
      "05400141226942",
      "15400141893493",
      "15400141267355",
      "05400141267358",
      "15400141760863"
    ],
    "topCategoryName": "Zuivel",
    "topCategoryId": "65",
    "businessDomain": "RETAIL_BE",
    "IsPrivateLabel": true,
    "IsBiffe": false,
    "WeightconversionFactor": "0",
    "IsWeightArticle": false,
    "nutriscoreLabel": "C",
    "IsBio": false,
    "CountryOfOrigin": "DUITSLAND",
    "IsExclusivelySoldInLuxembourg": false,
    "OrderUnit": "P",
    "ShortName": "EVD VOL YOG.PERZ-PAS1KG",
    "IsNew": false,
    "EcoscoreLabel": "A",
    "RecentQuanityOfStockUnits": "1,6",
    "LongName": "EVERYDAY yoghurt vol perzik-passie. 1kg",
    "AlcoholVolume": "0",
    "FicCode": "I",
    "EcoscoreValue": "95"
  },
  {
    "productId": "439330",
    "technicalArticleNumber": "3988529",
    "commercialArticleNumber": "3715",
    "name": "zacht&romig knofl.f.kruiden",
    "description": "*Frankrijk\n*Vg 30,5%\n*Met look en fijne\nkruiden",
    "brand": "BOURSIN",
    "seoBrand": "Boursin",
    "thumbNail": "https://ecgproductmw.colruytgroup.com/ecgproductmw/noPicForArticle_2.jpg",
    "fullImage": "https://ecgproductmw.colruytgroup.com/ecgproductmw/noPicForArticle_5.jpg",
    "squareImage": "https://ecgproductmw.colruytgroup.com/ecgproductmw/noPicForArticle_5.jpg",
    "content": "125g",
    "walkRouteSequenceNumber": 4867,
    "price": {
      "basicPrice": 2.89,
      "recommendedQuantity": "1.0",
      "measurementUnitPrice": 23.12,
      "measurementUnit": "K",
      "isRedPrice": false,
      "pricePerUOM": 23.12,
      "activationDate": "14-02-2024",
      "recordSource": "Offline",
      "isPromoActive": "N",
      "priceChangeCode": "E"
    },
    "isAvailable": true,
    "isPriceAvailable": true,
    "inPromo": false,
    "gtin": [
      "03073781091861",
      "03073781091885"
    ],
    "topCategoryName": "Zuivel",
    "topCategoryId": "65",
    "businessDomain": "RETAIL_BE",
    "IsPrivateLabel": false,
    "IsBiffe": false,
    "WeightconversionFactor": "0",
    "IsWeightArticle": false,
    "nutriscoreLabel": "D",
    "IsBio": false,
    "CountryOfOrigin": "FRANKRIJK",
    "IsExclusivelySoldInLuxembourg": false,
    "OrderUnit": "P",
    "ShortName": "BOUR ONCT.AIL F.HER125G",
    "IsNew": false,
    "EcoscoreLabel": "B",
    "RecentQuanityOfStockUnits": "1",
    "LongName": "BOURSIN zacht&romig knofl.f.kruiden 125g",
    "FicCode": "E",
    "EcoscoreValue": "67"
  },
  {
    "productId": "157275",
    "technicalArticleNumber": "3279779",
    "commercialArticleNumber": "40908",
    "name": "yoghurt vol aardbei",
    "description": "Volle yoghurt met 9 % aardbeien",
    "brand": "EVERYDAY",
    "seoBrand": "Everyday",
    "thumbNail": "https://static.colruytgroup.com/images/200x200/std.lang.all/10/33/asset-3441033.jpg",
    "fullImage": "https://static.colruytgroup.com/images/500x500/std.lang.all/10/33/asset-3441033.jpg",
    "squareImage": "https://static.colruytgroup.com/images/500x500sq/std.lang.all/10/33/asset-3441033.jpg",
    "content": "1kg",
    "walkRouteSequenceNumber": 5773,
    "price": {
      "basicPrice": 1.75,
      "recommendedQuantity": "1.0",
      "measurementUnitPrice": 1.75,
      "measurementUnit": "K",
      "isRedPrice": false,
      "pricePerUOM": 1.75,
      "activationDate": "02-03-2024",
      "recordSource": "Offline",
      "isPromoActive": "N",
      "priceChangeCode": "H"
    },
    "isAvailable": true,
    "isPriceAvailable": true,
    "inPromo": false,
    "gtin": [
      "15400141893486",
      "05400141219890",
      "05400141267204",
      "15400141267201",
      "15400141760870",
      "05400141760873",
      "05400141585094"
    ],
    "topCategoryName": "Zuivel",
    "topCategoryId": "65",
    "businessDomain": "RETAIL_BE",
    "IsPrivateLabel": true,
    "IsBiffe": false,
    "WeightconversionFactor": "0",
    "IsWeightArticle": false,
    "IsBio": false,
    "CountryOfOrigin": "DUITSLAND",
    "IsExclusivelySoldInLuxembourg": false,
    "OrderUnit": "P",
    "ShortName": "EVD VOL YOGH AARDBEI 1K",
    "IsNew": false,
    "RecentQuanityOfStockUnits": "6,1",
    "LongName": "EVERYDAY yoghurt vol aardbei 1kg",
    "AlcoholVolume": "0",
    "FicCode": "I"
  },
  {
    "productId": "54810",
    "technicalArticleNumber": "2397639",
    "commercialArticleNumber": "18629",
    "name": "margarine bakken braden vl.",
    "description": "*Bakken\n*Vetgehalte: 82 %",
    "brand": "SOLO",
    "seoBrand": "Solo",
    "thumbNail": "https://static.colruytgroup.com/images/200x200/std.lang.all/17/77/asset-831777.jpg",
    "fullImage": "https://static.colruytgroup.com/images/500x500/std.lang.all/17/77/asset-831777.jpg",
    "squareImage": "https://static.colruytgroup.com/images/500x500sq/std.lang.all/17/77/asset-831777.jpg",
    "content": "750ml",
    "walkRouteSequenceNumber": 6036,
    "price": {
      "basicPrice": 4.93,
      "recommendedQuantity": "2.0",
      "measurementUnitPrice": 6.58,
      "measurementUnit": "L",
      "isRedPrice": false,
      "pricePerUOM": 6.58,
      "activationDate": "13-03-2024",
      "recordSource": "Offline",
      "isPromoActive": "N",
      "priceChangeCode": "E"
    },
    "isAvailable": true,
    "isPriceAvailable": true,
    "inPromo": false,
    "gtin": [
      "05400141186291",
      "08719200021235",
      "08719200021228",
      "08718114822709"
    ],
    "topCategoryName": "Zuivel",
    "topCategoryId": "65",
    "businessDomain": "RETAIL_BE",
    "IsPrivateLabel": false,
    "IsBiffe": false,
    "WeightconversionFactor": "0",
    "IsWeightArticle": false,
    "nutriscoreLabel": "D",
    "IsBio": false,
    "CountryOfOrigin": "POLEN",
    "IsExclusivelySoldInLuxembourg": false,
    "OrderUnit": "P",
    "ShortName": "SOLO LIQUID 750ML",
    "IsNew": false,
    "EcoscoreLabel": "C",
    "RecentQuanityOfStockUnits": "2,1,8",
    "LongName": "SOLO margarine bakken braden vl. 750ml",
    "AlcoholVolume": "0",
    "FicCode": "E",
    "EcoscoreValue": "48"
  },
  {
    "productId": "32233",
    "technicalArticleNumber": "1858010",
    "commercialArticleNumber": "23370",
    "name": "pudding vanille-chocolade",
    "brand": "PAULA",
    "seoBrand": "Dr.Oetker Paula",
    "thumbNail": "https://static.colruytgroup.com/images/200x200/std.lang.all/92/18/asset-2759218.jpg",
    "fullImage": "https://static.colruytgroup.com/images/500x500/std.lang.all/92/18/asset-2759218.jpg",
    "squareImage": "https://static.colruytgroup.com/images/500x500sq/std.lang.all/92/18/asset-2759218.jpg",
    "content": "4x125g",
    "walkRouteSequenceNumber": 5955,
    "price": {
      "basicPrice": 2.99,
      "recommendedQuantity": "1.0",
      "quantityPrice": 1.79,
      "quantityPriceQuantity": "2.0",
      "measurementUnitPrice": 5.98,
      "measurementUnitQuantityPrice": 3.58,
      "measurementUnit": "K",
      "isRedPrice": false,
      "pricePerUOM": 5.98,
      "activationDate": "20-03-2024",
      "recordSource": "Offline",
      "isPromoActive": "N",
      "priceChangeCode": "E",
      "quantityPricePerUOM": 3.58,
      "quantityActivationDate": "20-03-2024",
      "quantityPriceChangeCode": "L"
    },
    "isAvailable": true,
    "isPriceAvailable": true,
    "inPromo": false,
    "gtin": [
      "04023600202885",
      "04023600202878"
    ],
    "topCategoryName": "Zuivel",
    "topCategoryId": "65",
    "businessDomain": "RETAIL_BE",
    "IsPrivateLabel": false,
    "IsBiffe": false,
    "WeightconversionFactor": "0",
    "IsWeightArticle": false,
    "nutriscoreLabel": "C",
    "IsBio": false,
    "CountryOfOrigin": "DUITSLAND",
    "IsExclusivelySoldInLuxembourg": false,
    "OrderUnit": "P",
    "ShortName": "OETK PAULA VANIL.4X125G",
    "IsNew": false,
    "RecentQuanityOfStockUnits": "1",
    "LongName": "PAULA pudding vanille-chocolade 4x125g",
    "AlcoholVolume": "0",
    "FicCode": "E"
  },
  {
    "productId": "322983",
    "technicalArticleNumber": "3780198",
    "commercialArticleNumber": "20391",
    "name": "pouch aardbei",
    "description": "*verse kaas\n*vetgehalte: 2,1%\n*calcium en\nvitamine D\ntoegevoegd",
    "brand": "BONI",
    "seoBrand": "Boni Selection",
    "thumbNail": "https://static.colruytgroup.com/images/200x200/std.lang.all/39/69/asset-3223969.jpg",
    "fullImage": "https://static.colruytgroup.com/images/500x500/std.lang.all/39/69/asset-3223969.jpg",
    "squareImage": "https://static.colruytgroup.com/images/500x500sq/std.lang.all/39/69/asset-3223969.jpg",
    "content": "4x90g",
    "walkRouteSequenceNumber": 5876,
    "price": {
      "basicPrice": 1.96,
      "recommendedQuantity": "1.0",
      "measurementUnitPrice": 5.45,
      "measurementUnit": "K",
      "isRedPrice": false,
      "pricePerUOM": 5.45,
      "activationDate": "17-02-2024",
      "recordSource": "Offline",
      "isPromoActive": "N",
      "priceChangeCode": "E"
    },
    "isAvailable": true,
    "isPriceAvailable": true,
    "inPromo": false,
    "gtin": [
      "05400141140590",
      "05400141215915",
      "15400141140597",
      "15400141215912"
    ],
    "topCategoryName": "Zuivel",
    "topCategoryId": "65",
    "businessDomain": "RETAIL_BE",
    "IsPrivateLabel": true,
    "IsBiffe": false,
    "WeightconversionFactor": "0",
    "IsWeightArticle": false,
    "nutriscoreLabel": "A",
    "IsBio": false,
    "CountryOfOrigin": "FRANKRIJK",
    "IsExclusivelySoldInLuxembourg": false,
    "OrderUnit": "P",
    "ShortName": "BONI POUCH AARDBEI4X90G",
    "IsNew": false,
    "EcoscoreLabel": "A",
    "RecentQuanityOfStockUnits": "1,6",
    "LongName": "BONI pouch aardbei 4x90g",
    "AlcoholVolume": "0",
    "FicCode": "I",
    "EcoscoreValue": "100"
  },
  {
    "productId": "306263",
    "technicalArticleNumber": "3728883",
    "commercialArticleNumber": "20556",
    "name": "aardbei",
    "description": "*Extra bevorderend\nvoor de darmflora",
    "brand": "ACTIMEL",
    "seoBrand": "Actimel",
    "thumbNail": "https://static.colruytgroup.com/images/200x200/std.lang.all/40/61/asset-3364061.jpg",
    "fullImage": "https://static.colruytgroup.com/images/500x500/std.lang.all/40/61/asset-3364061.jpg",
    "squareImage": "https://static.colruytgroup.com/images/500x500sq/std.lang.all/40/61/asset-3364061.jpg",
    "content": "8x100g",
    "walkRouteSequenceNumber": 5692,
    "price": {
      "basicPrice": 4.29,
      "recommendedQuantity": "1.0",
      "measurementUnitPrice": 5.37,
      "measurementUnit": "K",
      "isRedPrice": false,
      "pricePerUOM": 5.37,
      "activationDate": "05-03-2024",
      "recordSource": "Offline",
      "isPromoActive": "N",
      "priceChangeCode": "E"
    },
    "isAvailable": true,
    "isPriceAvailable": true,
    "inPromo": false,
    "gtin": [
      "15410146416603",
      "05410146416606"
    ],
    "topCategoryName": "Zuivel",
    "topCategoryId": "65",
    "businessDomain": "RETAIL_BE",
    "IsPrivateLabel": false,
    "IsBiffe": false,
    "WeightconversionFactor": "0",
    "IsWeightArticle": false,
    "nutriscoreLabel": "B",
    "IsBio": false,
    "CountryOfOrigin": "BELGIË",
    "IsExclusivelySoldInLuxembourg": false,
    "OrderUnit": "P",
    "ShortName": "DANO ACTIM.AARDB.8X100G",
    "IsNew": false,
    "EcoscoreLabel": "B",
    "RecentQuanityOfStockUnits": "1",
    "LongName": "ACTIMEL aardbei 8x100g",
    "AlcoholVolume": "0",
    "FicCode": "E",
    "EcoscoreValue": "67"
  },
  {
    "productId": "11493",
    "technicalArticleNumber": "1411627",
    "commercialArticleNumber": "28287",
    "name": "bladerdeeg Fillo",
    "description": "*Hallal\n*Geschikt voor zoete\nen hartige\nbereidingen",
    "brand": "SWEET HELLAS",
    "seoBrand": "Sweet Hellas",
    "thumbNail": "https://static.colruytgroup.com/images/200x200/std.lang.all/80/26/asset-1398026.jpg",
    "fullImage": "https://static.colruytgroup.com/images/500x500/std.lang.all/80/26/asset-1398026.jpg",
    "squareImage": "https://static.colruytgroup.com/images/500x500sq/std.lang.all/80/26/asset-1398026.jpg",
    "content": "500g",
    "walkRouteSequenceNumber": 6057,
    "price": {
      "basicPrice": 2.89,
      "recommendedQuantity": "1.0",
      "measurementUnitPrice": 5.78,
      "measurementUnit": "K",
      "isRedPrice": false,
      "pricePerUOM": 5.78,
      "activationDate": "14-11-2023",
      "isPromoActive": "N",
      "priceChangeCode": "E"
    },
    "isAvailable": true,
    "isPriceAvailable": true,
    "inPromo": false,
    "gtin": [
      "05425005030015",
      "05425005031401",
      "05425005030817"
    ],
    "topCategoryName": "Bereidingen/Charcuterie/Vis/Veggie",
    "topCategoryId": "105",
    "businessDomain": "RETAIL_BE",
    "IsPrivateLabel": false,
    "IsBiffe": false,
    "WeightconversionFactor": "0",
    "IsWeightArticle": false,
    "nutriscoreLabel": "A",
    "IsBio": false,
    "CountryOfOrigin": "BELGIË",
    "IsExclusivelySoldInLuxembourg": false,
    "OrderUnit": "P",
    "ShortName": "SWEET FILLO BLADERD500G",
    "IsNew": false,
    "EcoscoreLabel": "A",
    "RecentQuanityOfStockUnits": "14,1",
    "LongName": "SWEET HELLAS bladerdeeg Fillo 500g",
    "AlcoholVolume": "0",
    "FicCode": "E",
    "EcoscoreValue": "90"
  },
  {
    "productId": "538686",
    "technicalArticleNumber": "4136186",
    "commercialArticleNumber": "9602",
    "name": "greek yoghurt vol 10%",
    "description": "*100% koemelk",
    "brand": "KRI KRI",
    "seoBrand": "Kri Kri",
    "thumbNail": "https://static.colruytgroup.com/images/200x200/std.lang.all/06/58/asset-1870658.jpg",
    "fullImage": "https://static.colruytgroup.com/images/500x500/std.lang.all/06/58/asset-1870658.jpg",
    "squareImage": "https://static.colruytgroup.com/images/500x500sq/std.lang.all/06/58/asset-1870658.jpg",
    "content": "500g",
    "walkRouteSequenceNumber": 5882,
    "price": {
      "basicPrice": 2.99,
      "recommendedQuantity": "1.0",
      "measurementUnitPrice": 5.98,
      "measurementUnit": "K",
      "isRedPrice": false,
      "pricePerUOM": 5.98,
      "activationDate": "15-11-2023",
      "isPromoActive": "N",
      "priceChangeCode": "E"
    },
    "isAvailable": true,
    "isPriceAvailable": true,
    "inPromo": false,
    "gtin": [
      "05202234620343",
      "05202234620329"
    ],
    "topCategoryName": "Zuivel",
    "topCategoryId": "65",
    "businessDomain": "RETAIL_BE",
    "IsPrivateLabel": false,
    "IsBiffe": false,
    "WeightconversionFactor": "0",
    "IsWeightArticle": false,
    "nutriscoreLabel": "C",
    "IsBio": false,
    "CountryOfOrigin": "GRIEKENLAND",
    "IsExclusivelySoldInLuxembourg": false,
    "OrderUnit": "P",
    "ShortName": "KRKR GREEK YOGH 10%500G",
    "IsNew": false,
    "EcoscoreLabel": "A",
    "RecentQuanityOfStockUnits": "1",
    "LongName": "KRI KRI greek yoghurt vol 10% 500g",
    "FicCode": "E",
    "EcoscoreValue": "89"
  },
  {
    "productId": "529301",
    "technicalArticleNumber": "4118967",
    "commercialArticleNumber": "7332",
    "name": "kaas oud sneetjes",
    "description": "*België\n*Harde kaas\n*Romig\n*Oud\n*O.b.v. gepast. melk",
    "brand": "BRUGGE",
    "seoBrand": "Brugge",
    "thumbNail": "https://static.colruytgroup.com/images/200x200/std.lang.all/27/43/asset-2912743.jpg",
    "fullImage": "https://static.colruytgroup.com/images/500x500/std.lang.all/27/43/asset-2912743.jpg",
    "squareImage": "https://static.colruytgroup.com/images/500x500sq/std.lang.all/27/43/asset-2912743.jpg",
    "content": "375g",
    "walkRouteSequenceNumber": 6213,
    "price": {
      "basicPrice": 8.34,
      "recommendedQuantity": "1.0",
      "measurementUnitPrice": 22.24,
      "measurementUnit": "K",
      "isRedPrice": false,
      "pricePerUOM": 22.24,
      "activationDate": "01-03-2024",
      "isPromoActive": "N",
      "priceChangeCode": "L"
    },
    "isAvailable": true,
    "isPriceAvailable": true,
    "inPromo": false,
    "gtin": [
      "05400141413434",
      "05400141297638"
    ],
    "topCategoryName": "Zuivel",
    "topCategoryId": "65",
    "businessDomain": "RETAIL_BE",
    "IsPrivateLabel": false,
    "IsBiffe": false,
    "WeightconversionFactor": "0",
    "IsWeightArticle": false,
    "nutriscoreLabel": "D",
    "IsBio": false,
    "CountryOfOrigin": "BELGIË",
    "IsExclusivelySoldInLuxembourg": false,
    "OrderUnit": "P",
    "ShortName": "BRUGGE OUD SNED 375G",
    "IsNew": false,
    "EcoscoreLabel": "B",
    "RecentQuanityOfStockUnits": "1",
    "LongName": "BRUGGE kaas oud sneetjes 375g",
    "FicCode": "I",
    "EcoscoreValue": "63"
  },
  {
    "productId": "293684",
    "technicalArticleNumber": "3682671",
    "commercialArticleNumber": "41857",
    "name": "kaas abdij blokjes",
    "description": "*België\n*Halfharde kaas\n*Pittig\n*vegetarisch",
    "brand": "GRIMBERGEN",
    "seoBrand": "Grimbergen",
    "thumbNail": "https://static.colruytgroup.com/images/200x200/std.lang.all/36/73/asset-3423673.jpg",
    "fullImage": "https://static.colruytgroup.com/images/500x500/std.lang.all/36/73/asset-3423673.jpg",
    "squareImage": "https://static.colruytgroup.com/images/500x500sq/std.lang.all/36/73/asset-3423673.jpg",
    "content": "280g",
    "walkRouteSequenceNumber": 5601,
    "price": {
      "basicPrice": 6.99,
      "recommendedQuantity": "1.0",
      "measurementUnitPrice": 24.97,
      "measurementUnit": "K",
      "isRedPrice": false,
      "pricePerUOM": 24.97,
      "activationDate": "13-03-2024",
      "isPromoActive": "Y",
      "priceChangeCode": "L"
    },
    "isAvailable": true,
    "isPriceAvailable": true,
    "inPromo": true,
    "promotion": [
      {
        "techPromoId": "100851COLR",
        "promotionId": "100851",
        "promotionType": "3",
        "isPersonalized": "N",
        "publicationStartDate": "13-03-2024",
        "publicationEndDate": "26-03-2024"
      }
    ],
    "gtin": [
      "05400141160239",
      "05400141126716",
      "25400141126710"
    ],
    "topCategoryName": "Zuivel",
    "topCategoryId": "65",
    "businessDomain": "RETAIL_BE",
    "IsPrivateLabel": false,
    "IsBiffe": false,
    "WeightconversionFactor": "0",
    "IsWeightArticle": false,
    "nutriscoreLabel": "D",
    "IsBio": false,
    "CountryOfOrigin": "BELGIË",
    "IsExclusivelySoldInLuxembourg": false,
    "OrderUnit": "P",
    "ShortName": "GRIMBERGEN KUBUS 280 G",
    "IsNew": false,
    "EcoscoreLabel": "D",
    "RecentQuanityOfStockUnits": "1",
    "LongName": "GRIMBERGEN kaas abdij blokjes 280g",
    "AlcoholVolume": "0",
    "FicCode": "I",
    "EcoscoreValue": "39"
  },
  {
    "productId": "81905",
    "technicalArticleNumber": "2944742",
    "commercialArticleNumber": "18086",
    "name": "verse kaas vanille",
    "description": "*Vetgehalte: 3,8 %",
    "brand": "BONI",
    "seoBrand": "Boni Selection",
    "thumbNail": "https://static.colruytgroup.com/images/200x200/std.lang.all/28/12/asset-3352812.jpg",
    "fullImage": "https://static.colruytgroup.com/images/500x500/std.lang.all/28/12/asset-3352812.jpg",
    "squareImage": "https://static.colruytgroup.com/images/500x500sq/std.lang.all/28/12/asset-3352812.jpg",
    "content": "180g",
    "walkRouteSequenceNumber": 5875,
    "price": {
      "basicPrice": 0.56,
      "recommendedQuantity": "1.0",
      "measurementUnitPrice": 3.12,
      "measurementUnit": "K",
      "isRedPrice": false,
      "pricePerUOM": 3.12,
      "activationDate": "22-03-2024",
      "recordSource": "Offline",
      "isPromoActive": "N",
      "priceChangeCode": "H"
    },
    "isAvailable": true,
    "isPriceAvailable": true,
    "inPromo": false,
    "gtin": [
      "05400141238570",
      "05400141254679",
      "15400141293934",
      "05400141414721",
      "15400141238577",
      "05400141293937",
      "15400141979074"
    ],
    "topCategoryName": "Zuivel",
    "topCategoryId": "65",
    "businessDomain": "RETAIL_BE",
    "IsPrivateLabel": true,
    "IsBiffe": false,
    "WeightconversionFactor": "0",
    "IsWeightArticle": false,
    "nutriscoreLabel": "B",
    "IsBio": false,
    "CountryOfOrigin": "FRANKRIJK",
    "IsExclusivelySoldInLuxembourg": false,
    "OrderUnit": "P",
    "ShortName": "BONI KAAS VANILLE 180G",
    "IsNew": false,
    "EcoscoreLabel": "A",
    "RecentQuanityOfStockUnits": "8,1",
    "LongName": "BONI verse kaas vanille 180g",
    "AlcoholVolume": "0",
    "FicCode": "I",
    "EcoscoreValue": "100"
  },
  {
    "productId": "497640",
    "technicalArticleNumber": "4051894",
    "commercialArticleNumber": "6649",
    "name": "blauwe bosbes",
    "description": "*Plantaardig\nalternatief\nvoor yoghurt",
    "brand": "ALPRO",
    "seoBrand": "Alpro",
    "thumbNail": "https://static.colruytgroup.com/images/200x200/std.lang.all/37/67/asset-3373767.jpg",
    "fullImage": "https://static.colruytgroup.com/images/500x500/std.lang.all/37/67/asset-3373767.jpg",
    "squareImage": "https://static.colruytgroup.com/images/500x500sq/std.lang.all/37/67/asset-3373767.jpg",
    "content": "500g",
    "walkRouteSequenceNumber": 5843,
    "price": {
      "basicPrice": 2.99,
      "recommendedQuantity": "1.0",
      "measurementUnitPrice": 5.98,
      "measurementUnit": "K",
      "isRedPrice": false,
      "pricePerUOM": 5.98,
      "activationDate": "13-03-2024",
      "recordSource": "Offline",
      "isPromoActive": "N",
      "priceChangeCode": "H"
    },
    "isAvailable": true,
    "isPriceAvailable": true,
    "inPromo": false,
    "gtin": [
      "05411188102809",
      "05411188102816"
    ],
    "topCategoryName": "Zuivel",
    "topCategoryId": "65",
    "businessDomain": "RETAIL_BE",
    "IsPrivateLabel": false,
    "IsBiffe": false,
    "WeightconversionFactor": "0",
    "IsWeightArticle": false,
    "nutriscoreLabel": "A",
    "IsBio": false,
    "CountryOfOrigin": "BELGIË",
    "IsExclusivelySoldInLuxembourg": false,
    "OrderUnit": "P",
    "ShortName": "ALPRO BLAUWE BES 500G",
    "IsNew": false,
    "EcoscoreLabel": "A",
    "RecentQuanityOfStockUnits": "6,1",
    "LongName": "ALPRO blauwe bosbes 500g",
    "FicCode": "E",
    "EcoscoreValue": "88"
  },
  {
    "productId": "3843",
    "technicalArticleNumber": "1004664",
    "commercialArticleNumber": "5648",
    "name": "dessert vanille",
    "description": "*België\n*Plantaardig alter-\nnatief voor verse\ndesserten",
    "brand": "ALPRO",
    "seoBrand": "Alpro",
    "thumbNail": "https://static.colruytgroup.com/images/200x200/std.lang.all/77/65/asset-3367765.jpg",
    "fullImage": "https://static.colruytgroup.com/images/500x500/std.lang.all/77/65/asset-3367765.jpg",
    "squareImage": "https://static.colruytgroup.com/images/500x500sq/std.lang.all/77/65/asset-3367765.jpg",
    "content": "4x125g",
    "walkRouteSequenceNumber": 6311,
    "price": {
      "basicPrice": 2.99,
      "recommendedQuantity": "2.0",
      "measurementUnitPrice": 5.98,
      "measurementUnit": "K",
      "isRedPrice": false,
      "pricePerUOM": 5.98,
      "activationDate": "13-03-2024",
      "recordSource": "Offline",
      "isPromoActive": "N",
      "priceChangeCode": "E"
    },
    "isAvailable": true,
    "isPriceAvailable": true,
    "inPromo": false,
    "gtin": [
      "05411188094128",
      "05411188112839",
      "00000054051140",
      "05411188093411",
      "05411188093428",
      "05411188094111"
    ],
    "topCategoryName": "Zuivel",
    "topCategoryId": "65",
    "businessDomain": "RETAIL_BE",
    "IsPrivateLabel": false,
    "IsBiffe": false,
    "WeightconversionFactor": "0",
    "IsWeightArticle": false,
    "nutriscoreLabel": "C",
    "IsBio": false,
    "CountryOfOrigin": "BELGIË",
    "IsExclusivelySoldInLuxembourg": false,
    "OrderUnit": "P",
    "ShortName": "ALPRO DES VANIL 4X125G",
    "IsNew": false,
    "EcoscoreLabel": "A",
    "RecentQuanityOfStockUnits": "2,6,1",
    "LongName": "ALPRO dessert vanille 4x125g",
    "AlcoholVolume": "0",
    "FicCode": "E",
    "EcoscoreValue": "88"
  },
  {
    "productId": "2145",
    "technicalArticleNumber": "26767",
    "commercialArticleNumber": "26767",
    "name": "trappistenkaas Grand",
    "description": "*België\n*Halfharde kaas\n*Zacht subtiel\n*O.b.v. volle melk",
    "brand": "CHIMAY",
    "seoBrand": "Chimay",
    "thumbNail": "https://static.colruytgroup.com/images/200x200/std.lang.all/47/57/asset-3424757.jpg",
    "fullImage": "https://static.colruytgroup.com/images/500x500/std.lang.all/47/57/asset-3424757.jpg",
    "squareImage": "https://static.colruytgroup.com/images/500x500sq/std.lang.all/47/57/asset-3424757.jpg",
    "content": "320g",
    "walkRouteSequenceNumber": 5164,
    "price": {
      "basicPrice": 5.64,
      "recommendedQuantity": "1.0",
      "measurementUnitPrice": 17.63,
      "measurementUnit": "K",
      "isRedPrice": false,
      "pricePerUOM": 17.63,
      "activationDate": "19-03-2024",
      "recordSource": "Folder",
      "isPromoActive": "Y",
      "priceChangeCode": "L"
    },
    "isAvailable": true,
    "isPriceAvailable": true,
    "inPromo": true,
    "promotion": [
      {
        "techPromoId": "100848COLR",
        "promotionId": "100848",
        "promotionType": "4",
        "isPersonalized": "N",
        "publicationStartDate": "13-03-2024",
        "publicationEndDate": "26-03-2024"
      }
    ],
    "gtin": [
      "05412929000637",
      "05412929001306",
      "15412929000634",
      "15412929001303"
    ],
    "topCategoryName": "Zuivel",
    "topCategoryId": "65",
    "businessDomain": "RETAIL_BE",
    "IsPrivateLabel": false,
    "IsBiffe": false,
    "WeightconversionFactor": "0",
    "IsWeightArticle": false,
    "nutriscoreLabel": "D",
    "IsBio": false,
    "CountryOfOrigin": "BELGIË",
    "IsExclusivelySoldInLuxembourg": false,
    "OrderUnit": "P",
    "ShortName": "GRAND CHIMAY 320GR",
    "IsNew": false,
    "EcoscoreLabel": "D",
    "RecentQuanityOfStockUnits": "1",
    "LongName": "CHIMAY trappistenkaas Grand 320g",
    "AlcoholVolume": "0",
    "FicCode": "E",
    "EcoscoreValue": "27"
  },
  {
    "productId": "54369",
    "technicalArticleNumber": "2158329",
    "commercialArticleNumber": "32660",
    "name": "pudding Maxi melk-choc",
    "brand": "ZOTT MONTE",
    "seoBrand": "Zott Monte",
    "thumbNail": "https://static.colruytgroup.com/images/200x200/std.lang.all/55/31/asset-2885531.jpg",
    "fullImage": "https://static.colruytgroup.com/images/500x500/std.lang.all/55/31/asset-2885531.jpg",
    "squareImage": "https://static.colruytgroup.com/images/500x500sq/std.lang.all/55/31/asset-2885531.jpg",
    "content": "4x100g",
    "walkRouteSequenceNumber": 5965,
    "price": {
      "basicPrice": 3.19,
      "recommendedQuantity": "1.0",
      "measurementUnitPrice": 7.98,
      "measurementUnit": "K",
      "isRedPrice": false,
      "pricePerUOM": 7.98,
      "activationDate": "02-02-2024",
      "recordSource": "Offline",
      "isPromoActive": "N",
      "priceChangeCode": "E"
    },
    "isAvailable": true,
    "isPriceAvailable": true,
    "inPromo": false,
    "gtin": [
      "04014500041445",
      "04014500131986"
    ],
    "topCategoryName": "Zuivel",
    "topCategoryId": "65",
    "businessDomain": "RETAIL_BE",
    "IsPrivateLabel": false,
    "IsBiffe": false,
    "WeightconversionFactor": "0",
    "IsWeightArticle": false,
    "nutriscoreLabel": "D",
    "IsBio": false,
    "CountryOfOrigin": "DUITSLAND",
    "IsExclusivelySoldInLuxembourg": false,
    "OrderUnit": "P",
    "ShortName": "ZOTT MONTE MAXI4X100G",
    "IsNew": false,
    "EcoscoreLabel": "B",
    "RecentQuanityOfStockUnits": "1,6",
    "LongName": "ZOTT MONTE pudding Maxi melk-choc 4x100g",
    "AlcoholVolume": "0",
    "FicCode": "E",
    "EcoscoreValue": "76"
  },
  {
    "productId": "59249",
    "technicalArticleNumber": "2363675",
    "commercialArticleNumber": "26335",
    "name": "Le Moelleux sneetjes",
    "description": "*Nederland\n*Halfharde kaas\n*Zacht, intens",
    "brand": "LEERDAMMER",
    "seoBrand": "Leerdammer",
    "thumbNail": "https://static.colruytgroup.com/images/200x200/std.lang.all/02/91/asset-3420291.jpg",
    "fullImage": "https://static.colruytgroup.com/images/500x500/std.lang.all/02/91/asset-3420291.jpg",
    "squareImage": "https://static.colruytgroup.com/images/500x500sq/std.lang.all/02/91/asset-3420291.jpg",
    "content": "150g",
    "walkRouteSequenceNumber": 6239,
    "price": {
      "basicPrice": 4.59,
      "recommendedQuantity": "1.0",
      "measurementUnitPrice": 30.6,
      "measurementUnit": "K",
      "isRedPrice": false,
      "pricePerUOM": 30.6,
      "activationDate": "29-02-2024",
      "recordSource": "Offline",
      "isPromoActive": "N",
      "priceChangeCode": "E"
    },
    "isAvailable": true,
    "isPriceAvailable": true,
    "inPromo": false,
    "gtin": [
      "03073781133042",
      "03073780980401",
      "03073780980418",
      "08721800400549",
      "08721800400556"
    ],
    "topCategoryName": "Zuivel",
    "topCategoryId": "65",
    "businessDomain": "RETAIL_BE",
    "IsPrivateLabel": false,
    "IsBiffe": false,
    "WeightconversionFactor": "0",
    "IsWeightArticle": false,
    "nutriscoreLabel": "D",
    "IsBio": false,
    "CountryOfOrigin": "NEDERLAND",
    "IsExclusivelySoldInLuxembourg": false,
    "OrderUnit": "P",
    "ShortName": "LEERDAM MOELL 6S.150GR",
    "InSeason": true,
    "IsNew": false,
    "EcoscoreLabel": "D",
    "RecentQuanityOfStockUnits": "1",
    "LongName": "LEERDAMMER Le Moelleux sneetjes 150g",
    "AlcoholVolume": "0",
    "StartSeasonDate": "12/01/2011",
    "FicCode": "E",
    "EcoscoreValue": "30"
  },
  {
    "productId": "22810",
    "technicalArticleNumber": "1984593",
    "commercialArticleNumber": "35754",
    "name": "Petit Suisse Gervais 20%vg",
    "description": "*Vol\n*Vetgehalte: 20 %",
    "brand": "DANONE",
    "seoBrand": "Danone",
    "thumbNail": "https://static.colruytgroup.com/images/200x200/std.lang.all/66/76/asset-3376676.jpg",
    "fullImage": "https://static.colruytgroup.com/images/500x500/std.lang.all/66/76/asset-3376676.jpg",
    "squareImage": "https://static.colruytgroup.com/images/500x500sq/std.lang.all/66/76/asset-3376676.jpg",
    "content": "6x60g",
    "walkRouteSequenceNumber": 5699,
    "price": {
      "basicPrice": 2.49,
      "recommendedQuantity": "1.0",
      "measurementUnitPrice": 6.92,
      "measurementUnit": "K",
      "isRedPrice": false,
      "pricePerUOM": 6.92,
      "activationDate": "20-12-2023",
      "recordSource": "Offline",
      "isPromoActive": "N",
      "priceChangeCode": "H"
    },
    "isAvailable": true,
    "isPriceAvailable": true,
    "inPromo": false,
    "gtin": [
      "20000054016259",
      "00000054016255"
    ],
    "topCategoryName": "Zuivel",
    "topCategoryId": "65",
    "businessDomain": "RETAIL_BE",
    "IsPrivateLabel": false,
    "IsBiffe": false,
    "WeightconversionFactor": "0",
    "IsWeightArticle": false,
    "nutriscoreLabel": "A",
    "IsBio": false,
    "CountryOfOrigin": "FRANKRIJK",
    "IsExclusivelySoldInLuxembourg": false,
    "OrderUnit": "P",
    "ShortName": "DAN PET SUIS 20PC 6X60G",
    "IsNew": false,
    "EcoscoreLabel": "A",
    "RecentQuanityOfStockUnits": "1",
    "LongName": "DANONE Petit Suisse Gervais 20%vg 6x60g",
    "AlcoholVolume": "0",
    "FicCode": "E",
    "EcoscoreValue": "99"
  },
  {
    "productId": "529273",
    "technicalArticleNumber": "4118939",
    "commercialArticleNumber": "6939",
    "name": "gouda oud sneetjes",
    "description": "*Nederland\n*Halfharde kaas\n*Korst niet eetbaar\n*Oud\n*Met weidemelk",
    "brand": "BONI",
    "seoBrand": "Boni Selection",
    "thumbNail": "https://static.colruytgroup.com/images/200x200/std.lang.all/77/99/asset-3127799.jpg",
    "fullImage": "https://static.colruytgroup.com/images/500x500/std.lang.all/77/99/asset-3127799.jpg",
    "squareImage": "https://static.colruytgroup.com/images/500x500sq/std.lang.all/77/99/asset-3127799.jpg",
    "content": "350g",
    "walkRouteSequenceNumber": 6182,
    "price": {
      "basicPrice": 2.77,
      "recommendedQuantity": "1.0",
      "measurementUnitPrice": 7.92,
      "measurementUnit": "K",
      "isRedPrice": false,
      "pricePerUOM": 7.92,
      "activationDate": "20-03-2024",
      "recordSource": "Folder",
      "isPromoActive": "N",
      "priceChangeCode": "L"
    },
    "isAvailable": true,
    "isPriceAvailable": true,
    "inPromo": false,
    "gtin": [
      "05400141941517",
      "05400141375329",
      "05400141297492"
    ],
    "topCategoryName": "Zuivel",
    "topCategoryId": "65",
    "businessDomain": "RETAIL_BE",
    "IsPrivateLabel": true,
    "IsBiffe": false,
    "WeightconversionFactor": "0",
    "IsWeightArticle": false,
    "nutriscoreLabel": "C",
    "IsBio": false,
    "CountryOfOrigin": "NEDERLAND",
    "IsExclusivelySoldInLuxembourg": false,
    "OrderUnit": "P",
    "ShortName": "BONI GOUD OUD SN 350G",
    "IsNew": false,
    "EcoscoreLabel": "C",
    "RecentQuanityOfStockUnits": "1",
    "LongName": "BONI gouda oud sneetjes 350g",
    "FicCode": "I",
    "EcoscoreValue": "59"
  },
  {
    "productId": "285031",
    "technicalArticleNumber": "3659423",
    "commercialArticleNumber": "17243",
    "name": "geraspte kaas",
    "description": "*Geraspte kaas\n*Vegetarisch",
    "brand": "ECONOM",
    "seoBrand": "Econom",
    "thumbNail": "https://static.colruytgroup.com/images/200x200/std.lang.all/29/31/asset-1842931.jpg",
    "fullImage": "https://static.colruytgroup.com/images/500x500/std.lang.all/29/31/asset-1842931.jpg",
    "squareImage": "https://static.colruytgroup.com/images/500x500sq/std.lang.all/29/31/asset-1842931.jpg",
    "content": "1kg",
    "walkRouteSequenceNumber": 5640,
    "price": {
      "basicPrice": 8.18,
      "recommendedQuantity": "1.0",
      "measurementUnitPrice": 8.18,
      "measurementUnit": "K",
      "isRedPrice": false,
      "pricePerUOM": 8.18,
      "activationDate": "28-02-2024",
      "recordSource": "Offline",
      "isPromoActive": "N",
      "priceChangeCode": "H"
    },
    "isAvailable": true,
    "isPriceAvailable": true,
    "inPromo": false,
    "gtin": [
      "05400141143065",
      "05400141301984",
      "05400141274974",
      "25400141301988"
    ],
    "topCategoryName": "Zuivel",
    "topCategoryId": "65",
    "businessDomain": "RETAIL_BE",
    "IsPrivateLabel": true,
    "IsBiffe": false,
    "WeightconversionFactor": "0",
    "IsWeightArticle": false,
    "nutriscoreLabel": "D",
    "IsBio": false,
    "CountryOfOrigin": "BELGIË",
    "IsExclusivelySoldInLuxembourg": false,
    "OrderUnit": "P",
    "ShortName": "HC ECON GERASP KAAS 1KG",
    "IsNew": false,
    "EcoscoreLabel": "C",
    "RecentQuanityOfStockUnits": "1",
    "LongName": "ECONOM geraspte kaas 1kg",
    "AlcoholVolume": "0",
    "FicCode": "I",
    "EcoscoreValue": "44"
  },
  {
    "productId": "6882",
    "technicalArticleNumber": "1167435",
    "commercialArticleNumber": "26963",
    "name": "gouda jong sneetjes",
    "description": "*Nederland\n*Halfharde kaas\n*Natuurkorst,weidemelk\n*Jong, 5 weken gerijpt\n*Vegetarisch",
    "brand": "BONI",
    "seoBrand": "Boni Selection",
    "thumbNail": "https://static.colruytgroup.com/images/200x200/std.lang.all/77/97/asset-3127797.jpg",
    "fullImage": "https://static.colruytgroup.com/images/500x500/std.lang.all/77/97/asset-3127797.jpg",
    "squareImage": "https://static.colruytgroup.com/images/500x500sq/std.lang.all/77/97/asset-3127797.jpg",
    "content": "±1kg",
    "walkRouteSequenceNumber": 6174,
    "price": {
      "basicPrice": 7.14,
      "recommendedQuantity": "1.0",
      "unit": "K",
      "measurementUnitPrice": 7.14,
      "measurementUnit": "K",
      "isRedPrice": false,
      "pricePerUOM": 7.14,
      "activationDate": "19-03-2024",
      "recordSource": "Folder",
      "isPromoActive": "N",
      "priceChangeCode": "L"
    },
    "isAvailable": true,
    "isPriceAvailable": true,
    "inPromo": false,
    "gtin": [
      "05400141440072",
      "05400141117844",
      "05400141128956",
      "95400141440075"
    ],
    "topCategoryName": "Zuivel",
    "topCategoryId": "65",
    "businessDomain": "RETAIL_BE",
    "IsPrivateLabel": true,
    "IsBiffe": false,
    "WeightconversionFactor": "1000",
    "IsWeightArticle": true,
    "nutriscoreLabel": "C",
    "IsBio": false,
    "CountryOfOrigin": "NEDERLAND",
    "IsExclusivelySoldInLuxembourg": false,
    "OrderUnit": "P",
    "ShortName": "BONI GOUDA JON SN+-1KGW",
    "IsNew": false,
    "EcoscoreLabel": "C",
    "RecentQuanityOfStockUnits": "1",
    "LongName": "BONI gouda jong sneetjes ±1kg",
    "AlcoholVolume": "0",
    "FicCode": "I",
    "EcoscoreValue": "54"
  },
  {
    "productId": "1870",
    "technicalArticleNumber": "26221",
    "commercialArticleNumber": "26221",
    "name": "plattekaas vol",
    "description": "*Vol\n*Vetgehalte: 40 %",
    "brand": "CAMPINA",
    "seoBrand": "Campina",
    "thumbNail": "https://static.colruytgroup.com/images/200x200/nl_be/79/61/asset-3017961.jpg",
    "fullImage": "https://static.colruytgroup.com/images/500x500/nl_be/79/61/asset-3017961.jpg",
    "squareImage": "https://static.colruytgroup.com/images/500x500sq/nl_be/79/61/asset-3017961.jpg",
    "content": "500g",
    "walkRouteSequenceNumber": 5710,
    "price": {
      "basicPrice": 4.45,
      "recommendedQuantity": "1.0",
      "measurementUnitPrice": 8.9,
      "measurementUnit": "K",
      "isRedPrice": false,
      "pricePerUOM": 8.9,
      "activationDate": "31-01-2024",
      "recordSource": "Offline",
      "isPromoActive": "N",
      "priceChangeCode": "E"
    },
    "isAvailable": true,
    "isPriceAvailable": true,
    "inPromo": false,
    "gtin": [
      "08712800000600",
      "05410281002054",
      "05410281002849",
      "05410281002863",
      "05410281001095",
      "08712800502449"
    ],
    "topCategoryName": "Zuivel",
    "topCategoryId": "65",
    "businessDomain": "RETAIL_BE",
    "IsPrivateLabel": false,
    "IsBiffe": false,
    "WeightconversionFactor": "0",
    "IsWeightArticle": false,
    "nutriscoreLabel": "B",
    "IsBio": false,
    "CountryOfOrigin": "BELGIË",
    "IsExclusivelySoldInLuxembourg": false,
    "OrderUnit": "P",
    "ShortName": "CAM.BRA.PL.KAAS VOL 500",
    "IsNew": false,
    "EcoscoreLabel": "B",
    "RecentQuanityOfStockUnits": "1,6",
    "LongName": "CAMPINA plattekaas vol 500g",
    "AlcoholVolume": "0",
    "FicCode": "E",
    "EcoscoreValue": "67"
  },
  {
    "productId": "81910",
    "technicalArticleNumber": "2944791",
    "commercialArticleNumber": "18087",
    "name": "verse kaas bosvrucht",
    "description": "*Vetgehalte: 3,5 %",
    "brand": "BONI",
    "seoBrand": "Boni Selection",
    "thumbNail": "https://static.colruytgroup.com/images/200x200/std.lang.all/17/48/asset-3031748.jpg",
    "fullImage": "https://static.colruytgroup.com/images/500x500/std.lang.all/17/48/asset-3031748.jpg",
    "squareImage": "https://static.colruytgroup.com/images/500x500sq/std.lang.all/17/48/asset-3031748.jpg",
    "content": "180g",
    "walkRouteSequenceNumber": 5890,
    "price": {
      "basicPrice": 0.59,
      "recommendedQuantity": "1.0",
      "measurementUnitPrice": 3.28,
      "measurementUnit": "K",
      "isRedPrice": false,
      "pricePerUOM": 3.28,
      "activationDate": "22-03-2024",
      "recordSource": "Offline",
      "isPromoActive": "N",
      "priceChangeCode": "H"
    },
    "isAvailable": true,
    "isPriceAvailable": true,
    "inPromo": false,
    "gtin": [
      "15400141911180",
      "15400141979098",
      "05400141911183",
      "05400141238594",
      "05400141293951",
      "05400141414677",
      "15400141238591",
      "15400141293958"
    ],
    "topCategoryName": "Zuivel",
    "topCategoryId": "65",
    "businessDomain": "RETAIL_BE",
    "IsPrivateLabel": true,
    "IsBiffe": false,
    "WeightconversionFactor": "0",
    "IsWeightArticle": false,
    "nutriscoreLabel": "B",
    "IsBio": false,
    "CountryOfOrigin": "FRANKRIJK",
    "IsExclusivelySoldInLuxembourg": false,
    "OrderUnit": "P",
    "ShortName": "BONI KAAS BOSVRUCHT180G",
    "IsNew": false,
    "EcoscoreLabel": "A",
    "RecentQuanityOfStockUnits": "1,8",
    "LongName": "BONI verse kaas bosvrucht 180g",
    "AlcoholVolume": "0",
    "FicCode": "I",
    "EcoscoreValue": "99"
  },
  {
    "productId": "531322",
    "technicalArticleNumber": "4122470",
    "commercialArticleNumber": "9088",
    "name": "gouda jong sneetjes",
    "description": "*Jong\n*O.b.v. bio-melk\n*Vegetarisch",
    "brand": "BONI BIO",
    "seoBrand": "Boni Selection Bio",
    "thumbNail": "https://static.colruytgroup.com/images/200x200/std.lang.all/78/02/asset-3127802.jpg",
    "fullImage": "https://static.colruytgroup.com/images/500x500/std.lang.all/78/02/asset-3127802.jpg",
    "squareImage": "https://static.colruytgroup.com/images/500x500sq/std.lang.all/78/02/asset-3127802.jpg",
    "content": "300g",
    "walkRouteSequenceNumber": 6175,
    "price": {
      "basicPrice": 2.46,
      "recommendedQuantity": "1.0",
      "measurementUnitPrice": 8.2,
      "measurementUnit": "K",
      "isRedPrice": false,
      "pricePerUOM": 8.2,
      "activationDate": "20-03-2024",
      "recordSource": "Folder",
      "isPromoActive": "N",
      "priceChangeCode": "L"
    },
    "isAvailable": true,
    "isPriceAvailable": true,
    "inPromo": false,
    "gtin": [
      "05400141718706",
      "05400141298550",
      "05400141354935",
      "05400141421620"
    ],
    "topCategoryName": "Zuivel",
    "topCategoryId": "65",
    "businessDomain": "RETAIL_BE",
    "IsPrivateLabel": true,
    "IsBiffe": false,
    "WeightconversionFactor": "0",
    "IsWeightArticle": false,
    "nutriscoreLabel": "C",
    "IsBio": true,
    "CountryOfOrigin": "NEDERLAND",
    "IsExclusivelySoldInLuxembourg": false,
    "OrderUnit": "P",
    "ShortName": "BS BIO GOUDA SN 300G",
    "IsNew": false,
    "EcoscoreLabel": "B",
    "RecentQuanityOfStockUnits": "1",
    "LongName": "BONI BIO gouda jong sneetjes 300g",
    "FicCode": "I",
    "EcoscoreValue": "73"
  },
  {
    "productId": "261300",
    "technicalArticleNumber": "3581674",
    "commercialArticleNumber": "31061",
    "name": "kefir halfvol",
    "description": "*1,5% vet\n*Obv magere melk",
    "brand": "ÖING",
    "seoBrand": "Öing",
    "thumbNail": "https://static.colruytgroup.com/images/200x200/std.lang.all/26/82/asset-2092682.jpg",
    "fullImage": "https://static.colruytgroup.com/images/500x500/std.lang.all/26/82/asset-2092682.jpg",
    "squareImage": "https://static.colruytgroup.com/images/500x500sq/std.lang.all/26/82/asset-2092682.jpg",
    "content": "500g",
    "walkRouteSequenceNumber": 5799,
    "price": {
      "basicPrice": 1.19,
      "recommendedQuantity": "1.0",
      "measurementUnitPrice": 2.38,
      "measurementUnit": "K",
      "isRedPrice": false,
      "pricePerUOM": 2.38,
      "activationDate": "29-02-2024",
      "recordSource": "Offline",
      "isPromoActive": "N",
      "priceChangeCode": "E"
    },
    "isAvailable": true,
    "isPriceAvailable": true,
    "inPromo": false,
    "gtin": [
      "04036300123107",
      "04036300050700"
    ],
    "topCategoryName": "Zuivel",
    "topCategoryId": "65",
    "businessDomain": "RETAIL_BE",
    "IsPrivateLabel": false,
    "IsBiffe": false,
    "WeightconversionFactor": "0",
    "IsWeightArticle": false,
    "nutriscoreLabel": "A",
    "IsBio": false,
    "CountryOfOrigin": "DUITSLAND",
    "IsExclusivelySoldInLuxembourg": false,
    "OrderUnit": "P",
    "ShortName": "OING HALFVOL.KEFIR 500G",
    "IsNew": false,
    "EcoscoreLabel": "B",
    "RecentQuanityOfStockUnits": "1",
    "LongName": "ÖING kefir halfvol 500g",
    "AlcoholVolume": "0",
    "FicCode": "E",
    "EcoscoreValue": "67"
  },
  {
    "productId": "2162",
    "technicalArticleNumber": "26931",
    "commercialArticleNumber": "26931",
    "name": "emmental blok",
    "description": "*Nederland\n*Halfharde kaas\n*Zacht, mild\n*Microbieel\nstremsel",
    "brand": "EVERYDAY",
    "seoBrand": "Everyday",
    "thumbNail": "https://static.colruytgroup.com/images/200x200/std.lang.all/45/21/asset-2344521.jpg",
    "fullImage": "https://static.colruytgroup.com/images/500x500/std.lang.all/45/21/asset-2344521.jpg",
    "squareImage": "https://static.colruytgroup.com/images/500x500sq/std.lang.all/45/21/asset-2344521.jpg",
    "content": "±700g",
    "walkRouteSequenceNumber": 5667,
    "price": {
      "basicPrice": 7.9,
      "recommendedQuantity": "0.7",
      "unit": "K",
      "measurementUnitPrice": 7.9,
      "measurementUnit": "K",
      "isRedPrice": false,
      "pricePerUOM": 7.9,
      "activationDate": "03-01-2024",
      "recordSource": "Offline",
      "isPromoActive": "N",
      "priceChangeCode": "H"
    },
    "isAvailable": true,
    "isPriceAvailable": true,
    "inPromo": false,
    "gtin": [
      "05400141701081",
      "25400141701085",
      "95400141701084",
      "05400141340235"
    ],
    "topCategoryName": "Zuivel",
    "topCategoryId": "65",
    "businessDomain": "RETAIL_BE",
    "IsPrivateLabel": true,
    "IsBiffe": false,
    "WeightconversionFactor": "700",
    "IsWeightArticle": true,
    "nutriscoreLabel": "C",
    "IsBio": false,
    "CountryOfOrigin": "NEDERLAND",
    "IsExclusivelySoldInLuxembourg": false,
    "OrderUnit": "P",
    "ShortName": "EVD EMMENTAL BLOK+-700W",
    "IsNew": false,
    "EcoscoreLabel": "D",
    "RecentQuanityOfStockUnits": "1",
    "LongName": "EVERYDAY emmental blok ±700g",
    "AlcoholVolume": "0",
    "FicCode": "I",
    "EcoscoreValue": "36"
  },
  {
    "productId": "1871",
    "technicalArticleNumber": "26260",
    "commercialArticleNumber": "26260",
    "name": "verse kaas mager natuur",
    "description": "*Mager\n*Vetgehalte: 3,4 %",
    "brand": "DANONE",
    "seoBrand": "Danone",
    "thumbNail": "https://static.colruytgroup.com/images/200x200/std.lang.all/43/19/asset-3394319.jpg",
    "fullImage": "https://static.colruytgroup.com/images/500x500/std.lang.all/43/19/asset-3394319.jpg",
    "squareImage": "https://static.colruytgroup.com/images/500x500sq/std.lang.all/43/19/asset-3394319.jpg",
    "content": "500g",
    "walkRouteSequenceNumber": 5711,
    "price": {
      "basicPrice": 1.99,
      "recommendedQuantity": "1.0",
      "quantityPrice": 1.14,
      "quantityPriceQuantity": "2.0",
      "measurementUnitPrice": 3.98,
      "measurementUnitQuantityPrice": 2.28,
      "measurementUnit": "K",
      "isRedPrice": false,
      "pricePerUOM": 3.98,
      "activationDate": "19-03-2024",
      "recordSource": "Offline",
      "isPromoActive": "N",
      "priceChangeCode": "E",
      "quantityPricePerUOM": 2.28,
      "quantityActivationDate": "19-03-2024",
      "quantityPriceChangeCode": "L"
    },
    "isAvailable": true,
    "isPriceAvailable": true,
    "inPromo": false,
    "gtin": [
      "05410146401282",
      "35410146401283",
      "15410146401289"
    ],
    "topCategoryName": "Zuivel",
    "topCategoryId": "65",
    "businessDomain": "RETAIL_BE",
    "IsPrivateLabel": false,
    "IsBiffe": false,
    "WeightconversionFactor": "0",
    "IsWeightArticle": false,
    "nutriscoreLabel": "A",
    "IsBio": false,
    "CountryOfOrigin": "FRANKRIJK",
    "IsExclusivelySoldInLuxembourg": false,
    "OrderUnit": "P",
    "ShortName": "DAN MAG. NAT. KAAS 500G",
    "IsNew": false,
    "EcoscoreLabel": "A",
    "RecentQuanityOfStockUnits": "1",
    "LongName": "DANONE verse kaas mager natuur 500g",
    "AlcoholVolume": "0",
    "FicCode": "E",
    "EcoscoreValue": "100"
  },
  {
    "productId": "88572",
    "technicalArticleNumber": "2993893",
    "commercialArticleNumber": "12129",
    "name": "chocomousse",
    "description": "*Met 20 % Belgische\nchocolade",
    "brand": "LA LAITIÈRE",
    "seoBrand": "Nestlé La Laitière",
    "thumbNail": "https://static.colruytgroup.com/images/200x200/std.lang.all/42/48/asset-624248.jpg",
    "fullImage": "https://static.colruytgroup.com/images/500x500/std.lang.all/42/48/asset-624248.jpg",
    "squareImage": "https://static.colruytgroup.com/images/500x500sq/std.lang.all/42/48/asset-624248.jpg",
    "content": "4x61g",
    "walkRouteSequenceNumber": 5948,
    "price": {
      "basicPrice": 2.25,
      "recommendedQuantity": "1.0",
      "measurementUnitPrice": 9.23,
      "measurementUnit": "K",
      "isRedPrice": false,
      "pricePerUOM": 9.23,
      "activationDate": "21-03-2024",
      "recordSource": "Offline",
      "isPromoActive": "N",
      "priceChangeCode": "H"
    },
    "isAvailable": true,
    "isPriceAvailable": true,
    "inPromo": false,
    "gtin": [
      "03023290633229",
      "03023290119099"
    ],
    "topCategoryName": "Zuivel",
    "topCategoryId": "65",
    "businessDomain": "RETAIL_BE",
    "IsPrivateLabel": false,
    "IsBiffe": false,
    "WeightconversionFactor": "0",
    "IsWeightArticle": false,
    "nutriscoreLabel": "D",
    "IsBio": false,
    "CountryOfOrigin": "FRANKRIJK",
    "IsExclusivelySoldInLuxembourg": false,
    "OrderUnit": "P",
    "ShortName": "LALA CHOC MOUS 4X 61GR",
    "InSeason": true,
    "IsNew": false,
    "RecentQuanityOfStockUnits": "1",
    "LongName": "LA LAITIÈRE chocomousse 4x61g",
    "AlcoholVolume": "0",
    "StartSeasonDate": "26/06/2013",
    "FicCode": "E"
  },
  {
    "productId": "81911",
    "technicalArticleNumber": "2944792",
    "commercialArticleNumber": "18011",
    "name": "verse kaas aardbei",
    "description": "*Vetgehalte: 3,5 %",
    "brand": "BONI",
    "seoBrand": "Boni Selection",
    "thumbNail": "https://static.colruytgroup.com/images/200x200/std.lang.all/18/18/asset-3031818.jpg",
    "fullImage": "https://static.colruytgroup.com/images/500x500/std.lang.all/18/18/asset-3031818.jpg",
    "squareImage": "https://static.colruytgroup.com/images/500x500sq/std.lang.all/18/18/asset-3031818.jpg",
    "content": "180g",
    "walkRouteSequenceNumber": 5889,
    "price": {
      "basicPrice": 0.552,
      "recommendedQuantity": "1.0",
      "measurementUnitPrice": 3.07,
      "measurementUnit": "K",
      "isRedPrice": false,
      "pricePerUOM": 3.07,
      "activationDate": "22-03-2024",
      "recordSource": "Offline",
      "isPromoActive": "N",
      "priceChangeCode": "H"
    },
    "isAvailable": true,
    "isPriceAvailable": true,
    "inPromo": false,
    "gtin": [
      "05400141979022",
      "05400141238518",
      "05400141036336",
      "05400141293739",
      "05400141414660",
      "15400141238515",
      "15400141293736",
      "15400141979111"
    ],
    "topCategoryName": "Zuivel",
    "topCategoryId": "65",
    "businessDomain": "RETAIL_BE",
    "IsPrivateLabel": true,
    "IsBiffe": false,
    "WeightconversionFactor": "0",
    "IsWeightArticle": false,
    "nutriscoreLabel": "B",
    "IsBio": false,
    "CountryOfOrigin": "FRANKRIJK",
    "IsExclusivelySoldInLuxembourg": false,
    "OrderUnit": "P",
    "ShortName": "BONI KAAS AARDBEI 180G",
    "IsNew": false,
    "EcoscoreLabel": "A",
    "RecentQuanityOfStockUnits": "8,1",
    "LongName": "BONI verse kaas aardbei 180g",
    "AlcoholVolume": "0",
    "FicCode": "I",
    "EcoscoreValue": "98"
  },
  {
    "productId": "480035",
    "technicalArticleNumber": "3995681",
    "commercialArticleNumber": "4346",
    "name": "yoghurt vol natuur",
    "description": "*Volle yoghurt natuur\n*Ingrediënten van biologische afkomst",
    "brand": "BONI BIO",
    "seoBrand": "Boni Selection Bio",
    "thumbNail": "https://static.colruytgroup.com/images/200x200/std.lang.all/28/25/asset-3352825.jpg",
    "fullImage": "https://static.colruytgroup.com/images/500x500/std.lang.all/28/25/asset-3352825.jpg",
    "squareImage": "https://static.colruytgroup.com/images/500x500sq/std.lang.all/28/25/asset-3352825.jpg",
    "content": "4x125g",
    "walkRouteSequenceNumber": 5724,
    "price": {
      "basicPrice": 1.39,
      "recommendedQuantity": "1.0",
      "measurementUnitPrice": 2.78,
      "measurementUnit": "K",
      "isRedPrice": false,
      "pricePerUOM": 2.78,
      "activationDate": "11-10-2023",
      "recordSource": "Offline",
      "isPromoActive": "N",
      "priceChangeCode": "H"
    },
    "isAvailable": true,
    "isPriceAvailable": true,
    "inPromo": false,
    "gtin": [
      "05400141141221",
      "15400141141228",
      "15400141367901",
      "05400141367904"
    ],
    "topCategoryName": "Zuivel",
    "topCategoryId": "65",
    "businessDomain": "RETAIL_BE",
    "IsPrivateLabel": true,
    "IsBiffe": false,
    "WeightconversionFactor": "0",
    "IsWeightArticle": false,
    "nutriscoreLabel": "B",
    "IsBio": true,
    "CountryOfOrigin": "FRANKRIJK",
    "IsExclusivelySoldInLuxembourg": false,
    "OrderUnit": "P",
    "ShortName": "B.S.BIO NAT.VOL 4X125G",
    "IsNew": false,
    "EcoscoreLabel": "A",
    "RecentQuanityOfStockUnits": "1",
    "LongName": "BONI BIO yoghurt vol natuur 4x125g",
    "FicCode": "I",
    "EcoscoreValue": "100"
  },
  {
    "productId": "56606",
    "technicalArticleNumber": "2259349",
    "commercialArticleNumber": "4075",
    "name": "Pingui cake melk chocolade",
    "brand": "KINDER",
    "seoBrand": "Kinder",
    "thumbNail": "https://static.colruytgroup.com/images/200x200/std.lang.all/32/31/asset-2543231.jpg",
    "fullImage": "https://static.colruytgroup.com/images/500x500/std.lang.all/32/31/asset-2543231.jpg",
    "squareImage": "https://static.colruytgroup.com/images/500x500sq/std.lang.all/32/31/asset-2543231.jpg",
    "content": "4x30g",
    "walkRouteSequenceNumber": 5928,
    "price": {
      "basicPrice": 2.29,
      "recommendedQuantity": "1.0",
      "measurementUnitPrice": 19.09,
      "measurementUnit": "K",
      "isRedPrice": false,
      "pricePerUOM": 19.09,
      "activationDate": "29-02-2024",
      "recordSource": "Offline",
      "isPromoActive": "N",
      "priceChangeCode": "E"
    },
    "isAvailable": true,
    "isPriceAvailable": true,
    "inPromo": false,
    "gtin": [
      "04008400290409",
      "04008400290423",
      "04008400291321"
    ],
    "topCategoryName": "Zuivel",
    "topCategoryId": "65",
    "businessDomain": "RETAIL_BE",
    "IsPrivateLabel": false,
    "IsBiffe": false,
    "WeightconversionFactor": "0",
    "IsWeightArticle": false,
    "nutriscoreLabel": "E",
    "IsBio": false,
    "CountryOfOrigin": "DUITSLAND",
    "IsExclusivelySoldInLuxembourg": false,
    "OrderUnit": "P",
    "ShortName": "KINDER PINGUI 4X30GR",
    "InSeason": true,
    "IsNew": false,
    "RecentQuanityOfStockUnits": "1,9",
    "LongName": "KINDER Pingui cake melk chocolade 4x30g",
    "AlcoholVolume": "0",
    "StartSeasonDate": "16/05/2019",
    "FicCode": "E"
  },
  {
    "productId": "818266",
    "technicalArticleNumber": "4649349",
    "commercialArticleNumber": "2693",
    "name": "franse gruyere rasp",
    "description": "*Frankrijk\n*geraspte kaas\n*o.b.v. rauwe melk",
    "brand": "BONI",
    "seoBrand": "Boni Selection",
    "thumbNail": "https://static.colruytgroup.com/images/200x200/std.lang.all/22/13/asset-3212213.jpg",
    "fullImage": "https://static.colruytgroup.com/images/500x500/std.lang.all/22/13/asset-3212213.jpg",
    "squareImage": "https://static.colruytgroup.com/images/500x500sq/std.lang.all/22/13/asset-3212213.jpg",
    "content": "200g",
    "walkRouteSequenceNumber": 5632,
    "price": {
      "basicPrice": 5.98,
      "recommendedQuantity": "1.0",
      "measurementUnitPrice": 29.9,
      "measurementUnit": "K",
      "isRedPrice": false,
      "pricePerUOM": 29.9,
      "activationDate": "13-03-2024",
      "recordSource": "Offline",
      "isPromoActive": "N",
      "priceChangeCode": "H"
    },
    "isAvailable": true,
    "isPriceAvailable": true,
    "inPromo": false,
    "gtin": [
      "05400141786675",
      "05400141800883"
    ],
    "topCategoryName": "Zuivel",
    "topCategoryId": "65",
    "businessDomain": "RETAIL_BE",
    "IsPrivateLabel": true,
    "IsBiffe": false,
    "WeightconversionFactor": "0",
    "IsWeightArticle": false,
    "nutriscoreLabel": "C",
    "IsBio": false,
    "CountryOfOrigin": "BELGIË",
    "IsExclusivelySoldInLuxembourg": false,
    "OrderUnit": "P",
    "ShortName": "BONI FR.GRUYERE RASP200",
    "IsNew": false,
    "EcoscoreLabel": "B",
    "RecentQuanityOfStockUnits": "1",
    "LongName": "BONI franse gruyere rasp 200g",
    "FicCode": "N",
    "EcoscoreValue": "63"
  },
  {
    "productId": "2082",
    "technicalArticleNumber": "26614",
    "commercialArticleNumber": "26614",
    "name": "Mascarpone",
    "description": "*Italië\n*Verse kaas\n*Romig, fris",
    "brand": "GALBANI",
    "seoBrand": "Galbani",
    "thumbNail": "https://static.colruytgroup.com/images/200x200/std.lang.all/54/93/asset-2075493.jpg",
    "fullImage": "https://static.colruytgroup.com/images/500x500/std.lang.all/54/93/asset-2075493.jpg",
    "squareImage": "https://static.colruytgroup.com/images/500x500sq/std.lang.all/54/93/asset-2075493.jpg",
    "content": "500g",
    "walkRouteSequenceNumber": 5212,
    "price": {
      "basicPrice": 5.19,
      "recommendedQuantity": "1.0",
      "measurementUnitPrice": 10.38,
      "measurementUnit": "K",
      "isRedPrice": false,
      "pricePerUOM": 10.38,
      "activationDate": "18-03-2024",
      "recordSource": "Offline",
      "isPromoActive": "N",
      "priceChangeCode": "H"
    },
    "isAvailable": true,
    "isPriceAvailable": true,
    "inPromo": false,
    "gtin": [
      "08000430171013",
      "08000430917017"
    ],
    "topCategoryName": "Zuivel",
    "topCategoryId": "65",
    "businessDomain": "RETAIL_BE",
    "IsPrivateLabel": false,
    "IsBiffe": false,
    "WeightconversionFactor": "0",
    "IsWeightArticle": false,
    "nutriscoreLabel": "D",
    "IsBio": false,
    "CountryOfOrigin": "ITALIË",
    "IsExclusivelySoldInLuxembourg": false,
    "OrderUnit": "P",
    "ShortName": "GALB MASCARPONE 500G",
    "IsNew": false,
    "EcoscoreLabel": "D",
    "RecentQuanityOfStockUnits": "8,1",
    "LongName": "GALBANI Mascarpone 500g",
    "AlcoholVolume": "0",
    "FicCode": "E",
    "EcoscoreValue": "32"
  },
  {
    "productId": "1864",
    "technicalArticleNumber": "26189",
    "commercialArticleNumber": "26189",
    "name": "verse kaas opgeklopt",
    "description": "*Mager\n*Vetgehalte: 3,9 %",
    "brand": "EVERYDAY",
    "seoBrand": "Everyday",
    "thumbNail": "https://static.colruytgroup.com/images/200x200/std.lang.all/38/90/asset-2013890.jpg",
    "fullImage": "https://static.colruytgroup.com/images/500x500/std.lang.all/38/90/asset-2013890.jpg",
    "squareImage": "https://static.colruytgroup.com/images/500x500sq/std.lang.all/38/90/asset-2013890.jpg",
    "content": "150g",
    "walkRouteSequenceNumber": 5702,
    "price": {
      "basicPrice": 0.55,
      "recommendedQuantity": "1.0",
      "measurementUnitPrice": 3.67,
      "measurementUnit": "K",
      "isRedPrice": false,
      "pricePerUOM": 3.67,
      "activationDate": "08-02-2024",
      "recordSource": "Offline",
      "isPromoActive": "N",
      "priceChangeCode": "H"
    },
    "isAvailable": true,
    "isPriceAvailable": true,
    "inPromo": false,
    "gtin": [
      "05400141140583",
      "05400141184679",
      "05400141308068"
    ],
    "topCategoryName": "Zuivel",
    "topCategoryId": "65",
    "businessDomain": "RETAIL_BE",
    "IsPrivateLabel": true,
    "IsBiffe": false,
    "WeightconversionFactor": "0",
    "IsWeightArticle": false,
    "nutriscoreLabel": "B",
    "IsBio": false,
    "CountryOfOrigin": "BELGIË",
    "IsExclusivelySoldInLuxembourg": false,
    "OrderUnit": "P",
    "ShortName": "EVD OPGEKL KAAS150",
    "IsNew": false,
    "EcoscoreLabel": "A",
    "RecentQuanityOfStockUnits": "1",
    "LongName": "EVERYDAY verse kaas opgeklopt 150g",
    "AlcoholVolume": "0",
    "FicCode": "I",
    "EcoscoreValue": "100"
  },
  {
    "productId": "837966",
    "technicalArticleNumber": "4680619",
    "commercialArticleNumber": "30425",
    "name": "Magere yoghurt Skyr vanille",
    "description": "*Magere yoghurt\nmet vanille",
    "brand": "ARLA",
    "seoBrand": "Arla",
    "thumbNail": "https://static.colruytgroup.com/images/200x200/std.lang.all/45/89/asset-3004589.jpg",
    "fullImage": "https://static.colruytgroup.com/images/500x500/std.lang.all/45/89/asset-3004589.jpg",
    "squareImage": "https://static.colruytgroup.com/images/500x500sq/std.lang.all/45/89/asset-3004589.jpg",
    "content": "450g",
    "walkRouteSequenceNumber": 5815,
    "price": {
      "basicPrice": 2.29,
      "recommendedQuantity": "1.0",
      "measurementUnitPrice": 5.09,
      "measurementUnit": "K",
      "isRedPrice": false,
      "pricePerUOM": 5.09,
      "activationDate": "19-03-2024",
      "recordSource": "Offline",
      "isPromoActive": "N",
      "priceChangeCode": "E"
    },
    "isAvailable": true,
    "isPriceAvailable": true,
    "inPromo": false,
    "gtin": [
      "04016241030924",
      "04016241130747"
    ],
    "topCategoryName": "Zuivel",
    "topCategoryId": "65",
    "businessDomain": "RETAIL_BE",
    "IsPrivateLabel": false,
    "IsBiffe": false,
    "WeightconversionFactor": "0",
    "IsWeightArticle": false,
    "nutriscoreLabel": "A",
    "IsBio": false,
    "CountryOfOrigin": "DUITSLAND",
    "IsExclusivelySoldInLuxembourg": false,
    "OrderUnit": "P",
    "ShortName": "ARLA YOGH SKYR VANI450G",
    "IsNew": false,
    "EcoscoreLabel": "B",
    "RecentQuanityOfStockUnits": "1,6",
    "LongName": "ARLA Magere yoghurt Skyr vanille 450g",
    "FicCode": "E",
    "EcoscoreValue": "72"
  },
  {
    "productId": "156359",
    "technicalArticleNumber": "3277127",
    "commercialArticleNumber": "40510",
    "name": "yoghurt vol natuur",
    "description": "*Vol\n*Standyoghurt",
    "brand": "BONI",
    "seoBrand": "Boni Selection",
    "thumbNail": "https://static.colruytgroup.com/images/200x200/std.lang.all/87/49/asset-3208749.jpg",
    "fullImage": "https://static.colruytgroup.com/images/500x500/std.lang.all/87/49/asset-3208749.jpg",
    "squareImage": "https://static.colruytgroup.com/images/500x500sq/std.lang.all/87/49/asset-3208749.jpg",
    "content": "750g",
    "walkRouteSequenceNumber": 5726,
    "price": {
      "basicPrice": 2.02,
      "recommendedQuantity": "1.0",
      "measurementUnitPrice": 2.7,
      "measurementUnit": "K",
      "isRedPrice": false,
      "pricePerUOM": 2.7,
      "activationDate": "21-02-2024",
      "recordSource": "Offline",
      "isPromoActive": "N",
      "priceChangeCode": "H"
    },
    "isAvailable": true,
    "isPriceAvailable": true,
    "inPromo": false,
    "gtin": [
      "05400141194777",
      "05400141194159",
      "05400141219883",
      "05400141194791",
      "15400141242086",
      "05400141242089"
    ],
    "topCategoryName": "Zuivel",
    "topCategoryId": "65",
    "businessDomain": "RETAIL_BE",
    "IsPrivateLabel": true,
    "IsBiffe": false,
    "WeightconversionFactor": "0",
    "IsWeightArticle": false,
    "nutriscoreLabel": "B",
    "IsBio": false,
    "CountryOfOrigin": "NEDERLAND",
    "IsExclusivelySoldInLuxembourg": false,
    "OrderUnit": "P",
    "ShortName": "BONI VOLLE YOGH 750G",
    "IsNew": false,
    "EcoscoreLabel": "A",
    "RecentQuanityOfStockUnits": "6,1",
    "LongName": "BONI yoghurt vol natuur 750g",
    "AlcoholVolume": "0",
    "FicCode": "I",
    "EcoscoreValue": "99"
  },
  {
    "productId": "56835",
    "technicalArticleNumber": "2474890",
    "commercialArticleNumber": "38973",
    "name": "yoghurt kokosnootsmaak",
    "description": "*Vol\n*Met aroma's\n*Extra bevorderend\nvoor de darmflora",
    "brand": "ACTIVIA",
    "seoBrand": "Danone Activia",
    "thumbNail": "https://static.colruytgroup.com/images/200x200/std.lang.all/63/50/asset-2356350.jpg",
    "fullImage": "https://static.colruytgroup.com/images/500x500/std.lang.all/63/50/asset-2356350.jpg",
    "squareImage": "https://static.colruytgroup.com/images/500x500sq/std.lang.all/63/50/asset-2356350.jpg",
    "content": "4x125g",
    "walkRouteSequenceNumber": 5682,
    "price": {
      "basicPrice": 2.65,
      "recommendedQuantity": "1.0",
      "quantityPrice": 2,
      "quantityPriceQuantity": "2.0",
      "measurementUnitPrice": 5.3,
      "measurementUnitQuantityPrice": 4,
      "measurementUnit": "K",
      "isRedPrice": false,
      "pricePerUOM": 5.3,
      "activationDate": "20-03-2024",
      "isPromoActive": "Y",
      "priceChangeCode": "E",
      "quantityPricePerUOM": 4,
      "quantityActivationDate": "20-03-2024",
      "quantityPriceChangeCode": "H"
    },
    "isAvailable": true,
    "isPriceAvailable": true,
    "inPromo": false,
    "gtin": [
      "33033491350864",
      "03033491350863",
      "03033491139895"
    ],
    "topCategoryName": "Zuivel",
    "topCategoryId": "65",
    "businessDomain": "RETAIL_BE",
    "IsPrivateLabel": false,
    "IsBiffe": false,
    "WeightconversionFactor": "0",
    "IsWeightArticle": false,
    "nutriscoreLabel": "B",
    "IsBio": false,
    "CountryOfOrigin": "FRANKRIJK",
    "IsExclusivelySoldInLuxembourg": false,
    "OrderUnit": "P",
    "ShortName": "DAN ACT ARO COCO 4X125G",
    "InSeason": true,
    "IsNew": false,
    "EcoscoreLabel": "A",
    "RecentQuanityOfStockUnits": "1",
    "LongName": "ACTIVIA yoghurt kokosnootsmaak 4x125g",
    "AlcoholVolume": "0",
    "StartSeasonDate": "17/07/2023",
    "FicCode": "E",
    "EcoscoreValue": "99"
  },
  {
    "productId": "62773",
    "technicalArticleNumber": "2760241",
    "commercialArticleNumber": "42674",
    "name": "bieslook",
    "description": "*Duitsland\n*Verse kaas\n*Met bieslook\n*Abs. V.G.: 16 %",
    "brand": "PHILADELPHIA",
    "seoBrand": "Philadelphia",
    "thumbNail": "https://static.colruytgroup.com/images/200x200/std.lang.all/58/14/asset-2495814.jpg",
    "fullImage": "https://static.colruytgroup.com/images/500x500/std.lang.all/58/14/asset-2495814.jpg",
    "squareImage": "https://static.colruytgroup.com/images/500x500sq/std.lang.all/58/14/asset-2495814.jpg",
    "content": "185g",
    "walkRouteSequenceNumber": 4883,
    "price": {
      "basicPrice": 1.79,
      "recommendedQuantity": "1.0",
      "measurementUnitPrice": 9.68,
      "measurementUnit": "K",
      "isRedPrice": false,
      "pricePerUOM": 9.68,
      "activationDate": "18-03-2024",
      "recordSource": "Offline",
      "isPromoActive": "N",
      "priceChangeCode": "H"
    },
    "isAvailable": true,
    "isPriceAvailable": true,
    "inPromo": true,
    "promotion": [
      {
        "techPromoId": "100860COLR",
        "promotionId": "100860",
        "promotionType": "4",
        "isPersonalized": "N",
        "publicationStartDate": "13-03-2024",
        "publicationEndDate": "26-03-2024"
      }
    ],
    "gtin": [
      "07622300316464",
      "07622300316396"
    ],
    "topCategoryName": "Zuivel",
    "topCategoryId": "65",
    "businessDomain": "RETAIL_BE",
    "IsPrivateLabel": false,
    "IsBiffe": false,
    "WeightconversionFactor": "0",
    "IsWeightArticle": false,
    "nutriscoreLabel": "C",
    "IsBio": false,
    "CountryOfOrigin": "BELGIË",
    "IsExclusivelySoldInLuxembourg": false,
    "OrderUnit": "P",
    "ShortName": "PHILA.BIESLOOK 185G",
    "IsNew": false,
    "RecentQuanityOfStockUnits": "1,10",
    "LongName": "PHILADELPHIA bieslook 185g",
    "AlcoholVolume": "0",
    "FicCode": "E"
  },
  {
    "productId": "777657",
    "technicalArticleNumber": "4570455",
    "commercialArticleNumber": "19001",
    "name": "Halloumi",
    "description": "*Cyprus\n*Gepasteuriseerde\nkoe-, geiten- en\nschapenmelk",
    "brand": "DODONI",
    "seoBrand": "Dodoni",
    "thumbNail": "https://static.colruytgroup.com/images/200x200/std.lang.all/87/71/asset-2768771.jpg",
    "fullImage": "https://static.colruytgroup.com/images/500x500/std.lang.all/87/71/asset-2768771.jpg",
    "squareImage": "https://static.colruytgroup.com/images/500x500sq/std.lang.all/87/71/asset-2768771.jpg",
    "content": "250g",
    "walkRouteSequenceNumber": 5197,
    "price": {
      "basicPrice": 4.43,
      "recommendedQuantity": "1.0",
      "measurementUnitPrice": 17.72,
      "measurementUnit": "K",
      "isRedPrice": false,
      "pricePerUOM": 17.72,
      "activationDate": "18-03-2024",
      "recordSource": "Offline",
      "isPromoActive": "N",
      "priceChangeCode": "E"
    },
    "isAvailable": true,
    "isPriceAvailable": true,
    "inPromo": false,
    "gtin": [
      "05201168915037",
      "25201168915031"
    ],
    "topCategoryName": "Zuivel",
    "topCategoryId": "65",
    "businessDomain": "RETAIL_BE",
    "IsPrivateLabel": false,
    "IsBiffe": false,
    "WeightconversionFactor": "0",
    "IsWeightArticle": false,
    "nutriscoreLabel": "E",
    "IsBio": false,
    "CountryOfOrigin": "CYPRUS",
    "IsExclusivelySoldInLuxembourg": false,
    "OrderUnit": "P",
    "ShortName": "DODO HALLOUMI 250G",
    "InSeason": true,
    "IsNew": false,
    "EcoscoreLabel": "E",
    "RecentQuanityOfStockUnits": "1,10",
    "LongName": "DODONI Halloumi 250g",
    "StartSeasonDate": "10/01/2023",
    "FicCode": "E",
    "EcoscoreValue": "15"
  },
  {
    "productId": "79790",
    "technicalArticleNumber": "2557341",
    "commercialArticleNumber": "14632",
    "name": "yoghurt halfvol framboos",
    "description": "*Halfvol\n*Standyoghurt",
    "brand": "INEX",
    "seoBrand": "Inex",
    "thumbNail": "https://static.colruytgroup.com/images/200x200/std.lang.all/02/76/asset-2460276.jpg",
    "fullImage": "https://static.colruytgroup.com/images/500x500/std.lang.all/02/76/asset-2460276.jpg",
    "squareImage": "https://static.colruytgroup.com/images/500x500sq/std.lang.all/02/76/asset-2460276.jpg",
    "content": "4x125g",
    "walkRouteSequenceNumber": 5769,
    "price": {
      "basicPrice": 1.99,
      "recommendedQuantity": "1.0",
      "measurementUnitPrice": 3.98,
      "measurementUnit": "K",
      "isRedPrice": false,
      "pricePerUOM": 3.98,
      "activationDate": "14-03-2024",
      "recordSource": "Offline",
      "isPromoActive": "N",
      "priceChangeCode": "E"
    },
    "isAvailable": true,
    "isPriceAvailable": true,
    "inPromo": false,
    "gtin": [
      "00000054025271",
      "25410441025279"
    ],
    "topCategoryName": "Zuivel",
    "topCategoryId": "65",
    "businessDomain": "RETAIL_BE",
    "IsPrivateLabel": false,
    "IsBiffe": false,
    "WeightconversionFactor": "0",
    "IsWeightArticle": false,
    "nutriscoreLabel": "B",
    "IsBio": false,
    "CountryOfOrigin": "BELGIË",
    "IsExclusivelySoldInLuxembourg": false,
    "OrderUnit": "P",
    "ShortName": "INEX YO FRAM4X125G",
    "IsNew": false,
    "EcoscoreLabel": "A",
    "RecentQuanityOfStockUnits": "1,6",
    "LongName": "INEX yoghurt halfvol framboos 4x125g",
    "AlcoholVolume": "0",
    "FicCode": "E",
    "EcoscoreValue": "95"
  },
  {
    "productId": "638123",
    "technicalArticleNumber": "4329321",
    "commercialArticleNumber": "7306",
    "name": "UB melkerijboter ongezouten",
    "description": "*Melkerijboter\n*Vetgehalte: 82 %\n*Ongezouten\n*Belgisch",
    "brand": "ECONOM",
    "seoBrand": "Econom",
    "thumbNail": "https://static.colruytgroup.com/images/200x200/std.lang.all/04/05/asset-2500405.jpg",
    "fullImage": "https://static.colruytgroup.com/images/500x500/std.lang.all/04/05/asset-2500405.jpg",
    "squareImage": "https://static.colruytgroup.com/images/500x500sq/std.lang.all/04/05/asset-2500405.jpg",
    "content": "1kg",
    "walkRouteSequenceNumber": 6157,
    "price": {
      "basicPrice": 7.99,
      "recommendedQuantity": "1.0",
      "measurementUnitPrice": 7.99,
      "measurementUnit": "K",
      "isRedPrice": false,
      "pricePerUOM": 7.99,
      "activationDate": "17-01-2024",
      "isPromoActive": "N",
      "priceChangeCode": "H"
    },
    "isAvailable": true,
    "isPriceAvailable": true,
    "inPromo": false,
    "gtin": [
      "15400141710028",
      "05400141710021"
    ],
    "topCategoryName": "Zuivel",
    "topCategoryId": "65",
    "businessDomain": "RETAIL_BE",
    "IsPrivateLabel": true,
    "IsBiffe": false,
    "WeightconversionFactor": "0",
    "IsWeightArticle": false,
    "nutriscoreLabel": "E",
    "IsBio": false,
    "CountryOfOrigin": "BELGIË",
    "IsExclusivelySoldInLuxembourg": false,
    "OrderUnit": "P",
    "ShortName": "HC ECON MELKERIJBO.1 KG",
    "IsNew": false,
    "EcoscoreLabel": "D",
    "RecentQuanityOfStockUnits": "10,1",
    "LongName": "ECONOM UB melkerijboter ongezouten 1kg",
    "FicCode": "I",
    "EcoscoreValue": "33"
  },
  {
    "productId": "38963",
    "technicalArticleNumber": "1656555",
    "commercialArticleNumber": "32089",
    "name": "boter zeezout vlootje",
    "description": "*Vetgehalte: 60 %\n*Gezouten\n*Belgisch",
    "brand": "CARLSBOURG",
    "seoBrand": "Carlsbourg",
    "thumbNail": "https://static.colruytgroup.com/images/200x200/std.lang.all/48/68/asset-554868.jpg",
    "fullImage": "https://static.colruytgroup.com/images/500x500/std.lang.all/48/68/asset-554868.jpg",
    "squareImage": "https://static.colruytgroup.com/images/500x500sq/std.lang.all/48/68/asset-554868.jpg",
    "content": "250g",
    "walkRouteSequenceNumber": 6078,
    "price": {
      "basicPrice": 4.49,
      "recommendedQuantity": "1.0",
      "measurementUnitPrice": 17.96,
      "measurementUnit": "K",
      "isRedPrice": false,
      "pricePerUOM": 17.96,
      "activationDate": "20-02-2024",
      "recordSource": "Offline",
      "isPromoActive": "N",
      "priceChangeCode": "E"
    },
    "isAvailable": true,
    "isPriceAvailable": true,
    "inPromo": false,
    "gtin": [
      "05411156000472",
      "05411156004333"
    ],
    "topCategoryName": "Zuivel",
    "topCategoryId": "65",
    "businessDomain": "RETAIL_BE",
    "IsPrivateLabel": false,
    "IsBiffe": false,
    "WeightconversionFactor": "0",
    "IsWeightArticle": false,
    "nutriscoreLabel": "E",
    "IsBio": false,
    "CountryOfOrigin": "BELGIË",
    "IsExclusivelySoldInLuxembourg": false,
    "OrderUnit": "P",
    "ShortName": "CARL BOTER ZOUT VL.250G",
    "InSeason": true,
    "IsNew": false,
    "RecentQuanityOfStockUnits": "1,12",
    "LongName": "CARLSBOURG boter zeezout vlootje 250g",
    "AlcoholVolume": "0",
    "StartSeasonDate": "05/04/2022",
    "FicCode": "E"
  },
  {
    "productId": "670961",
    "technicalArticleNumber": "4383888",
    "commercialArticleNumber": "24399",
    "name": "volle yogh.stracc.",
    "description": "*Vol\nmet stukjes\nchocolade",
    "brand": "OIKOS",
    "seoBrand": "Oikos",
    "thumbNail": "https://static.colruytgroup.com/images/200x200/std.lang.all/37/77/asset-3373777.jpg",
    "fullImage": "https://static.colruytgroup.com/images/500x500/std.lang.all/37/77/asset-3373777.jpg",
    "squareImage": "https://static.colruytgroup.com/images/500x500sq/std.lang.all/37/77/asset-3373777.jpg",
    "content": "4x115g",
    "walkRouteSequenceNumber": 5898,
    "price": {
      "basicPrice": 3.49,
      "recommendedQuantity": "1.0",
      "measurementUnitPrice": 7.59,
      "measurementUnit": "K",
      "isRedPrice": false,
      "pricePerUOM": 7.59,
      "activationDate": "15-02-2024",
      "recordSource": "Offline",
      "isPromoActive": "N",
      "priceChangeCode": "E"
    },
    "isAvailable": true,
    "isPriceAvailable": true,
    "inPromo": false,
    "gtin": [
      "05410146419904",
      "15410146419901"
    ],
    "topCategoryName": "Zuivel",
    "topCategoryId": "65",
    "businessDomain": "RETAIL_BE",
    "IsPrivateLabel": false,
    "IsBiffe": false,
    "WeightconversionFactor": "0",
    "IsWeightArticle": false,
    "nutriscoreLabel": "D",
    "IsBio": false,
    "CountryOfOrigin": "SPANJE",
    "IsExclusivelySoldInLuxembourg": false,
    "OrderUnit": "P",
    "ShortName": "DANO OIK.STRAC. 4X115G",
    "IsNew": false,
    "EcoscoreLabel": "B",
    "RecentQuanityOfStockUnits": "1",
    "LongName": "OIKOS volle yogh.stracc. 4x115g",
    "FicCode": "E",
    "EcoscoreValue": "67"
  },
  {
    "productId": "625317",
    "technicalArticleNumber": "4307690",
    "commercialArticleNumber": "12656",
    "name": "belegen sneetjes",
    "description": "*Belgisch\n*Weidemelk\n*Harde, maar toch\nnog smedige kaas\nmet een gele korst.",
    "brand": "BRUGGE",
    "seoBrand": "Brugge",
    "thumbNail": "https://static.colruytgroup.com/images/200x200/std.lang.all/78/79/asset-2247879.jpg",
    "fullImage": "https://static.colruytgroup.com/images/500x500/std.lang.all/78/79/asset-2247879.jpg",
    "squareImage": "https://static.colruytgroup.com/images/500x500sq/std.lang.all/78/79/asset-2247879.jpg",
    "content": "250g",
    "walkRouteSequenceNumber": 6212,
    "price": {
      "basicPrice": 6.39,
      "recommendedQuantity": "1.0",
      "measurementUnitPrice": 25.56,
      "measurementUnit": "K",
      "isRedPrice": false,
      "pricePerUOM": 25.56,
      "activationDate": "28-02-2024",
      "recordSource": "Offline",
      "isPromoActive": "N",
      "priceChangeCode": "E"
    },
    "isAvailable": true,
    "isPriceAvailable": true,
    "inPromo": false,
    "gtin": [
      "15400141422310",
      "25400141422317",
      "05400141422313"
    ],
    "topCategoryName": "Zuivel",
    "topCategoryId": "65",
    "businessDomain": "RETAIL_BE",
    "IsPrivateLabel": false,
    "IsBiffe": false,
    "WeightconversionFactor": "0",
    "IsWeightArticle": false,
    "nutriscoreLabel": "D",
    "IsBio": false,
    "CountryOfOrigin": "BELGIË",
    "IsExclusivelySoldInLuxembourg": false,
    "OrderUnit": "P",
    "ShortName": "BRUGGE BELEGE.SNEET250G",
    "IsNew": false,
    "EcoscoreLabel": "C",
    "RecentQuanityOfStockUnits": "1",
    "LongName": "BRUGGE belegen sneetjes 250g",
    "FicCode": "I",
    "EcoscoreValue": "43"
  },
  {
    "productId": "326162",
    "technicalArticleNumber": "3770965",
    "commercialArticleNumber": "42046",
    "name": "natuur zonder suikers",
    "description": "*Plantaardig\nalternatief\nvoor yoghurt",
    "brand": "ALPRO",
    "seoBrand": "Alpro",
    "thumbNail": "https://static.colruytgroup.com/images/200x200/std.lang.all/88/06/asset-3378806.jpg",
    "fullImage": "https://static.colruytgroup.com/images/500x500/std.lang.all/88/06/asset-3378806.jpg",
    "squareImage": "https://static.colruytgroup.com/images/500x500sq/std.lang.all/88/06/asset-3378806.jpg",
    "content": "500g",
    "walkRouteSequenceNumber": 5839,
    "price": {
      "basicPrice": 2.49,
      "recommendedQuantity": "1.0",
      "measurementUnitPrice": 4.98,
      "measurementUnit": "K",
      "isRedPrice": false,
      "pricePerUOM": 4.98,
      "activationDate": "12-03-2024",
      "recordSource": "Offline",
      "isPromoActive": "N",
      "priceChangeCode": "E"
    },
    "isAvailable": true,
    "isPriceAvailable": true,
    "inPromo": false,
    "gtin": [
      "05411188118121",
      "05411188118138"
    ],
    "topCategoryName": "Zuivel",
    "topCategoryId": "65",
    "businessDomain": "RETAIL_BE",
    "IsPrivateLabel": false,
    "IsBiffe": false,
    "WeightconversionFactor": "0",
    "IsWeightArticle": false,
    "nutriscoreLabel": "A",
    "IsBio": false,
    "CountryOfOrigin": "BELGIË",
    "IsExclusivelySoldInLuxembourg": false,
    "OrderUnit": "P",
    "ShortName": "ALPRO NATUUR ONGEZ.500G",
    "IsNew": false,
    "EcoscoreLabel": "A",
    "RecentQuanityOfStockUnits": "1,6",
    "LongName": "ALPRO natuur zonder suikers 500g",
    "AlcoholVolume": "0",
    "FicCode": "E",
    "EcoscoreValue": "90"
  },
  {
    "productId": "870399",
    "technicalArticleNumber": "4724010",
    "commercialArticleNumber": "22036",
    "name": "Verse kaas vanille",
    "brand": "DANIO",
    "seoBrand": "Danio",
    "thumbNail": "https://static.colruytgroup.com/images/200x200/std.lang.all/64/39/asset-3376439.jpg",
    "fullImage": "https://static.colruytgroup.com/images/500x500/std.lang.all/64/39/asset-3376439.jpg",
    "squareImage": "https://static.colruytgroup.com/images/500x500sq/std.lang.all/64/39/asset-3376439.jpg",
    "content": "165g",
    "walkRouteSequenceNumber": 5872,
    "price": {
      "basicPrice": 1.39,
      "recommendedQuantity": "1.0",
      "measurementUnitPrice": 8.43,
      "measurementUnit": "K",
      "isRedPrice": false,
      "pricePerUOM": 8.43,
      "activationDate": "11-03-2024",
      "recordSource": "Offline",
      "isPromoActive": "N",
      "priceChangeCode": "E"
    },
    "isAvailable": true,
    "isPriceAvailable": true,
    "inPromo": false,
    "gtin": [
      "05410146421013"
    ],
    "topCategoryName": "Zuivel",
    "topCategoryId": "65",
    "businessDomain": "RETAIL_BE",
    "IsPrivateLabel": false,
    "IsBiffe": false,
    "WeightconversionFactor": "0",
    "IsWeightArticle": false,
    "nutriscoreLabel": "B",
    "IsBio": false,
    "CountryOfOrigin": "FRANKRIJK",
    "IsExclusivelySoldInLuxembourg": false,
    "OrderUnit": "P",
    "ShortName": "DANI V.KAAS VANILLE165G",
    "IsNew": false,
    "EcoscoreLabel": "D",
    "RecentQuanityOfStockUnits": "1",
    "LongName": "DANIO Verse kaas vanille 165g",
    "FicCode": "E",
    "EcoscoreValue": "36"
  },
  {
    "productId": "88270",
    "technicalArticleNumber": "3024599",
    "commercialArticleNumber": "1768",
    "name": "yogh. vol nat. bio",
    "description": "*Vol\n*Roeryoghurt",
    "brand": "PUR NATUR",
    "seoBrand": "Pur Natur",
    "thumbNail": "https://static.colruytgroup.com/images/200x200/std.lang.all/61/45/asset-1616145.jpg",
    "fullImage": "https://static.colruytgroup.com/images/500x500/std.lang.all/61/45/asset-1616145.jpg",
    "squareImage": "https://static.colruytgroup.com/images/500x500sq/std.lang.all/61/45/asset-1616145.jpg",
    "content": "6x125g",
    "walkRouteSequenceNumber": 5776,
    "price": {
      "basicPrice": 3.99,
      "recommendedQuantity": "1.0",
      "measurementUnitPrice": 5.32,
      "measurementUnit": "K",
      "isRedPrice": false,
      "pricePerUOM": 5.32,
      "activationDate": "14-03-2024",
      "recordSource": "Offline",
      "isPromoActive": "N",
      "priceChangeCode": "E"
    },
    "isAvailable": true,
    "isPriceAvailable": true,
    "inPromo": true,
    "promotion": [
      {
        "techPromoId": "100945COLR",
        "promotionId": "100945",
        "promotionType": "3",
        "isPersonalized": "N",
        "publicationStartDate": "13-03-2024",
        "publicationEndDate": "26-03-2024"
      }
    ],
    "gtin": [
      "05412971916405",
      "05412971016402",
      "05400141165166",
      "15400141999096"
    ],
    "topCategoryName": "Zuivel",
    "topCategoryId": "65",
    "businessDomain": "RETAIL_BE",
    "IsPrivateLabel": false,
    "IsBiffe": false,
    "WeightconversionFactor": "0",
    "IsWeightArticle": false,
    "nutriscoreLabel": "B",
    "IsBio": true,
    "CountryOfOrigin": "BELGIË",
    "IsExclusivelySoldInLuxembourg": false,
    "OrderUnit": "P",
    "ShortName": "PN VOL YOG NAT BIO6X125",
    "IsNew": false,
    "EcoscoreLabel": "A",
    "RecentQuanityOfStockUnits": "1",
    "LongName": "PUR NATUR yogh. vol nat. bio 6x125g",
    "AlcoholVolume": "0",
    "FicCode": "E",
    "EcoscoreValue": "100"
  },
  {
    "productId": "19294",
    "technicalArticleNumber": "1723975",
    "commercialArticleNumber": "33266",
    "name": "boter ongezouten",
    "description": "*Vetgehalte: 82 %\n*Ongezouten\n*Belgisch",
    "brand": "VEREECKE",
    "seoBrand": "Vereecke",
    "thumbNail": "https://static.colruytgroup.com/images/200x200/std.lang.all/88/03/asset-558803.jpg",
    "fullImage": "https://static.colruytgroup.com/images/500x500/std.lang.all/88/03/asset-558803.jpg",
    "squareImage": "https://static.colruytgroup.com/images/500x500sq/std.lang.all/88/03/asset-558803.jpg",
    "content": "250g",
    "walkRouteSequenceNumber": 6150,
    "price": {
      "basicPrice": 3.99,
      "recommendedQuantity": "1.0",
      "measurementUnitPrice": 15.96,
      "measurementUnit": "K",
      "isRedPrice": false,
      "pricePerUOM": 15.96,
      "activationDate": "15-11-2023",
      "isPromoActive": "N",
      "priceChangeCode": "E"
    },
    "isAvailable": true,
    "isPriceAvailable": true,
    "inPromo": true,
    "promotion": [
      {
        "techPromoId": "100987COLR",
        "promotionId": "100987",
        "promotionType": "3",
        "isPersonalized": "N",
        "publicationStartDate": "13-03-2024",
        "publicationEndDate": "26-03-2024"
      }
    ],
    "gtin": [
      "05410375005015",
      "05410375002502"
    ],
    "topCategoryName": "Zuivel",
    "topCategoryId": "65",
    "businessDomain": "RETAIL_BE",
    "IsPrivateLabel": false,
    "IsBiffe": false,
    "WeightconversionFactor": "0",
    "IsWeightArticle": false,
    "nutriscoreLabel": "E",
    "IsBio": false,
    "CountryOfOrigin": "BELGIË",
    "IsExclusivelySoldInLuxembourg": false,
    "OrderUnit": "P",
    "ShortName": "VEREECKE BOTER 250GR",
    "InSeason": true,
    "IsNew": false,
    "EcoscoreLabel": "C",
    "RecentQuanityOfStockUnits": "1",
    "LongName": "VEREECKE boter ongezouten 250g",
    "AlcoholVolume": "0",
    "StartSeasonDate": "09/02/2009",
    "FicCode": "E",
    "EcoscoreValue": "55"
  },
  {
    "productId": "18166",
    "technicalArticleNumber": "1727317",
    "commercialArticleNumber": "33343",
    "name": "smeerkaas light ham",
    "description": "*Smeerkaas\n*Smeuïg, licht\n*Abs. V.G.: 12 %",
    "brand": "MAREDSOUS",
    "seoBrand": "Maredsous",
    "thumbNail": "https://static.colruytgroup.com/images/200x200/std.lang.all/26/57/asset-2282657.jpg",
    "fullImage": "https://static.colruytgroup.com/images/500x500/std.lang.all/26/57/asset-2282657.jpg",
    "squareImage": "https://static.colruytgroup.com/images/500x500sq/std.lang.all/26/57/asset-2282657.jpg",
    "content": "250g",
    "walkRouteSequenceNumber": 6128,
    "price": {
      "basicPrice": 5.36,
      "recommendedQuantity": "1.0",
      "measurementUnitPrice": 21.44,
      "measurementUnit": "K",
      "isRedPrice": false,
      "pricePerUOM": 21.44,
      "activationDate": "13-03-2024",
      "recordSource": "Offline",
      "isPromoActive": "N",
      "priceChangeCode": "H"
    },
    "isAvailable": true,
    "isPriceAvailable": true,
    "inPromo": false,
    "gtin": [
      "03073780959643",
      "03073780966696",
      "03073780966771",
      "03073781181234",
      "03073781181227"
    ],
    "topCategoryName": "Zuivel",
    "topCategoryId": "65",
    "businessDomain": "RETAIL_BE",
    "IsPrivateLabel": false,
    "IsBiffe": false,
    "WeightconversionFactor": "0",
    "IsWeightArticle": false,
    "nutriscoreLabel": "D",
    "IsBio": false,
    "CountryOfOrigin": "SLOWAKIJE",
    "IsExclusivelySoldInLuxembourg": false,
    "OrderUnit": "P",
    "ShortName": "MDS LIGHT HESP KUIP250G",
    "IsNew": false,
    "RecentQuanityOfStockUnits": "1,4",
    "LongName": "MAREDSOUS smeerkaas light ham 250g",
    "AlcoholVolume": "0",
    "FicCode": "E"
  },
  {
    "productId": "14770",
    "technicalArticleNumber": "1544711",
    "commercialArticleNumber": "26452",
    "name": "pudding griesmeel natuur",
    "brand": "JOYVALLE",
    "seoBrand": "Joyvalle",
    "thumbNail": "https://static.colruytgroup.com/images/200x200/std.lang.all/54/58/asset-335458.jpg",
    "fullImage": "https://static.colruytgroup.com/images/500x500/std.lang.all/54/58/asset-335458.jpg",
    "squareImage": "https://static.colruytgroup.com/images/500x500sq/std.lang.all/54/58/asset-335458.jpg",
    "content": "135g",
    "walkRouteSequenceNumber": 5978,
    "price": {
      "basicPrice": 1.19,
      "recommendedQuantity": "1.0",
      "measurementUnitPrice": 8.82,
      "measurementUnit": "K",
      "isRedPrice": false,
      "pricePerUOM": 8.82,
      "activationDate": "06-01-2024",
      "recordSource": "Offline",
      "isPromoActive": "N",
      "priceChangeCode": "E"
    },
    "isAvailable": true,
    "isPriceAvailable": true,
    "inPromo": false,
    "gtin": [
      "05410401001059",
      "05410401001004"
    ],
    "topCategoryName": "Zuivel",
    "topCategoryId": "65",
    "businessDomain": "RETAIL_BE",
    "IsPrivateLabel": false,
    "IsBiffe": false,
    "WeightconversionFactor": "0",
    "IsWeightArticle": false,
    "nutriscoreLabel": "C",
    "IsBio": false,
    "CountryOfOrigin": "BELGIË",
    "IsExclusivelySoldInLuxembourg": false,
    "OrderUnit": "P",
    "ShortName": "JOY GRIESPUD NAT 135 GR",
    "IsNew": false,
    "EcoscoreLabel": "A",
    "RecentQuanityOfStockUnits": "1,12",
    "LongName": "JOYVALLE pudding griesmeel natuur 135g",
    "AlcoholVolume": "0",
    "FicCode": "E",
    "EcoscoreValue": "100"
  },
  {
    "productId": "871190",
    "technicalArticleNumber": "4724035",
    "commercialArticleNumber": "22622",
    "name": "Cottage cheese",
    "brand": "DANONE",
    "seoBrand": "Danone",
    "thumbNail": "https://static.colruytgroup.com/images/200x200/std.lang.all/38/48/asset-3373848.jpg",
    "fullImage": "https://static.colruytgroup.com/images/500x500/std.lang.all/38/48/asset-3373848.jpg",
    "squareImage": "https://static.colruytgroup.com/images/500x500sq/std.lang.all/38/48/asset-3373848.jpg",
    "content": "400g",
    "walkRouteSequenceNumber": 5700,
    "price": {
      "basicPrice": 4.19,
      "recommendedQuantity": "1.0",
      "measurementUnitPrice": 10.48,
      "measurementUnit": "K",
      "isRedPrice": false,
      "pricePerUOM": 10.48,
      "activationDate": "06-03-2024",
      "recordSource": "Offline",
      "isPromoActive": "N",
      "priceChangeCode": "H"
    },
    "isAvailable": true,
    "isPriceAvailable": true,
    "inPromo": false,
    "gtin": [
      "05410146421242"
    ],
    "topCategoryName": "Zuivel",
    "topCategoryId": "65",
    "businessDomain": "RETAIL_BE",
    "IsPrivateLabel": false,
    "IsBiffe": false,
    "WeightconversionFactor": "0",
    "IsWeightArticle": false,
    "nutriscoreLabel": "B",
    "IsBio": false,
    "CountryOfOrigin": "DUITSLAND",
    "IsExclusivelySoldInLuxembourg": false,
    "OrderUnit": "P",
    "ShortName": "DANO COTTAGE CHEESE400G",
    "IsNew": false,
    "EcoscoreLabel": "B",
    "RecentQuanityOfStockUnits": "1",
    "LongName": "DANONE Cottage cheese 400g",
    "FicCode": "E",
    "EcoscoreValue": "71"
  },
  {
    "productId": "69747",
    "technicalArticleNumber": "2754899",
    "commercialArticleNumber": "42654",
    "name": "POP vanille",
    "brand": "DANETTE",
    "seoBrand": "Danone Danette",
    "thumbNail": "https://static.colruytgroup.com/images/200x200/std.lang.all/64/53/asset-3376453.jpg",
    "fullImage": "https://static.colruytgroup.com/images/500x500/std.lang.all/64/53/asset-3376453.jpg",
    "squareImage": "https://static.colruytgroup.com/images/500x500sq/std.lang.all/64/53/asset-3376453.jpg",
    "content": "4x117g",
    "walkRouteSequenceNumber": 5964,
    "price": {
      "basicPrice": 3.99,
      "recommendedQuantity": "1.0",
      "quantityPrice": 1.99,
      "quantityPriceQuantity": "2.0",
      "measurementUnitPrice": 8.53,
      "measurementUnitQuantityPrice": 4.26,
      "measurementUnit": "K",
      "isRedPrice": false,
      "pricePerUOM": 8.53,
      "activationDate": "13-03-2024",
      "recordSource": "Offline",
      "isPromoActive": "N",
      "priceChangeCode": "E",
      "quantityPricePerUOM": 4.26,
      "quantityActivationDate": "13-03-2024",
      "quantityPriceChangeCode": "L"
    },
    "isAvailable": true,
    "isPriceAvailable": true,
    "inPromo": false,
    "gtin": [
      "33033491012007",
      "03033491012006"
    ],
    "topCategoryName": "Zuivel",
    "topCategoryId": "65",
    "businessDomain": "RETAIL_BE",
    "IsPrivateLabel": false,
    "IsBiffe": false,
    "WeightconversionFactor": "0",
    "IsWeightArticle": false,
    "nutriscoreLabel": "C",
    "IsBio": false,
    "CountryOfOrigin": "FRANKRIJK",
    "IsExclusivelySoldInLuxembourg": false,
    "OrderUnit": "P",
    "ShortName": "DANO POP VANILLE 4X117G",
    "IsNew": false,
    "EcoscoreLabel": "A",
    "RecentQuanityOfStockUnits": "1",
    "LongName": "DANETTE POP vanille 4x117g",
    "AlcoholVolume": "0",
    "FicCode": "E",
    "EcoscoreValue": "91"
  },
  {
    "productId": "1887",
    "technicalArticleNumber": "26459",
    "commercialArticleNumber": "26459",
    "name": "verse kaas aardbei",
    "description": "*Mager\n*Vetgehalte: 3,2 %",
    "brand": "EVERYDAY",
    "seoBrand": "Everyday",
    "thumbNail": "https://static.colruytgroup.com/images/200x200/std.lang.all/89/48/asset-1148948.jpg",
    "fullImage": "https://static.colruytgroup.com/images/500x500/std.lang.all/89/48/asset-1148948.jpg",
    "squareImage": "https://static.colruytgroup.com/images/500x500sq/std.lang.all/89/48/asset-1148948.jpg",
    "content": "150g",
    "walkRouteSequenceNumber": 5884,
    "price": {
      "basicPrice": 0.64,
      "recommendedQuantity": "1.0",
      "measurementUnitPrice": 4.27,
      "measurementUnit": "K",
      "isRedPrice": false,
      "pricePerUOM": 4.27,
      "activationDate": "14-11-2023",
      "recordSource": "Offline",
      "isPromoActive": "N",
      "priceChangeCode": "E"
    },
    "isAvailable": true,
    "isPriceAvailable": true,
    "inPromo": false,
    "gtin": [
      "05400141001846",
      "05400141140576",
      "05400141220094",
      "05400141333787",
      "15400141001843",
      "05400141564846"
    ],
    "topCategoryName": "Zuivel",
    "topCategoryId": "65",
    "businessDomain": "RETAIL_BE",
    "IsPrivateLabel": true,
    "IsBiffe": false,
    "WeightconversionFactor": "0",
    "IsWeightArticle": false,
    "nutriscoreLabel": "B",
    "IsBio": false,
    "CountryOfOrigin": "BELGIË",
    "IsExclusivelySoldInLuxembourg": false,
    "OrderUnit": "P",
    "ShortName": "EVD FRUITKAAS 150G",
    "IsNew": false,
    "EcoscoreLabel": "A",
    "RecentQuanityOfStockUnits": "1",
    "LongName": "EVERYDAY verse kaas aardbei 150g",
    "AlcoholVolume": "0",
    "FicCode": "I",
    "EcoscoreValue": "100"
  },
  {
    "productId": "187063",
    "technicalArticleNumber": "3438631",
    "commercialArticleNumber": "21703",
    "name": "Cheesy Choc aardbei/choc",
    "description": "*Magere melk",
    "brand": "BONI",
    "seoBrand": "Boni Selection",
    "thumbNail": "https://static.colruytgroup.com/images/200x200/std.lang.all/41/62/asset-3224162.jpg",
    "fullImage": "https://static.colruytgroup.com/images/500x500/std.lang.all/41/62/asset-3224162.jpg",
    "squareImage": "https://static.colruytgroup.com/images/500x500sq/std.lang.all/41/62/asset-3224162.jpg",
    "content": "2x110g",
    "walkRouteSequenceNumber": 5877,
    "price": {
      "basicPrice": 1.99,
      "recommendedQuantity": "1.0",
      "measurementUnitPrice": 9.05,
      "measurementUnit": "K",
      "isRedPrice": false,
      "pricePerUOM": 9.05,
      "activationDate": "17-11-2023",
      "isPromoActive": "N",
      "priceChangeCode": "H"
    },
    "isAvailable": true,
    "isPriceAvailable": true,
    "inPromo": false,
    "gtin": [
      "15400141853589",
      "15400141387336",
      "05400141387339",
      "05400141079128"
    ],
    "topCategoryName": "Zuivel",
    "topCategoryId": "65",
    "businessDomain": "RETAIL_BE",
    "IsPrivateLabel": true,
    "IsBiffe": false,
    "WeightconversionFactor": "0",
    "IsWeightArticle": false,
    "nutriscoreLabel": "C",
    "IsBio": false,
    "CountryOfOrigin": "BELGIË",
    "IsExclusivelySoldInLuxembourg": false,
    "OrderUnit": "P",
    "ShortName": "BONI CHEESY CHOC 2X110G",
    "InSeason": true,
    "IsNew": false,
    "EcoscoreLabel": "A",
    "RecentQuanityOfStockUnits": "4,1",
    "LongName": "BONI Cheesy Choc aardbei/choc 2x110g",
    "AlcoholVolume": "0",
    "StartSeasonDate": "31/08/2020",
    "FicCode": "I",
    "EcoscoreValue": "100"
  },
  {
    "productId": "31376",
    "technicalArticleNumber": "1692374",
    "commercialArticleNumber": "32681",
    "name": "rijstpap vanille",
    "brand": "LA LAITIÈRE",
    "seoBrand": "Nestlé La Laitière",
    "thumbNail": "https://static.colruytgroup.com/images/200x200/std.lang.all/19/80/asset-1491980.jpg",
    "fullImage": "https://static.colruytgroup.com/images/500x500/std.lang.all/19/80/asset-1491980.jpg",
    "squareImage": "https://static.colruytgroup.com/images/500x500sq/std.lang.all/19/80/asset-1491980.jpg",
    "content": "180g",
    "walkRouteSequenceNumber": 5979,
    "price": {
      "basicPrice": 1.05,
      "recommendedQuantity": "1.0",
      "measurementUnitPrice": 5.84,
      "measurementUnit": "K",
      "isRedPrice": false,
      "pricePerUOM": 5.84,
      "activationDate": "14-11-2023",
      "recordSource": "Offline",
      "isPromoActive": "N",
      "priceChangeCode": "E"
    },
    "isAvailable": true,
    "isPriceAvailable": true,
    "inPromo": false,
    "gtin": [
      "03023290620922",
      "03023291204442"
    ],
    "topCategoryName": "Zuivel",
    "topCategoryId": "65",
    "businessDomain": "RETAIL_BE",
    "IsPrivateLabel": false,
    "IsBiffe": false,
    "WeightconversionFactor": "0",
    "IsWeightArticle": false,
    "nutriscoreLabel": "C",
    "IsBio": false,
    "CountryOfOrigin": "FRANKRIJK",
    "IsExclusivelySoldInLuxembourg": false,
    "OrderUnit": "P",
    "ShortName": "LL RIJSTPAP 180G",
    "IsNew": false,
    "RecentQuanityOfStockUnits": "1",
    "LongName": "LA LAITIÈRE rijstpap vanille 180g",
    "AlcoholVolume": "0",
    "FicCode": "E"
  },
  {
    "productId": "606564",
    "technicalArticleNumber": "4277284",
    "commercialArticleNumber": "23151",
    "name": "drink aardbei framb.",
    "description": "*Gearomatiseerd,\nmet zoetstoffen,\n0% vet",
    "brand": "DANONE HIPRO",
    "seoBrand": "Danone Hipro",
    "thumbNail": "https://static.colruytgroup.com/images/200x200/std.lang.all/37/71/asset-3373771.jpg",
    "fullImage": "https://static.colruytgroup.com/images/500x500/std.lang.all/37/71/asset-3373771.jpg",
    "squareImage": "https://static.colruytgroup.com/images/500x500sq/std.lang.all/37/71/asset-3373771.jpg",
    "content": "300g",
    "walkRouteSequenceNumber": 5795,
    "price": {
      "basicPrice": 2.79,
      "recommendedQuantity": "1.0",
      "measurementUnitPrice": 9.3,
      "measurementUnit": "L",
      "isRedPrice": false,
      "pricePerUOM": 9.3,
      "activationDate": "20-02-2024",
      "recordSource": "Offline",
      "isPromoActive": "N",
      "priceChangeCode": "E"
    },
    "isAvailable": true,
    "isPriceAvailable": true,
    "inPromo": false,
    "gtin": [
      "23033491485750",
      "03033491485756",
      "15410146419550",
      "05410146419553"
    ],
    "topCategoryName": "Zuivel",
    "topCategoryId": "65",
    "businessDomain": "RETAIL_BE",
    "IsPrivateLabel": false,
    "IsBiffe": false,
    "WeightconversionFactor": "0",
    "IsWeightArticle": false,
    "nutriscoreLabel": "A",
    "IsBio": false,
    "CountryOfOrigin": "SPANJE",
    "IsExclusivelySoldInLuxembourg": false,
    "OrderUnit": "P",
    "ShortName": "DANO HIPR AARB/FRA 300G",
    "IsNew": false,
    "EcoscoreLabel": "A",
    "RecentQuanityOfStockUnits": "1,6",
    "LongName": "DANONE HIPRO drink aardbei framb. 300g",
    "FicCode": "E",
    "EcoscoreValue": "87"
  },
  {
    "productId": "100832",
    "technicalArticleNumber": "2911177",
    "commercialArticleNumber": "23642",
    "name": "Liégeois vanille",
    "brand": "BONI",
    "seoBrand": "Boni Selection",
    "thumbNail": "https://static.colruytgroup.com/images/200x200/std.lang.all/14/49/asset-2361449.jpg",
    "fullImage": "https://static.colruytgroup.com/images/500x500/std.lang.all/14/49/asset-2361449.jpg",
    "squareImage": "https://static.colruytgroup.com/images/500x500sq/std.lang.all/14/49/asset-2361449.jpg",
    "content": "4x100g",
    "walkRouteSequenceNumber": 5937,
    "price": {
      "basicPrice": 2.49,
      "recommendedQuantity": "1.0",
      "measurementUnitPrice": 6.23,
      "measurementUnit": "K",
      "isRedPrice": false,
      "pricePerUOM": 6.23,
      "activationDate": "20-03-2024",
      "recordSource": "Online",
      "isPromoActive": "N",
      "priceChangeCode": "E"
    },
    "isAvailable": true,
    "isPriceAvailable": true,
    "inPromo": false,
    "gtin": [
      "05400141035582",
      "05400141298444",
      "05400141417593",
      "05400141870626"
    ],
    "topCategoryName": "Zuivel",
    "topCategoryId": "65",
    "businessDomain": "RETAIL_BE",
    "IsPrivateLabel": true,
    "IsBiffe": false,
    "WeightconversionFactor": "0",
    "IsWeightArticle": false,
    "nutriscoreLabel": "C",
    "IsBio": false,
    "CountryOfOrigin": "FRANKRIJK",
    "IsExclusivelySoldInLuxembourg": false,
    "OrderUnit": "P",
    "ShortName": "BON LIEGEOIS DUO 4X100G",
    "IsNew": false,
    "EcoscoreLabel": "A",
    "RecentQuanityOfStockUnits": "1",
    "LongName": "BONI Liégeois vanille 4x100g",
    "AlcoholVolume": "0",
    "FicCode": "I",
    "EcoscoreValue": "90"
  },
  {
    "productId": "295001",
    "technicalArticleNumber": "3682685",
    "commercialArticleNumber": "41858",
    "name": "gouda belegen blokjes",
    "description": "*Nederland\n*Halfharde kaas\n*Romig\n*Belegen\n*O.b.v. weidemelk",
    "brand": "BONI",
    "seoBrand": "Boni Selection",
    "thumbNail": "https://static.colruytgroup.com/images/200x200/std.lang.all/70/57/asset-2787057.jpg",
    "fullImage": "https://static.colruytgroup.com/images/500x500/std.lang.all/70/57/asset-2787057.jpg",
    "squareImage": "https://static.colruytgroup.com/images/500x500sq/std.lang.all/70/57/asset-2787057.jpg",
    "content": "280g",
    "walkRouteSequenceNumber": 5602,
    "price": {
      "basicPrice": 4,
      "recommendedQuantity": "1.0",
      "measurementUnitPrice": 14.29,
      "measurementUnit": "K",
      "isRedPrice": false,
      "pricePerUOM": 14.29,
      "activationDate": "20-03-2024",
      "recordSource": "Folder",
      "isPromoActive": "N",
      "priceChangeCode": "E"
    },
    "isAvailable": true,
    "isPriceAvailable": true,
    "inPromo": false,
    "gtin": [
      "05400141941531",
      "05400141944822",
      "05400141126723",
      "05400141129137",
      "05400141160185",
      "05400141332780",
      "05400141412628"
    ],
    "topCategoryName": "Zuivel",
    "topCategoryId": "65",
    "businessDomain": "RETAIL_BE",
    "IsPrivateLabel": true,
    "IsBiffe": false,
    "WeightconversionFactor": "0",
    "IsWeightArticle": false,
    "nutriscoreLabel": "C",
    "IsBio": false,
    "CountryOfOrigin": "NEDERLAND",
    "IsExclusivelySoldInLuxembourg": false,
    "OrderUnit": "P",
    "ShortName": "BONI GOUDA 4M KUB 280 G",
    "IsNew": false,
    "EcoscoreLabel": "C",
    "RecentQuanityOfStockUnits": "1",
    "LongName": "BONI gouda belegen blokjes 280g",
    "AlcoholVolume": "0",
    "FicCode": "I",
    "EcoscoreValue": "57"
  },
  {
    "productId": "12173",
    "technicalArticleNumber": "1321422",
    "commercialArticleNumber": "26103",
    "name": "Room Culinair Light",
    "description": "* Romige toets in\nsoep, aardappelen en\nnagerechten/saus\ninkoken",
    "brand": "CARLSBOURG",
    "seoBrand": "Carlsbourg Finesse",
    "thumbNail": "https://static.colruytgroup.com/images/200x200/nl_be/52/25/asset-555225.jpg",
    "fullImage": "https://static.colruytgroup.com/images/500x500/nl_be/52/25/asset-555225.jpg",
    "squareImage": "https://static.colruytgroup.com/images/500x500sq/nl_be/52/25/asset-555225.jpg",
    "content": "250ml",
    "walkRouteSequenceNumber": 5995,
    "price": {
      "basicPrice": 2.55,
      "recommendedQuantity": "1.0",
      "quantityPrice": 2.09,
      "quantityPriceQuantity": "2.0",
      "measurementUnitPrice": 10.2,
      "measurementUnitQuantityPrice": 8.36,
      "measurementUnit": "L",
      "isRedPrice": false,
      "pricePerUOM": 10.2,
      "activationDate": "21-03-2024",
      "recordSource": "Offline",
      "isPromoActive": "N",
      "priceChangeCode": "E",
      "quantityPricePerUOM": 8.36,
      "quantityActivationDate": "21-03-2024",
      "quantityPriceChangeCode": "H"
    },
    "isAvailable": true,
    "isPriceAvailable": true,
    "inPromo": false,
    "gtin": [
      "05411156009109",
      "05411156009567",
      "05411156009550"
    ],
    "topCategoryName": "Zuivel",
    "topCategoryId": "65",
    "businessDomain": "RETAIL_BE",
    "IsPrivateLabel": false,
    "IsBiffe": false,
    "WeightconversionFactor": "0",
    "IsWeightArticle": false,
    "nutriscoreLabel": "D",
    "IsBio": false,
    "CountryOfOrigin": "BELGIË",
    "IsExclusivelySoldInLuxembourg": false,
    "OrderUnit": "P",
    "ShortName": "CARLSB.FINES. LIGHT 25C",
    "IsNew": false,
    "RecentQuanityOfStockUnits": "1,12",
    "LongName": "CARLSBOURG Room Culinair Light 250ml",
    "AlcoholVolume": "0",
    "FicCode": "E"
  },
  {
    "productId": "202187",
    "technicalArticleNumber": "3412172",
    "commercialArticleNumber": "50061",
    "name": "yoghurt aardbei-framb muesli",
    "description": "*Vol\n*Met stukjes fruit",
    "brand": "BONI",
    "seoBrand": "Boni Selection",
    "thumbNail": "https://static.colruytgroup.com/images/200x200/std.lang.all/41/61/asset-3224161.jpg",
    "fullImage": "https://static.colruytgroup.com/images/500x500/std.lang.all/41/61/asset-3224161.jpg",
    "squareImage": "https://static.colruytgroup.com/images/500x500sq/std.lang.all/41/61/asset-3224161.jpg",
    "content": "175g",
    "walkRouteSequenceNumber": 5830,
    "price": {
      "basicPrice": 1.69,
      "recommendedQuantity": "1.0",
      "measurementUnitPrice": 9.66,
      "measurementUnit": "K",
      "isRedPrice": false,
      "pricePerUOM": 9.66,
      "activationDate": "17-11-2023",
      "isPromoActive": "N",
      "priceChangeCode": "H"
    },
    "isAvailable": true,
    "isPriceAvailable": true,
    "inPromo": false,
    "gtin": [
      "05400141313147",
      "05400141214093",
      "05400141194807",
      "15400141828808"
    ],
    "topCategoryName": "Zuivel",
    "topCategoryId": "65",
    "businessDomain": "RETAIL_BE",
    "IsPrivateLabel": true,
    "IsBiffe": false,
    "WeightconversionFactor": "0",
    "IsWeightArticle": false,
    "nutriscoreLabel": "C",
    "IsBio": false,
    "CountryOfOrigin": "NEDERLAND",
    "IsExclusivelySoldInLuxembourg": false,
    "OrderUnit": "P",
    "ShortName": "BONI BRFST YOG AARDB175",
    "IsNew": false,
    "EcoscoreLabel": "A",
    "RecentQuanityOfStockUnits": "6,1",
    "LongName": "BONI yoghurt aardbei-framb muesli 175g",
    "AlcoholVolume": "0",
    "FicCode": "I",
    "EcoscoreValue": "90"
  },
  {
    "productId": "192451",
    "technicalArticleNumber": "3468299",
    "commercialArticleNumber": "30109",
    "name": "roomdessert vanille",
    "description": "*Vanille",
    "brand": "VITALINEA",
    "seoBrand": "Danone Vitalinea",
    "thumbNail": "https://static.colruytgroup.com/images/200x200/std.lang.all/72/43/asset-3377243.jpg",
    "fullImage": "https://static.colruytgroup.com/images/500x500/std.lang.all/72/43/asset-3377243.jpg",
    "squareImage": "https://static.colruytgroup.com/images/500x500sq/std.lang.all/72/43/asset-3377243.jpg",
    "content": "4x120g",
    "walkRouteSequenceNumber": 5962,
    "price": {
      "basicPrice": 3.55,
      "recommendedQuantity": "1.0",
      "measurementUnitPrice": 7.4,
      "measurementUnit": "K",
      "isRedPrice": false,
      "pricePerUOM": 7.4,
      "activationDate": "20-03-2024",
      "recordSource": "Offline",
      "isPromoActive": "N",
      "priceChangeCode": "H"
    },
    "isAvailable": true,
    "isPriceAvailable": true,
    "inPromo": false,
    "gtin": [
      "15410146414319",
      "05410146414312",
      "25410146414316"
    ],
    "topCategoryName": "Zuivel",
    "topCategoryId": "65",
    "businessDomain": "RETAIL_BE",
    "IsPrivateLabel": false,
    "IsBiffe": false,
    "WeightconversionFactor": "0",
    "IsWeightArticle": false,
    "nutriscoreLabel": "B",
    "IsBio": false,
    "CountryOfOrigin": "FRANKRIJK",
    "IsExclusivelySoldInLuxembourg": false,
    "OrderUnit": "P",
    "ShortName": "VITAL.DESS.VANIL.4X120G",
    "IsNew": false,
    "EcoscoreLabel": "A",
    "RecentQuanityOfStockUnits": "1",
    "LongName": "VITALINEA roomdessert vanille 4x120g",
    "AlcoholVolume": "0",
    "FicCode": "E",
    "EcoscoreValue": "96"
  },
  {
    "productId": "55720",
    "technicalArticleNumber": "2318182",
    "commercialArticleNumber": "16922",
    "name": "Léger",
    "description": "*Frankrijk\n*Verse kaas\n*Fris,\nlicht gezouten",
    "brand": "ST MÔRET",
    "seoBrand": "St Môret",
    "thumbNail": "https://static.colruytgroup.com/images/200x200/std.lang.all/44/55/asset-1914455.jpg",
    "fullImage": "https://static.colruytgroup.com/images/500x500/std.lang.all/44/55/asset-1914455.jpg",
    "squareImage": "https://static.colruytgroup.com/images/500x500sq/std.lang.all/44/55/asset-1914455.jpg",
    "content": "150g",
    "walkRouteSequenceNumber": 4887,
    "price": {
      "basicPrice": 3.59,
      "recommendedQuantity": "1.0",
      "measurementUnitPrice": 23.94,
      "measurementUnit": "K",
      "isRedPrice": false,
      "pricePerUOM": 23.94,
      "activationDate": "20-03-2024",
      "recordSource": "Offline",
      "isPromoActive": "N",
      "priceChangeCode": "E"
    },
    "isAvailable": true,
    "isPriceAvailable": true,
    "inPromo": true,
    "promotion": [
      {
        "techPromoId": "100978COLR",
        "promotionId": "100978",
        "promotionType": "3",
        "isPersonalized": "N",
        "publicationStartDate": "13-03-2024",
        "publicationEndDate": "26-03-2024"
      }
    ],
    "gtin": [
      "03272770093583",
      "03272779358058"
    ],
    "topCategoryName": "Zuivel",
    "topCategoryId": "65",
    "businessDomain": "RETAIL_BE",
    "IsPrivateLabel": false,
    "IsBiffe": false,
    "WeightconversionFactor": "0",
    "IsWeightArticle": false,
    "nutriscoreLabel": "C",
    "IsBio": false,
    "CountryOfOrigin": "FRANKRIJK",
    "IsExclusivelySoldInLuxembourg": false,
    "OrderUnit": "P",
    "ShortName": "ST MORET LEGER 150GR",
    "IsNew": false,
    "RecentQuanityOfStockUnits": "1",
    "LongName": "ST MÔRET Léger 150g",
    "AlcoholVolume": "0",
    "FicCode": "E"
  },
  {
    "productId": "287917",
    "technicalArticleNumber": "3682765",
    "commercialArticleNumber": "41888",
    "name": "oude kaas schilfers",
    "description": "*Geraspte kaas\n*Vegetarisch\n*Min.10maand rijping",
    "brand": "BONI",
    "seoBrand": "Boni Selection",
    "thumbNail": "https://static.colruytgroup.com/images/200x200/std.lang.all/92/53/asset-2369253.jpg",
    "fullImage": "https://static.colruytgroup.com/images/500x500/std.lang.all/92/53/asset-2369253.jpg",
    "squareImage": "https://static.colruytgroup.com/images/500x500sq/std.lang.all/92/53/asset-2369253.jpg",
    "content": "175g",
    "walkRouteSequenceNumber": 6160,
    "price": {
      "basicPrice": 4.75,
      "recommendedQuantity": "1.0",
      "measurementUnitPrice": 27.15,
      "measurementUnit": "K",
      "isRedPrice": false,
      "pricePerUOM": 27.15,
      "activationDate": "14-03-2024",
      "recordSource": "Offline",
      "isPromoActive": "N",
      "priceChangeCode": "L"
    },
    "isAvailable": true,
    "isPriceAvailable": true,
    "inPromo": false,
    "gtin": [
      "05400141126815",
      "05400141129175",
      "05400141275940",
      "05400141307207",
      "15400141307204"
    ],
    "topCategoryName": "Zuivel",
    "topCategoryId": "65",
    "businessDomain": "RETAIL_BE",
    "IsPrivateLabel": true,
    "IsBiffe": false,
    "WeightconversionFactor": "0",
    "IsWeightArticle": false,
    "nutriscoreLabel": "C",
    "IsBio": false,
    "CountryOfOrigin": "BELGIË",
    "IsExclusivelySoldInLuxembourg": false,
    "OrderUnit": "P",
    "ShortName": "BONI SCHILFERS KAAS 175",
    "IsNew": false,
    "EcoscoreLabel": "C",
    "RecentQuanityOfStockUnits": "1",
    "LongName": "BONI oude kaas schilfers 175g",
    "AlcoholVolume": "0",
    "FicCode": "I",
    "EcoscoreValue": "51"
  },
  {
    "productId": "811247",
    "technicalArticleNumber": "4636274",
    "commercialArticleNumber": "6815",
    "name": "look&f.kruid.light",
    "brand": "BOURSIN CUISINE",
    "seoBrand": "Boursin",
    "thumbNail": "https://ecgproductmw.colruytgroup.com/ecgproductmw/noPicForArticle_2.jpg",
    "fullImage": "https://ecgproductmw.colruytgroup.com/ecgproductmw/noPicForArticle_5.jpg",
    "squareImage": "https://ecgproductmw.colruytgroup.com/ecgproductmw/noPicForArticle_5.jpg",
    "content": "230g",
    "walkRouteSequenceNumber": 6024,
    "price": {
      "basicPrice": 2.86,
      "recommendedQuantity": "1.0",
      "measurementUnitPrice": 12.44,
      "measurementUnit": "K",
      "isRedPrice": false,
      "pricePerUOM": 12.44,
      "activationDate": "02-01-2024",
      "recordSource": "Offline",
      "isPromoActive": "N",
      "priceChangeCode": "E"
    },
    "isAvailable": true,
    "isPriceAvailable": true,
    "inPromo": false,
    "gtin": [
      "03073781181937",
      "03073781181944"
    ],
    "topCategoryName": "Zuivel",
    "topCategoryId": "65",
    "businessDomain": "RETAIL_BE",
    "IsPrivateLabel": false,
    "IsBiffe": false,
    "WeightconversionFactor": "0",
    "IsWeightArticle": false,
    "nutriscoreLabel": "D",
    "IsBio": false,
    "CountryOfOrigin": "BELGIË",
    "IsExclusivelySoldInLuxembourg": false,
    "OrderUnit": "P",
    "ShortName": "BOUR.CUI.KRUID.LIGHT230",
    "IsNew": false,
    "EcoscoreLabel": "D",
    "RecentQuanityOfStockUnits": "1",
    "LongName": "BOURSIN CUISINE look&f.kruid.light 230g",
    "FicCode": "E",
    "EcoscoreValue": "36"
  },
  {
    "productId": "671009",
    "technicalArticleNumber": "4383936",
    "commercialArticleNumber": "24415",
    "name": "volle yoghurt peer",
    "description": "*Yoghurt op een\nbedje van peren",
    "brand": "OIKOS",
    "seoBrand": "Oikos",
    "thumbNail": "https://static.colruytgroup.com/images/200x200/std.lang.all/64/36/asset-2356436.jpg",
    "fullImage": "https://static.colruytgroup.com/images/500x500/std.lang.all/64/36/asset-2356436.jpg",
    "squareImage": "https://static.colruytgroup.com/images/500x500sq/std.lang.all/64/36/asset-2356436.jpg",
    "content": "4x115g",
    "walkRouteSequenceNumber": 5906,
    "price": {
      "basicPrice": 3.99,
      "recommendedQuantity": "1.0",
      "measurementUnitPrice": 8.68,
      "measurementUnit": "K",
      "isRedPrice": false,
      "pricePerUOM": 8.68,
      "activationDate": "15-02-2024",
      "recordSource": "Offline",
      "isPromoActive": "N",
      "priceChangeCode": "E"
    },
    "isAvailable": true,
    "isPriceAvailable": true,
    "inPromo": false,
    "gtin": [
      "05410146420023"
    ],
    "topCategoryName": "Zuivel",
    "topCategoryId": "65",
    "businessDomain": "RETAIL_BE",
    "IsPrivateLabel": false,
    "IsBiffe": false,
    "WeightconversionFactor": "0",
    "IsWeightArticle": false,
    "nutriscoreLabel": "C",
    "IsBio": false,
    "CountryOfOrigin": "DUITSLAND",
    "IsExclusivelySoldInLuxembourg": false,
    "OrderUnit": "P",
    "ShortName": "DANO OIKOS PEER 4X115G",
    "IsNew": false,
    "EcoscoreLabel": "A",
    "RecentQuanityOfStockUnits": "1",
    "LongName": "OIKOS volle yoghurt peer 4x115g",
    "FicCode": "E",
    "EcoscoreValue": "85"
  },
  {
    "productId": "347209",
    "technicalArticleNumber": "3826951",
    "commercialArticleNumber": "21708",
    "name": "fruix fruityoghurt",
    "description": "*Vol\n*Met gemixt fruit",
    "brand": "DANONE",
    "seoBrand": "Danone Fruix",
    "thumbNail": "https://static.colruytgroup.com/images/200x200/std.lang.all/83/48/asset-3378348.jpg",
    "fullImage": "https://static.colruytgroup.com/images/500x500/std.lang.all/83/48/asset-3378348.jpg",
    "squareImage": "https://static.colruytgroup.com/images/500x500sq/std.lang.all/83/48/asset-3378348.jpg",
    "content": "12x125g",
    "walkRouteSequenceNumber": 5755,
    "price": {
      "basicPrice": 6.99,
      "recommendedQuantity": "1.0",
      "measurementUnitPrice": 4.66,
      "measurementUnit": "K",
      "isRedPrice": false,
      "pricePerUOM": 4.66,
      "activationDate": "17-02-2024",
      "recordSource": "Offline",
      "isPromoActive": "N",
      "priceChangeCode": "E"
    },
    "isAvailable": true,
    "isPriceAvailable": true,
    "inPromo": false,
    "gtin": [
      "05410146417139"
    ],
    "topCategoryName": "Zuivel",
    "topCategoryId": "65",
    "businessDomain": "RETAIL_BE",
    "IsPrivateLabel": false,
    "IsBiffe": false,
    "WeightconversionFactor": "0",
    "IsWeightArticle": false,
    "nutriscoreLabel": "B",
    "IsBio": false,
    "CountryOfOrigin": "FRANKRIJK",
    "IsExclusivelySoldInLuxembourg": false,
    "OrderUnit": "P",
    "ShortName": "DANO FRUIX 12X125G",
    "InSeason": true,
    "IsNew": false,
    "EcoscoreLabel": "A",
    "RecentQuanityOfStockUnits": "1",
    "LongName": "DANONE fruix fruityoghurt 12x125g",
    "AlcoholVolume": "0",
    "StartSeasonDate": "15/06/2022",
    "FicCode": "E",
    "EcoscoreValue": "91"
  },
  {
    "productId": "10847",
    "technicalArticleNumber": "1381089",
    "commercialArticleNumber": "26737",
    "name": "mozzarella buffelmelk",
    "description": "*Italië\n*Verse kaas\n*Licht, zurig\n*O.b.v. Buffelmelk",
    "brand": "GALBANI",
    "seoBrand": "Galbani",
    "thumbNail": "https://static.colruytgroup.com/images/200x200/std.lang.all/82/71/asset-3448271.jpg",
    "fullImage": "https://static.colruytgroup.com/images/500x500/std.lang.all/82/71/asset-3448271.jpg",
    "squareImage": "https://static.colruytgroup.com/images/500x500sq/std.lang.all/82/71/asset-3448271.jpg",
    "content": "125g",
    "walkRouteSequenceNumber": 5231,
    "price": {
      "basicPrice": 2.99,
      "recommendedQuantity": "1.0",
      "measurementUnitPrice": 23.92,
      "measurementUnit": "K",
      "isRedPrice": false,
      "pricePerUOM": 23.92,
      "activationDate": "18-03-2024",
      "recordSource": "Offline",
      "isPromoActive": "N",
      "priceChangeCode": "H"
    },
    "isAvailable": true,
    "isPriceAvailable": true,
    "inPromo": false,
    "gtin": [
      "08000430130164",
      "08000430900231",
      "08000430131512"
    ],
    "topCategoryName": "Zuivel",
    "topCategoryId": "65",
    "businessDomain": "RETAIL_BE",
    "IsPrivateLabel": false,
    "IsBiffe": false,
    "WeightconversionFactor": "0",
    "IsWeightArticle": false,
    "nutriscoreLabel": "D",
    "IsBio": false,
    "CountryOfOrigin": "ITALIË",
    "IsExclusivelySoldInLuxembourg": false,
    "OrderUnit": "P",
    "ShortName": "GALB MOZZAREL BUFAL125G",
    "InSeason": true,
    "IsNew": false,
    "EcoscoreLabel": "D",
    "RecentQuanityOfStockUnits": "1",
    "LongName": "GALBANI mozzarella buffelmelk 125g",
    "AlcoholVolume": "0",
    "StartSeasonDate": "18/02/2010",
    "FicCode": "E",
    "EcoscoreValue": "38"
  },
  {
    "productId": "19002",
    "technicalArticleNumber": "1756972",
    "commercialArticleNumber": "33649",
    "name": "original",
    "description": "*Extra bevorderend\nvoor de darmflora",
    "brand": "ACTIMEL",
    "seoBrand": "Actimel",
    "thumbNail": "https://static.colruytgroup.com/images/200x200/std.lang.all/40/54/asset-3364054.jpg",
    "fullImage": "https://static.colruytgroup.com/images/500x500/std.lang.all/40/54/asset-3364054.jpg",
    "squareImage": "https://static.colruytgroup.com/images/500x500sq/std.lang.all/40/54/asset-3364054.jpg",
    "content": "12x100g",
    "walkRouteSequenceNumber": 5694,
    "price": {
      "basicPrice": 5.89,
      "recommendedQuantity": "1.0",
      "measurementUnitPrice": 4.91,
      "measurementUnit": "K",
      "isRedPrice": false,
      "pricePerUOM": 4.91,
      "activationDate": "19-03-2024",
      "recordSource": "Offline",
      "isPromoActive": "N",
      "priceChangeCode": "E"
    },
    "isAvailable": true,
    "isPriceAvailable": true,
    "inPromo": false,
    "gtin": [
      "55060058330818",
      "05060058330813"
    ],
    "topCategoryName": "Zuivel",
    "topCategoryId": "65",
    "businessDomain": "RETAIL_BE",
    "IsPrivateLabel": false,
    "IsBiffe": false,
    "WeightconversionFactor": "0",
    "IsWeightArticle": false,
    "nutriscoreLabel": "B",
    "IsBio": false,
    "CountryOfOrigin": "BELGIË",
    "IsExclusivelySoldInLuxembourg": false,
    "OrderUnit": "P",
    "ShortName": "DAN ACTIMEL NAT 12X100G",
    "InSeason": true,
    "IsNew": false,
    "EcoscoreLabel": "B",
    "RecentQuanityOfStockUnits": "1",
    "LongName": "ACTIMEL original 12x100g",
    "AlcoholVolume": "0",
    "StartSeasonDate": "07/01/2010",
    "FicCode": "E",
    "EcoscoreValue": "67"
  },
  {
    "productId": "870295",
    "technicalArticleNumber": "4723902",
    "commercialArticleNumber": "21669",
    "name": "Verse kaas Gele Vrucht/Granen",
    "brand": "DANIO",
    "seoBrand": "Danio",
    "thumbNail": "https://static.colruytgroup.com/images/200x200/std.lang.all/37/82/asset-3373782.jpg",
    "fullImage": "https://static.colruytgroup.com/images/500x500/std.lang.all/37/82/asset-3373782.jpg",
    "squareImage": "https://static.colruytgroup.com/images/500x500sq/std.lang.all/37/82/asset-3373782.jpg",
    "content": "150g",
    "walkRouteSequenceNumber": 5870,
    "price": {
      "basicPrice": 2.19,
      "recommendedQuantity": "1.0",
      "measurementUnitPrice": 14.6,
      "measurementUnit": "K",
      "isRedPrice": false,
      "pricePerUOM": 14.6,
      "activationDate": "22-03-2024",
      "recordSource": "Offline",
      "isPromoActive": "N",
      "priceChangeCode": "L"
    },
    "isAvailable": true,
    "isPriceAvailable": true,
    "inPromo": false,
    "gtin": [
      "05410146421129"
    ],
    "topCategoryName": "Zuivel",
    "topCategoryId": "65",
    "businessDomain": "RETAIL_BE",
    "IsPrivateLabel": false,
    "IsBiffe": false,
    "WeightconversionFactor": "0",
    "IsWeightArticle": false,
    "nutriscoreLabel": "B",
    "IsBio": false,
    "CountryOfOrigin": "FRANKRIJK",
    "IsExclusivelySoldInLuxembourg": false,
    "OrderUnit": "P",
    "ShortName": "DANI KAAS G.VR./GR.150G",
    "IsNew": false,
    "EcoscoreLabel": "D",
    "RecentQuanityOfStockUnits": "1",
    "LongName": "DANIO Verse kaas Gele Vrucht/Granen 150g",
    "FicCode": "E",
    "EcoscoreValue": "39"
  },
  {
    "productId": "830583",
    "technicalArticleNumber": "4670210",
    "commercialArticleNumber": "2738",
    "name": "kaas abdij blok",
    "description": "*Smeerkaas",
    "brand": "MAREDSOUS",
    "seoBrand": "Maredsous",
    "thumbNail": "https://static.colruytgroup.com/images/200x200/std.lang.all/09/87/asset-3270987.jpg",
    "fullImage": "https://static.colruytgroup.com/images/500x500/std.lang.all/09/87/asset-3270987.jpg",
    "squareImage": "https://static.colruytgroup.com/images/500x500sq/std.lang.all/09/87/asset-3270987.jpg",
    "content": "500g",
    "walkRouteSequenceNumber": 5168,
    "price": {
      "basicPrice": 10.69,
      "recommendedQuantity": "1.0",
      "measurementUnitPrice": 21.38,
      "measurementUnit": "K",
      "isRedPrice": false,
      "pricePerUOM": 21.38,
      "activationDate": "29-02-2024",
      "recordSource": "Offline",
      "isPromoActive": "N",
      "priceChangeCode": "E"
    },
    "isAvailable": true,
    "isPriceAvailable": true,
    "inPromo": false,
    "gtin": [
      "03073781190533",
      "03073781190540"
    ],
    "topCategoryName": "Zuivel",
    "topCategoryId": "65",
    "businessDomain": "RETAIL_BE",
    "IsPrivateLabel": false,
    "IsBiffe": false,
    "WeightconversionFactor": "0",
    "IsWeightArticle": false,
    "nutriscoreLabel": "D",
    "IsBio": false,
    "CountryOfOrigin": "BELGIË",
    "IsExclusivelySoldInLuxembourg": false,
    "OrderUnit": "P",
    "ShortName": "MARE ABDIJKAAS BLOK500G",
    "IsNew": false,
    "EcoscoreLabel": "B",
    "RecentQuanityOfStockUnits": "1",
    "LongName": "MAREDSOUS kaas abdij blok 500g",
    "AlcoholVolume": "0",
    "FicCode": "E",
    "EcoscoreValue": "63"
  },
  {
    "productId": "10490",
    "technicalArticleNumber": "1145356",
    "commercialArticleNumber": "26624",
    "name": "gorgonzola Cremoso",
    "description": "*Italië B.O.B.\n*Blauwgeaderde kaas\n*Met blauwe schimmel\n*O.b.v. gepast. melk",
    "brand": "GALBANI",
    "seoBrand": "Galbani",
    "thumbNail": "https://static.colruytgroup.com/images/200x200/std.lang.all/22/21/asset-2172221.jpg",
    "fullImage": "https://static.colruytgroup.com/images/500x500/std.lang.all/22/21/asset-2172221.jpg",
    "squareImage": "https://static.colruytgroup.com/images/500x500sq/std.lang.all/22/21/asset-2172221.jpg",
    "content": "150g",
    "walkRouteSequenceNumber": 5196,
    "price": {
      "basicPrice": 6.49,
      "recommendedQuantity": "1.0",
      "measurementUnitPrice": 43.27,
      "measurementUnit": "K",
      "isRedPrice": false,
      "pricePerUOM": 43.27,
      "activationDate": "25-01-2024",
      "recordSource": "Offline",
      "isPromoActive": "N",
      "priceChangeCode": "L"
    },
    "isAvailable": true,
    "isPriceAvailable": true,
    "inPromo": false,
    "gtin": [
      "08000430058864",
      "08000430058260",
      "08000430905489",
      "08000430058765"
    ],
    "topCategoryName": "Zuivel",
    "topCategoryId": "65",
    "businessDomain": "RETAIL_BE",
    "IsPrivateLabel": false,
    "IsBiffe": false,
    "WeightconversionFactor": "0",
    "IsWeightArticle": false,
    "nutriscoreLabel": "D",
    "IsBio": false,
    "CountryOfOrigin": "ITALIË",
    "IsExclusivelySoldInLuxembourg": false,
    "OrderUnit": "P",
    "ShortName": "GALB.GORG.CREMOSSO 150G",
    "IsNew": false,
    "EcoscoreLabel": "D",
    "RecentQuanityOfStockUnits": "1,8",
    "LongName": "GALBANI gorgonzola Cremoso 150g",
    "AlcoholVolume": "0",
    "FicCode": "E",
    "EcoscoreValue": "34"
  },
  {
    "productId": "1118",
    "technicalArticleNumber": "16731",
    "commercialArticleNumber": "16731",
    "name": "smeltkaas cheddar",
    "description": "*België\n*Smeltkaas",
    "brand": "ZIZ",
    "seoBrand": "Ziz",
    "thumbNail": "https://static.colruytgroup.com/images/200x200/std.lang.all/17/53/asset-3141753.jpg",
    "fullImage": "https://static.colruytgroup.com/images/500x500/std.lang.all/17/53/asset-3141753.jpg",
    "squareImage": "https://static.colruytgroup.com/images/500x500sq/std.lang.all/17/53/asset-3141753.jpg",
    "content": "200g",
    "walkRouteSequenceNumber": 6115,
    "price": {
      "basicPrice": 3.99,
      "recommendedQuantity": "1.0",
      "measurementUnitPrice": 19.95,
      "measurementUnit": "K",
      "isRedPrice": false,
      "pricePerUOM": 19.95,
      "activationDate": "14-11-2023",
      "recordSource": "Offline",
      "isPromoActive": "N",
      "priceChangeCode": "E"
    },
    "isAvailable": true,
    "isPriceAvailable": true,
    "inPromo": false,
    "gtin": [
      "07622300075194",
      "07622300075293"
    ],
    "topCategoryName": "Zuivel",
    "topCategoryId": "65",
    "businessDomain": "RETAIL_BE",
    "IsPrivateLabel": false,
    "IsBiffe": false,
    "WeightconversionFactor": "0",
    "IsWeightArticle": false,
    "nutriscoreLabel": "E",
    "IsBio": false,
    "CountryOfOrigin": "BELGIË",
    "IsExclusivelySoldInLuxembourg": false,
    "OrderUnit": "P",
    "ShortName": "ZIZ CHEDDAR 8 SN. 200 G",
    "IsNew": false,
    "RecentQuanityOfStockUnits": "1,12",
    "LongName": "ZIZ smeltkaas cheddar 200g",
    "AlcoholVolume": "0",
    "FicCode": "E"
  },
  {
    "productId": "673405",
    "technicalArticleNumber": "4388027",
    "commercialArticleNumber": "5062",
    "name": "Yoghurt 0% natuur",
    "description": "*Melkspecialiteit\nnatuur\n*0 % vet",
    "brand": "OIKOS",
    "seoBrand": "Oikos",
    "thumbNail": "https://static.colruytgroup.com/images/200x200/std.lang.all/38/37/asset-3373837.jpg",
    "fullImage": "https://static.colruytgroup.com/images/500x500/std.lang.all/38/37/asset-3373837.jpg",
    "squareImage": "https://static.colruytgroup.com/images/500x500sq/std.lang.all/38/37/asset-3373837.jpg",
    "content": "2x145g",
    "walkRouteSequenceNumber": 5897,
    "price": {
      "basicPrice": 2.89,
      "recommendedQuantity": "1.0",
      "measurementUnitPrice": 9.97,
      "measurementUnit": "K",
      "isRedPrice": false,
      "pricePerUOM": 9.97,
      "activationDate": "27-02-2024",
      "recordSource": "Offline",
      "isPromoActive": "N",
      "priceChangeCode": "H"
    },
    "isAvailable": true,
    "isPriceAvailable": true,
    "inPromo": false,
    "gtin": [
      "15410146419789",
      "05410146419782"
    ],
    "topCategoryName": "Zuivel",
    "topCategoryId": "65",
    "businessDomain": "RETAIL_BE",
    "IsPrivateLabel": false,
    "IsBiffe": false,
    "WeightconversionFactor": "0",
    "IsWeightArticle": false,
    "nutriscoreLabel": "A",
    "IsBio": false,
    "CountryOfOrigin": "FRANKRIJK",
    "IsExclusivelySoldInLuxembourg": false,
    "OrderUnit": "P",
    "ShortName": "DANO OIK YOG 0 NAT2X145",
    "IsNew": false,
    "EcoscoreLabel": "A",
    "RecentQuanityOfStockUnits": "1",
    "LongName": "OIKOS Yoghurt 0% natuur 2x145g",
    "FicCode": "E",
    "EcoscoreValue": "98"
  },
  {
    "productId": "37050",
    "technicalArticleNumber": "1919350",
    "commercialArticleNumber": "16748",
    "name": "schapenkaas",
    "description": "*Frankrijk\n*Verse kaas\n*O.b.v. gepast.\nschapenmelk",
    "brand": "SALAKIS",
    "seoBrand": "Salakis",
    "thumbNail": "https://static.colruytgroup.com/images/200x200/std.lang.all/30/13/asset-2963013.jpg",
    "fullImage": "https://static.colruytgroup.com/images/500x500/std.lang.all/30/13/asset-2963013.jpg",
    "squareImage": "https://static.colruytgroup.com/images/500x500sq/std.lang.all/30/13/asset-2963013.jpg",
    "content": "200g",
    "walkRouteSequenceNumber": 5216,
    "price": {
      "basicPrice": 4.19,
      "recommendedQuantity": "1.0",
      "measurementUnitPrice": 20.95,
      "measurementUnit": "K",
      "isRedPrice": false,
      "pricePerUOM": 20.95,
      "activationDate": "14-11-2023",
      "recordSource": "Offline",
      "isPromoActive": "N",
      "priceChangeCode": "E"
    },
    "isAvailable": true,
    "isPriceAvailable": true,
    "inPromo": false,
    "gtin": [
      "03023260005100",
      "03023265162303",
      "03023260030928",
      "03023265131064",
      "03023260028772",
      "03482015070020"
    ],
    "topCategoryName": "Zuivel",
    "topCategoryId": "65",
    "businessDomain": "RETAIL_BE",
    "IsPrivateLabel": false,
    "IsBiffe": false,
    "WeightconversionFactor": "0",
    "IsWeightArticle": false,
    "nutriscoreLabel": "E",
    "IsBio": false,
    "CountryOfOrigin": "FRANKRIJK",
    "IsExclusivelySoldInLuxembourg": false,
    "OrderUnit": "P",
    "ShortName": "SALAKIS SCHAAP VL 200G",
    "InSeason": true,
    "IsNew": false,
    "EcoscoreLabel": "B",
    "RecentQuanityOfStockUnits": "1",
    "LongName": "SALAKIS schapenkaas 200g",
    "AlcoholVolume": "0",
    "StartSeasonDate": "11/02/2015",
    "FicCode": "E",
    "EcoscoreValue": "67"
  },
  {
    "productId": "185425",
    "technicalArticleNumber": "3453451",
    "commercialArticleNumber": "30634",
    "name": "Greek Style natuur",
    "description": "*Plantaardig\nalternatief\nvoor yoghurt",
    "brand": "ALPRO",
    "seoBrand": "Alpro",
    "thumbNail": "https://static.colruytgroup.com/images/200x200/std.lang.all/64/69/asset-3376469.jpg",
    "fullImage": "https://static.colruytgroup.com/images/500x500/std.lang.all/64/69/asset-3376469.jpg",
    "squareImage": "https://static.colruytgroup.com/images/500x500sq/std.lang.all/64/69/asset-3376469.jpg",
    "content": "400g",
    "walkRouteSequenceNumber": 5847,
    "price": {
      "basicPrice": 2.85,
      "recommendedQuantity": "1.0",
      "measurementUnitPrice": 7.13,
      "measurementUnit": "K",
      "isRedPrice": false,
      "pricePerUOM": 7.13,
      "activationDate": "13-03-2024",
      "recordSource": "Offline",
      "isPromoActive": "N",
      "priceChangeCode": "H"
    },
    "isAvailable": true,
    "isPriceAvailable": true,
    "inPromo": false,
    "gtin": [
      "05411188121213",
      "05411188121220"
    ],
    "topCategoryName": "Zuivel",
    "topCategoryId": "65",
    "businessDomain": "RETAIL_BE",
    "IsPrivateLabel": false,
    "IsBiffe": false,
    "WeightconversionFactor": "0",
    "IsWeightArticle": false,
    "nutriscoreLabel": "A",
    "IsBio": false,
    "CountryOfOrigin": "BELGIË",
    "IsExclusivelySoldInLuxembourg": false,
    "OrderUnit": "P",
    "ShortName": "ALPRO GREEK NATUUR 400G",
    "IsNew": false,
    "EcoscoreLabel": "A",
    "RecentQuanityOfStockUnits": "1,6",
    "LongName": "ALPRO Greek Style natuur 400g",
    "AlcoholVolume": "0",
    "FicCode": "E",
    "EcoscoreValue": "88"
  },
  {
    "productId": "765039",
    "technicalArticleNumber": "4545994",
    "commercialArticleNumber": "7586",
    "name": "room 0% lactose 35% vg",
    "description": "*35% VG",
    "brand": "BALADE",
    "seoBrand": "Balade",
    "thumbNail": "https://static.colruytgroup.com/images/200x200/nl_be/51/83/asset-2705183.jpg",
    "fullImage": "https://static.colruytgroup.com/images/500x500/nl_be/51/83/asset-2705183.jpg",
    "squareImage": "https://static.colruytgroup.com/images/500x500sq/nl_be/51/83/asset-2705183.jpg",
    "content": "25cl",
    "walkRouteSequenceNumber": 6001,
    "price": {
      "basicPrice": 3.29,
      "recommendedQuantity": "1.0",
      "measurementUnitPrice": 13.16,
      "measurementUnit": "L",
      "isRedPrice": false,
      "pricePerUOM": 13.16,
      "activationDate": "26-01-2024",
      "recordSource": "Offline",
      "isPromoActive": "N",
      "priceChangeCode": "H"
    },
    "isAvailable": true,
    "isPriceAvailable": true,
    "inPromo": false,
    "gtin": [
      "05411396036101",
      "05411396036118"
    ],
    "topCategoryName": "Zuivel",
    "topCategoryId": "65",
    "businessDomain": "RETAIL_BE",
    "IsPrivateLabel": false,
    "IsBiffe": false,
    "WeightconversionFactor": "0",
    "IsWeightArticle": false,
    "nutriscoreLabel": "D",
    "IsBio": false,
    "CountryOfOrigin": "SPANJE",
    "IsExclusivelySoldInLuxembourg": false,
    "OrderUnit": "P",
    "ShortName": "BALA VOL.ROOM 0%LC 25CL",
    "IsNew": false,
    "RecentQuanityOfStockUnits": "1,12",
    "LongName": "BALADE room 0% lactose 35% vg 25cl",
    "FicCode": "E"
  },
  {
    "productId": "870332",
    "technicalArticleNumber": "4723939",
    "commercialArticleNumber": "21953",
    "name": "Verse kaas topper speculoos",
    "brand": "DANIO",
    "seoBrand": "Danio",
    "thumbNail": "https://static.colruytgroup.com/images/200x200/std.lang.all/37/83/asset-3373783.jpg",
    "fullImage": "https://static.colruytgroup.com/images/500x500/std.lang.all/37/83/asset-3373783.jpg",
    "squareImage": "https://static.colruytgroup.com/images/500x500sq/std.lang.all/37/83/asset-3373783.jpg",
    "content": "148g",
    "walkRouteSequenceNumber": 5868,
    "price": {
      "basicPrice": 2.19,
      "recommendedQuantity": "1.0",
      "measurementUnitPrice": 14.8,
      "measurementUnit": "K",
      "isRedPrice": false,
      "pricePerUOM": 14.8,
      "activationDate": "19-03-2024",
      "recordSource": "Offline",
      "isPromoActive": "N",
      "priceChangeCode": "E"
    },
    "isAvailable": true,
    "isPriceAvailable": true,
    "inPromo": false,
    "gtin": [
      "05410146421099"
    ],
    "topCategoryName": "Zuivel",
    "topCategoryId": "65",
    "businessDomain": "RETAIL_BE",
    "IsPrivateLabel": false,
    "IsBiffe": false,
    "WeightconversionFactor": "0",
    "IsWeightArticle": false,
    "nutriscoreLabel": "B",
    "IsBio": false,
    "CountryOfOrigin": "FRANKRIJK",
    "IsExclusivelySoldInLuxembourg": false,
    "OrderUnit": "P",
    "ShortName": "DANI V.KAAS SPECUL.148G",
    "IsNew": false,
    "EcoscoreLabel": "D",
    "RecentQuanityOfStockUnits": "1",
    "LongName": "DANIO Verse kaas topper speculoos 148g",
    "FicCode": "E",
    "EcoscoreValue": "39"
  },
  {
    "productId": "35318",
    "technicalArticleNumber": "1861827",
    "commercialArticleNumber": "26356",
    "name": "yoghurt natuur 0%",
    "description": "*Mager\n*Extra bevorderend\nvoor de darmflora",
    "brand": "ACTIVIA",
    "seoBrand": "Activia",
    "thumbNail": "https://static.colruytgroup.com/images/200x200/std.lang.all/40/55/asset-3364055.jpg",
    "fullImage": "https://static.colruytgroup.com/images/500x500/std.lang.all/40/55/asset-3364055.jpg",
    "squareImage": "https://static.colruytgroup.com/images/500x500sq/std.lang.all/40/55/asset-3364055.jpg",
    "content": "8x125g",
    "walkRouteSequenceNumber": 5729,
    "price": {
      "basicPrice": 5.09,
      "recommendedQuantity": "1.0",
      "measurementUnitPrice": 5.09,
      "measurementUnit": "K",
      "isRedPrice": false,
      "pricePerUOM": 5.09,
      "activationDate": "28-02-2024",
      "recordSource": "Offline",
      "isPromoActive": "N",
      "priceChangeCode": "H"
    },
    "isAvailable": true,
    "isPriceAvailable": true,
    "inPromo": false,
    "gtin": [
      "15410146409810",
      "05410146409813"
    ],
    "topCategoryName": "Zuivel",
    "topCategoryId": "65",
    "businessDomain": "RETAIL_BE",
    "IsPrivateLabel": false,
    "IsBiffe": false,
    "WeightconversionFactor": "0",
    "IsWeightArticle": false,
    "nutriscoreLabel": "A",
    "IsBio": false,
    "CountryOfOrigin": "FRANKRIJK",
    "IsExclusivelySoldInLuxembourg": false,
    "OrderUnit": "P",
    "ShortName": "DANO ACTIV NAT.0% 8X125",
    "IsNew": false,
    "EcoscoreLabel": "A",
    "RecentQuanityOfStockUnits": "1",
    "LongName": "ACTIVIA yoghurt natuur 0% 8x125g",
    "AlcoholVolume": "0",
    "FicCode": "E",
    "EcoscoreValue": "95"
  },
  {
    "productId": "638417",
    "technicalArticleNumber": "4329763",
    "commercialArticleNumber": "7353",
    "name": "roulé met look & fijne kruiden",
    "description": "*kaasspecialiteit\ngepasteuriseerd\nkoemelk met\nknoflook en kruiden",
    "brand": "BONI",
    "seoBrand": "Boni Selection",
    "thumbNail": "https://static.colruytgroup.com/images/200x200/std.lang.all/05/84/asset-2390584.jpg",
    "fullImage": "https://static.colruytgroup.com/images/500x500/std.lang.all/05/84/asset-2390584.jpg",
    "squareImage": "https://static.colruytgroup.com/images/500x500sq/std.lang.all/05/84/asset-2390584.jpg",
    "content": "150g",
    "walkRouteSequenceNumber": 4897,
    "price": {
      "basicPrice": 2.45,
      "recommendedQuantity": "1.0",
      "measurementUnitPrice": 16.34,
      "measurementUnit": "K",
      "isRedPrice": false,
      "pricePerUOM": 16.34,
      "activationDate": "13-03-2024",
      "isPromoActive": "N",
      "priceChangeCode": "H"
    },
    "isAvailable": true,
    "isPriceAvailable": true,
    "inPromo": false,
    "gtin": [
      "15400141470731",
      "05400141470734",
      "05400141754315",
      "15400141754312"
    ],
    "topCategoryName": "Zuivel",
    "topCategoryId": "65",
    "businessDomain": "RETAIL_BE",
    "IsPrivateLabel": true,
    "IsBiffe": false,
    "WeightconversionFactor": "0",
    "IsWeightArticle": false,
    "nutriscoreLabel": "D",
    "IsBio": false,
    "CountryOfOrigin": "FRANKRIJK",
    "IsExclusivelySoldInLuxembourg": false,
    "OrderUnit": "P",
    "ShortName": "BONI ROULE LOO&KRUI150G",
    "IsNew": false,
    "EcoscoreLabel": "B",
    "RecentQuanityOfStockUnits": "1",
    "LongName": "BONI roulé met look & fijne kruiden 150g",
    "FicCode": "I",
    "EcoscoreValue": "61"
  },
  {
    "productId": "731479",
    "technicalArticleNumber": "4489328",
    "commercialArticleNumber": "11960",
    "name": "yoghurt quinoa hazelnoot",
    "description": "*Yoghurt met\nBifidus ActiRegulari\nquinoa, hazelnoot,\ngranen, zonnebloem-\npitten",
    "brand": "ACTIVIA",
    "seoBrand": "Danone Activia",
    "thumbNail": "https://static.colruytgroup.com/images/200x200/std.lang.all/10/42/asset-2551042.jpg",
    "fullImage": "https://static.colruytgroup.com/images/500x500/std.lang.all/10/42/asset-2551042.jpg",
    "squareImage": "https://static.colruytgroup.com/images/500x500sq/std.lang.all/10/42/asset-2551042.jpg",
    "content": "4x125g",
    "walkRouteSequenceNumber": 5760,
    "price": {
      "basicPrice": 3.15,
      "recommendedQuantity": "1.0",
      "quantityPrice": 2,
      "quantityPriceQuantity": "2.0",
      "measurementUnitPrice": 6.3,
      "measurementUnitQuantityPrice": 4,
      "measurementUnit": "K",
      "isRedPrice": false,
      "pricePerUOM": 6.3,
      "activationDate": "22-03-2024",
      "recordSource": "Offline",
      "isPromoActive": "Y",
      "priceChangeCode": "L",
      "quantityPricePerUOM": 4,
      "quantityActivationDate": "22-03-2024",
      "quantityPriceChangeCode": "E"
    },
    "isAvailable": true,
    "isPriceAvailable": true,
    "inPromo": false,
    "gtin": [
      "15410146420297",
      "05410146420290"
    ],
    "topCategoryName": "Zuivel",
    "topCategoryId": "65",
    "businessDomain": "RETAIL_BE",
    "IsPrivateLabel": false,
    "IsBiffe": false,
    "WeightconversionFactor": "0",
    "IsWeightArticle": false,
    "nutriscoreLabel": "B",
    "IsBio": false,
    "CountryOfOrigin": "FRANKRIJK",
    "IsExclusivelySoldInLuxembourg": false,
    "OrderUnit": "P",
    "ShortName": "ACTI QUIN/HAZELN.4X125G",
    "IsNew": false,
    "EcoscoreLabel": "A",
    "RecentQuanityOfStockUnits": "1",
    "LongName": "ACTIVIA yoghurt quinoa hazelnoot 4x125g",
    "FicCode": "E",
    "EcoscoreValue": "88"
  },
  {
    "productId": "853849",
    "technicalArticleNumber": "4702507",
    "commercialArticleNumber": "31218",
    "name": "Blok",
    "brand": "ROTTERDAMSCHE",
    "seoBrand": "De Rotterdamsche Oude",
    "thumbNail": "https://static.colruytgroup.com/images/200x200/std.lang.all/04/63/asset-3160463.jpg",
    "fullImage": "https://static.colruytgroup.com/images/500x500/std.lang.all/04/63/asset-3160463.jpg",
    "squareImage": "https://static.colruytgroup.com/images/500x500sq/std.lang.all/04/63/asset-3160463.jpg",
    "content": "300g",
    "walkRouteSequenceNumber": 5224,
    "price": {
      "basicPrice": 7.59,
      "recommendedQuantity": "1.0",
      "measurementUnitPrice": 25.3,
      "measurementUnit": "K",
      "isRedPrice": false,
      "pricePerUOM": 25.3,
      "activationDate": "14-02-2024",
      "isPromoActive": "N",
      "priceChangeCode": "E"
    },
    "isAvailable": true,
    "isPriceAvailable": true,
    "inPromo": false,
    "gtin": [
      "08717389303074",
      "08717389301346"
    ],
    "topCategoryName": "Zuivel",
    "topCategoryId": "65",
    "businessDomain": "RETAIL_BE",
    "IsPrivateLabel": false,
    "IsBiffe": false,
    "WeightconversionFactor": "0",
    "IsWeightArticle": false,
    "nutriscoreLabel": "D",
    "IsBio": false,
    "CountryOfOrigin": "NEDERLAND",
    "IsExclusivelySoldInLuxembourg": false,
    "OrderUnit": "P",
    "ShortName": "ROTT 55WK SCHUITJE 300G",
    "IsNew": false,
    "EcoscoreLabel": "D",
    "RecentQuanityOfStockUnits": "1",
    "LongName": "ROTTERDAMSCHE Blok 300g",
    "FicCode": "E",
    "EcoscoreValue": "27"
  },
  {
    "productId": "529272",
    "technicalArticleNumber": "4118938",
    "commercialArticleNumber": "6441",
    "name": "Zwitserse raclette sneetjes",
    "description": "*Zwitserland\n*Raclettekaas\n*O.b.v. gepast. melk\n*Veggie",
    "brand": "BONI",
    "seoBrand": "Boni Selection",
    "thumbNail": "https://static.colruytgroup.com/images/200x200/std.lang.all/42/19/asset-2704219.jpg",
    "fullImage": "https://static.colruytgroup.com/images/500x500/std.lang.all/42/19/asset-2704219.jpg",
    "squareImage": "https://static.colruytgroup.com/images/500x500sq/std.lang.all/42/19/asset-2704219.jpg",
    "content": "400g",
    "walkRouteSequenceNumber": 5185,
    "price": {
      "basicPrice": 8.16,
      "recommendedQuantity": "1.0",
      "measurementUnitPrice": 20.4,
      "measurementUnit": "K",
      "isRedPrice": false,
      "pricePerUOM": 20.4,
      "activationDate": "17-02-2024",
      "isPromoActive": "N",
      "priceChangeCode": "E"
    },
    "isAvailable": true,
    "isPriceAvailable": true,
    "inPromo": false,
    "gtin": [
      "05400141297485",
      "05400141902846"
    ],
    "topCategoryName": "Zuivel",
    "topCategoryId": "65",
    "businessDomain": "RETAIL_BE",
    "IsPrivateLabel": true,
    "IsBiffe": false,
    "WeightconversionFactor": "0",
    "IsWeightArticle": false,
    "nutriscoreLabel": "C",
    "IsBio": false,
    "CountryOfOrigin": "BELGIË",
    "IsExclusivelySoldInLuxembourg": false,
    "OrderUnit": "P",
    "ShortName": "BONI ZWIT.RAC.SN 400G",
    "InSeason": true,
    "IsNew": false,
    "EcoscoreLabel": "B",
    "RecentQuanityOfStockUnits": "1",
    "LongName": "BONI Zwitserse raclette sneetjes 400g",
    "StartSeasonDate": "07/07/2023",
    "FicCode": "I",
    "EcoscoreValue": "60"
  },
  {
    "productId": "692459",
    "technicalArticleNumber": "4420115",
    "commercialArticleNumber": "25669",
    "name": "rijstpap natuur",
    "brand": "LA LAITIÈRE",
    "seoBrand": "Nestlé La Laitière",
    "thumbNail": "https://static.colruytgroup.com/images/200x200/std.lang.all/86/81/asset-2448681.jpg",
    "fullImage": "https://static.colruytgroup.com/images/500x500/std.lang.all/86/81/asset-2448681.jpg",
    "squareImage": "https://static.colruytgroup.com/images/500x500sq/std.lang.all/86/81/asset-2448681.jpg",
    "content": "2x140g",
    "walkRouteSequenceNumber": 5971,
    "price": {
      "basicPrice": 2.95,
      "recommendedQuantity": "1.0",
      "measurementUnitPrice": 10.54,
      "measurementUnit": "K",
      "isRedPrice": false,
      "pricePerUOM": 10.54,
      "activationDate": "21-03-2024",
      "recordSource": "Online",
      "isPromoActive": "N",
      "priceChangeCode": "H"
    },
    "isAvailable": true,
    "isPriceAvailable": true,
    "inPromo": false,
    "gtin": [
      "03023290047941"
    ],
    "topCategoryName": "Zuivel",
    "topCategoryId": "65",
    "businessDomain": "RETAIL_BE",
    "IsPrivateLabel": false,
    "IsBiffe": false,
    "WeightconversionFactor": "0",
    "IsWeightArticle": false,
    "nutriscoreLabel": "C",
    "IsBio": false,
    "CountryOfOrigin": "FRANKRIJK",
    "IsExclusivelySoldInLuxembourg": false,
    "OrderUnit": "P",
    "ShortName": "LALA RIJSTPAP NAT2X140G",
    "IsNew": false,
    "RecentQuanityOfStockUnits": "1",
    "LongName": "LA LAITIÈRE rijstpap natuur 2x140g",
    "FicCode": "E"
  },
  {
    "productId": "95809",
    "technicalArticleNumber": "2888287",
    "commercialArticleNumber": "33476",
    "name": "geklaarde boter ghee",
    "description": "*Geklaarde boter\n*Vetgehalte: 99,4 %",
    "brand": "BONI BIO",
    "seoBrand": "Boni Selection Bio",
    "thumbNail": "https://static.colruytgroup.com/images/200x200/std.lang.all/92/53/asset-3349253.jpg",
    "fullImage": "https://static.colruytgroup.com/images/500x500/std.lang.all/92/53/asset-3349253.jpg",
    "squareImage": "https://static.colruytgroup.com/images/500x500sq/std.lang.all/92/53/asset-3349253.jpg",
    "content": "200g",
    "walkRouteSequenceNumber": 6137,
    "price": {
      "basicPrice": 4.95,
      "recommendedQuantity": "1.0",
      "measurementUnitPrice": 24.75,
      "measurementUnit": "K",
      "isRedPrice": false,
      "pricePerUOM": 24.75,
      "activationDate": "17-04-2023",
      "isPromoActive": "N",
      "priceChangeCode": "E"
    },
    "isAvailable": true,
    "isPriceAvailable": true,
    "inPromo": false,
    "gtin": [
      "05400141779349",
      "05400141136975",
      "05400141034349",
      "15400141933687",
      "05400141365818",
      "05400141250176",
      "05400141137958"
    ],
    "topCategoryName": "Zuivel",
    "topCategoryId": "65",
    "businessDomain": "RETAIL_BE",
    "IsPrivateLabel": true,
    "IsBiffe": false,
    "WeightconversionFactor": "0",
    "IsWeightArticle": false,
    "nutriscoreLabel": "E",
    "IsBio": true,
    "CountryOfOrigin": "BELGIË",
    "IsExclusivelySoldInLuxembourg": false,
    "OrderUnit": "P",
    "ShortName": "UB BONI BIO GEK.BO.200G",
    "IsNew": false,
    "EcoscoreLabel": "B",
    "RecentQuanityOfStockUnits": "1",
    "LongName": "BONI BIO geklaarde boter ghee 200g",
    "AlcoholVolume": "0",
    "FicCode": "I",
    "EcoscoreValue": "64"
  },
  {
    "productId": "609782",
    "technicalArticleNumber": "4282537",
    "commercialArticleNumber": "15771",
    "name": "yogh.lactosevrij nat.bio",
    "brand": "PUR NATUR",
    "seoBrand": "Pur Natur",
    "thumbNail": "https://static.colruytgroup.com/images/200x200/std.lang.all/37/63/asset-2723763.jpg",
    "fullImage": "https://static.colruytgroup.com/images/500x500/std.lang.all/37/63/asset-2723763.jpg",
    "squareImage": "https://static.colruytgroup.com/images/500x500sq/std.lang.all/37/63/asset-2723763.jpg",
    "content": "400g",
    "walkRouteSequenceNumber": 5784,
    "price": {
      "basicPrice": 3.49,
      "recommendedQuantity": "1.0",
      "measurementUnitPrice": 8.73,
      "measurementUnit": "K",
      "isRedPrice": false,
      "pricePerUOM": 8.73,
      "activationDate": "21-03-2024",
      "recordSource": "Offline",
      "isPromoActive": "N",
      "priceChangeCode": "E"
    },
    "isAvailable": true,
    "isPriceAvailable": true,
    "inPromo": false,
    "gtin": [
      "05412971014446"
    ],
    "topCategoryName": "Zuivel",
    "topCategoryId": "65",
    "businessDomain": "RETAIL_BE",
    "IsPrivateLabel": false,
    "IsBiffe": false,
    "WeightconversionFactor": "0",
    "IsWeightArticle": false,
    "nutriscoreLabel": "A",
    "IsBio": true,
    "CountryOfOrigin": "BELGIË",
    "IsExclusivelySoldInLuxembourg": false,
    "OrderUnit": "P",
    "ShortName": "PUNA LV YOGH NATUR400G",
    "IsNew": false,
    "EcoscoreLabel": "A",
    "RecentQuanityOfStockUnits": "1",
    "LongName": "PUR NATUR yogh.lactosevrij nat.bio 400g",
    "FicCode": "E",
    "EcoscoreValue": "100"
  },
  {
    "productId": "691356",
    "technicalArticleNumber": "4418395",
    "commercialArticleNumber": "22542",
    "name": "boû d'fagne",
    "description": "*Belgisch\n*Zachte kaas met\nkarakter\n*Gewassen korst",
    "brand": "HERVE",
    "seoBrand": "Herve",
    "thumbNail": "https://static.colruytgroup.com/images/200x200/std.lang.all/98/08/asset-2829808.jpg",
    "fullImage": "https://static.colruytgroup.com/images/500x500/std.lang.all/98/08/asset-2829808.jpg",
    "squareImage": "https://static.colruytgroup.com/images/500x500sq/std.lang.all/98/08/asset-2829808.jpg",
    "content": "200g",
    "walkRouteSequenceNumber": 5143,
    "price": {
      "basicPrice": 4.99,
      "recommendedQuantity": "1.0",
      "measurementUnitPrice": 24.95,
      "measurementUnit": "K",
      "isRedPrice": false,
      "pricePerUOM": 24.95,
      "activationDate": "20-03-2024",
      "recordSource": "Offline",
      "isPromoActive": "N",
      "priceChangeCode": "H"
    },
    "isAvailable": true,
    "isPriceAvailable": true,
    "inPromo": false,
    "gtin": [
      "15410696000017",
      "05410696000010"
    ],
    "topCategoryName": "Zuivel",
    "topCategoryId": "65",
    "businessDomain": "RETAIL_BE",
    "IsPrivateLabel": false,
    "IsBiffe": false,
    "WeightconversionFactor": "0",
    "IsWeightArticle": false,
    "nutriscoreLabel": "D",
    "IsBio": false,
    "CountryOfOrigin": "BELGIË",
    "IsExclusivelySoldInLuxembourg": false,
    "OrderUnit": "P",
    "ShortName": "HERVE BOU D FAGNE 200G",
    "IsNew": false,
    "EcoscoreLabel": "C",
    "RecentQuanityOfStockUnits": "1",
    "LongName": "HERVE boû d'fagne 200g",
    "FicCode": "E",
    "EcoscoreValue": "57"
  },
  {
    "productId": "863709",
    "technicalArticleNumber": "4715294",
    "commercialArticleNumber": "31943",
    "name": "quark aardbei",
    "brand": "CAMPINA",
    "seoBrand": "Campina",
    "thumbNail": "https://static.colruytgroup.com/images/200x200/nl_be/51/03/asset-3445103.jpg",
    "fullImage": "https://static.colruytgroup.com/images/500x500/nl_be/51/03/asset-3445103.jpg",
    "squareImage": "https://static.colruytgroup.com/images/500x500sq/nl_be/51/03/asset-3445103.jpg",
    "content": "180g",
    "walkRouteSequenceNumber": 5704,
    "price": {
      "basicPrice": 1.99,
      "recommendedQuantity": "1.0",
      "measurementUnitPrice": 11.06,
      "measurementUnit": "K",
      "isRedPrice": false,
      "pricePerUOM": 11.06,
      "activationDate": "06-03-2024",
      "recordSource": "Offline",
      "isPromoActive": "N",
      "priceChangeCode": "E"
    },
    "isAvailable": true,
    "isPriceAvailable": true,
    "inPromo": false,
    "gtin": [
      "05410438045835",
      "05410438045828"
    ],
    "topCategoryName": "Zuivel",
    "topCategoryId": "65",
    "businessDomain": "RETAIL_BE",
    "IsPrivateLabel": false,
    "IsBiffe": false,
    "WeightconversionFactor": "0",
    "IsWeightArticle": false,
    "nutriscoreLabel": "A",
    "IsBio": false,
    "CountryOfOrigin": "NEDERLAND",
    "IsExclusivelySoldInLuxembourg": false,
    "OrderUnit": "P",
    "ShortName": "CAMP QUARK AARDBEI 180G",
    "IsNew": false,
    "EcoscoreLabel": "B",
    "RecentQuanityOfStockUnits": "1,6",
    "LongName": "CAMPINA quark aardbei 180g",
    "FicCode": "E",
    "EcoscoreValue": "72"
  },
  {
    "productId": "819532",
    "technicalArticleNumber": "4651943",
    "commercialArticleNumber": "7884",
    "name": "boter ongezouten",
    "description": "*Melkvet verspreidt\n24% V.G.",
    "brand": "BALADE VITAL",
    "seoBrand": "Balade Vital",
    "thumbNail": "https://static.colruytgroup.com/images/200x200/std.lang.all/09/84/asset-2920984.jpg",
    "fullImage": "https://static.colruytgroup.com/images/500x500/std.lang.all/09/84/asset-2920984.jpg",
    "squareImage": "https://static.colruytgroup.com/images/500x500sq/std.lang.all/09/84/asset-2920984.jpg",
    "content": "250g",
    "walkRouteSequenceNumber": 6087,
    "price": {
      "basicPrice": 4.99,
      "recommendedQuantity": "1.0",
      "measurementUnitPrice": 19.96,
      "measurementUnit": "K",
      "isRedPrice": false,
      "pricePerUOM": 19.96,
      "activationDate": "20-03-2024",
      "recordSource": "Offline",
      "isPromoActive": "N",
      "priceChangeCode": "H"
    },
    "isAvailable": true,
    "isPriceAvailable": true,
    "inPromo": false,
    "gtin": [
      "05411156009161",
      "05411156009246"
    ],
    "topCategoryName": "Zuivel",
    "topCategoryId": "65",
    "businessDomain": "RETAIL_BE",
    "IsPrivateLabel": false,
    "IsBiffe": false,
    "WeightconversionFactor": "0",
    "IsWeightArticle": false,
    "nutriscoreLabel": "D",
    "IsBio": false,
    "CountryOfOrigin": "BELGIË",
    "IsExclusivelySoldInLuxembourg": false,
    "OrderUnit": "P",
    "ShortName": "BALA VIT.BOTER ONGEZ250",
    "IsNew": false,
    "RecentQuanityOfStockUnits": "1",
    "LongName": "BALADE VITAL boter ongezouten 250g",
    "FicCode": "E"
  },
  {
    "productId": "860404",
    "technicalArticleNumber": "4711215",
    "commercialArticleNumber": "8575",
    "name": "abrikoos",
    "brand": "LA LAITIÈRE",
    "seoBrand": "La Laitière",
    "thumbNail": "https://static.colruytgroup.com/images/200x200/std.lang.all/49/72/asset-3194972.jpg",
    "fullImage": "https://static.colruytgroup.com/images/500x500/std.lang.all/49/72/asset-3194972.jpg",
    "squareImage": "https://static.colruytgroup.com/images/500x500sq/std.lang.all/49/72/asset-3194972.jpg",
    "content": "4x125g",
    "walkRouteSequenceNumber": 5826,
    "price": {
      "basicPrice": 3.49,
      "recommendedQuantity": "1.0",
      "measurementUnitPrice": 6.98,
      "measurementUnit": "K",
      "isRedPrice": false,
      "pricePerUOM": 6.98,
      "activationDate": "14-03-2024",
      "recordSource": "Offline",
      "isPromoActive": "N",
      "priceChangeCode": "H"
    },
    "isAvailable": true,
    "isPriceAvailable": true,
    "inPromo": false,
    "gtin": [
      "03023290070062"
    ],
    "topCategoryName": "Zuivel",
    "topCategoryId": "65",
    "businessDomain": "RETAIL_BE",
    "IsPrivateLabel": false,
    "IsBiffe": false,
    "WeightconversionFactor": "0",
    "IsWeightArticle": false,
    "nutriscoreLabel": "C",
    "IsBio": false,
    "CountryOfOrigin": "FRANKRIJK",
    "IsExclusivelySoldInLuxembourg": false,
    "OrderUnit": "P",
    "ShortName": "LALA YOG.ABRIKOOS4X125G",
    "IsNew": false,
    "RecentQuanityOfStockUnits": "1",
    "LongName": "LA LAITIÈRE abrikoos 4x125g",
    "FicCode": "E"
  },
  {
    "productId": "529386",
    "technicalArticleNumber": "4119052",
    "commercialArticleNumber": "7938",
    "name": "sneetjes",
    "description": "*België\n*Abdijkaas\n*O.b.v. gepasteu-\nriseerde melk\n*Korst niet eetbaar",
    "brand": "VAL DIEU",
    "seoBrand": "Val-Dieu",
    "thumbNail": "https://static.colruytgroup.com/images/200x200/std.lang.all/19/86/asset-2621986.jpg",
    "fullImage": "https://static.colruytgroup.com/images/500x500/std.lang.all/19/86/asset-2621986.jpg",
    "squareImage": "https://static.colruytgroup.com/images/500x500sq/std.lang.all/19/86/asset-2621986.jpg",
    "content": "200g",
    "walkRouteSequenceNumber": 6196,
    "price": {
      "basicPrice": 4.96,
      "recommendedQuantity": "1.0",
      "measurementUnitPrice": 24.8,
      "measurementUnit": "K",
      "isRedPrice": false,
      "pricePerUOM": 24.8,
      "activationDate": "19-03-2024",
      "recordSource": "Folder",
      "isPromoActive": "N",
      "priceChangeCode": "L"
    },
    "isAvailable": true,
    "isPriceAvailable": true,
    "inPromo": false,
    "gtin": [
      "05400141297911",
      "05400141467055"
    ],
    "topCategoryName": "Zuivel",
    "topCategoryId": "65",
    "businessDomain": "RETAIL_BE",
    "IsPrivateLabel": false,
    "IsBiffe": false,
    "WeightconversionFactor": "0",
    "IsWeightArticle": false,
    "nutriscoreLabel": "D",
    "IsBio": false,
    "CountryOfOrigin": "BELGIË",
    "IsExclusivelySoldInLuxembourg": false,
    "OrderUnit": "P",
    "ShortName": "VAL DIEU SNEETJES 200G",
    "IsNew": false,
    "EcoscoreLabel": "C",
    "RecentQuanityOfStockUnits": "1",
    "LongName": "VAL DIEU sneetjes 200g",
    "FicCode": "I",
    "EcoscoreValue": "59"
  },
  {
    "productId": "778889",
    "technicalArticleNumber": "4572629",
    "commercialArticleNumber": "28575",
    "name": "Meule du Plateau 4 maand",
    "description": "*Harde kaas op basis\nvan rauwe melk\n*Naturaal korst\n*Belgisch",
    "seoBrand": "Meule du Plateau",
    "thumbNail": "https://static.colruytgroup.com/images/200x200/std.lang.all/05/43/asset-3040543.jpg",
    "fullImage": "https://static.colruytgroup.com/images/500x500/std.lang.all/05/43/asset-3040543.jpg",
    "squareImage": "https://static.colruytgroup.com/images/500x500sq/std.lang.all/05/43/asset-3040543.jpg",
    "content": "±250g",
    "walkRouteSequenceNumber": 5651,
    "price": {
      "basicPrice": 26.9,
      "recommendedQuantity": "1.0",
      "unit": "K",
      "measurementUnitPrice": 26.9,
      "measurementUnit": "K",
      "isRedPrice": false,
      "pricePerUOM": 26.9,
      "activationDate": "12-03-2024",
      "isPromoActive": "N",
      "priceChangeCode": "H"
    },
    "isAvailable": true,
    "isPriceAvailable": true,
    "inPromo": false,
    "gtin": [
      "05430001633306",
      "95430001633309"
    ],
    "topCategoryName": "Zuivel",
    "topCategoryId": "65",
    "businessDomain": "RETAIL_BE",
    "IsPrivateLabel": false,
    "IsBiffe": false,
    "WeightconversionFactor": "250",
    "IsWeightArticle": true,
    "nutriscoreLabel": "D",
    "IsBio": false,
    "CountryOfOrigin": "BELGIË",
    "IsExclusivelySoldInLuxembourg": false,
    "OrderUnit": "P",
    "ShortName": "MEULE PLATEAU 4M+-250GW",
    "IsNew": false,
    "EcoscoreLabel": "B",
    "RecentQuanityOfStockUnits": "1",
    "LongName": "Meule du Plateau 4 maand ±250g",
    "FicCode": "E",
    "EcoscoreValue": "62"
  },
  {
    "productId": "119707",
    "technicalArticleNumber": "3009397",
    "commercialArticleNumber": "17784",
    "name": "raclettekaas sneetjes",
    "description": "*België\n*Raclettekaas\n*Abdijkaas",
    "brand": "VAL-DIEU",
    "seoBrand": "Val-Dieu",
    "thumbNail": "https://static.colruytgroup.com/images/200x200/std.lang.all/03/68/asset-3320368.jpg",
    "fullImage": "https://static.colruytgroup.com/images/500x500/std.lang.all/03/68/asset-3320368.jpg",
    "squareImage": "https://static.colruytgroup.com/images/500x500sq/std.lang.all/03/68/asset-3320368.jpg",
    "content": "350g",
    "walkRouteSequenceNumber": 5239,
    "price": {
      "basicPrice": 8.45,
      "recommendedQuantity": "1.0",
      "measurementUnitPrice": 24.15,
      "measurementUnit": "K",
      "isRedPrice": false,
      "pricePerUOM": 24.15,
      "activationDate": "02-03-2024",
      "isPromoActive": "N",
      "priceChangeCode": "E"
    },
    "isAvailable": true,
    "isPriceAvailable": true,
    "inPromo": false,
    "gtin": [
      "15400141849612",
      "05400141058536",
      "15411021104011",
      "05411021104014",
      "05400141136678"
    ],
    "topCategoryName": "Zuivel",
    "topCategoryId": "65",
    "businessDomain": "RETAIL_BE",
    "IsPrivateLabel": false,
    "IsBiffe": false,
    "WeightconversionFactor": "0",
    "IsWeightArticle": false,
    "nutriscoreLabel": "D",
    "IsBio": false,
    "CountryOfOrigin": "BELGIË",
    "IsExclusivelySoldInLuxembourg": false,
    "OrderUnit": "P",
    "ShortName": "RE VAL DIEU RACLET 350G",
    "InSeason": true,
    "IsNew": false,
    "EcoscoreLabel": "B",
    "RecentQuanityOfStockUnits": "1",
    "LongName": "VAL-DIEU raclettekaas sneetjes 350g",
    "AlcoholVolume": "0",
    "StartSeasonDate": "07/07/2023",
    "FicCode": "I",
    "EcoscoreValue": "61"
  },
  {
    "productId": "26259",
    "technicalArticleNumber": "1930237",
    "commercialArticleNumber": "35415",
    "name": "schapenk. provenç.kr. glas",
    "description": "*Frankrijk\n*Verse kaas\n*Met peper,\nprovençaalse kruiden\n*OBV schapenmelk",
    "brand": "SALAKIS",
    "seoBrand": "Salakis",
    "thumbNail": "https://static.colruytgroup.com/images/200x200/std.lang.all/30/27/asset-2143027.jpg",
    "fullImage": "https://static.colruytgroup.com/images/500x500/std.lang.all/30/27/asset-2143027.jpg",
    "squareImage": "https://static.colruytgroup.com/images/500x500sq/std.lang.all/30/27/asset-2143027.jpg",
    "content": "300g",
    "walkRouteSequenceNumber": 5221,
    "price": {
      "basicPrice": 5.49,
      "recommendedQuantity": "1.0",
      "measurementUnitPrice": 36.6,
      "measurementUnit": "K",
      "isRedPrice": false,
      "pricePerUOM": 36.6,
      "activationDate": "14-11-2023",
      "recordSource": "Offline",
      "isPromoActive": "N",
      "priceChangeCode": "E"
    },
    "isAvailable": true,
    "isPriceAvailable": true,
    "inPromo": false,
    "gtin": [
      "03023265080577",
      "03023265120181",
      "03023265120402",
      "03023260005872"
    ],
    "topCategoryName": "Zuivel",
    "topCategoryId": "65",
    "businessDomain": "RETAIL_BE",
    "IsPrivateLabel": false,
    "IsBiffe": false,
    "WeightconversionFactor": "0",
    "IsWeightArticle": false,
    "nutriscoreLabel": "E",
    "IsBio": false,
    "CountryOfOrigin": "FRANKRIJK",
    "IsExclusivelySoldInLuxembourg": false,
    "OrderUnit": "P",
    "ShortName": "SALAKIS BOK PROV.300",
    "InSeason": true,
    "IsNew": false,
    "EcoscoreLabel": "D",
    "RecentQuanityOfStockUnits": "1",
    "LongName": "SALAKIS schapenk. provenç.kr. glas 300g",
    "AlcoholVolume": "0",
    "StartSeasonDate": "18/02/2019",
    "FicCode": "E",
    "EcoscoreValue": "21"
  },
  {
    "productId": "730797",
    "technicalArticleNumber": "4487863",
    "commercialArticleNumber": "3214",
    "name": "blok",
    "description": "*Belgisch\n*Boerderijkaas\n*Gepasteuris. melk\n*Zoet belegen\n*Korst niet eetbaar",
    "brand": "POLDERKAAS",
    "seoBrand": "Polderkaas",
    "thumbNail": "https://static.colruytgroup.com/images/200x200/std.lang.all/98/11/asset-2829811.jpg",
    "fullImage": "https://static.colruytgroup.com/images/500x500/std.lang.all/98/11/asset-2829811.jpg",
    "squareImage": "https://static.colruytgroup.com/images/500x500sq/std.lang.all/98/11/asset-2829811.jpg",
    "content": "±260g",
    "walkRouteSequenceNumber": 5162,
    "price": {
      "basicPrice": 19.9,
      "recommendedQuantity": "0.2",
      "unit": "K",
      "measurementUnitPrice": 19.9,
      "measurementUnit": "K",
      "isRedPrice": false,
      "pricePerUOM": 19.9,
      "activationDate": "12-03-2024",
      "isPromoActive": "N",
      "priceChangeCode": "H"
    },
    "isAvailable": true,
    "isPriceAvailable": true,
    "inPromo": false,
    "gtin": [
      "95400141642707",
      "05400141459289",
      "05400141642704"
    ],
    "topCategoryName": "Zuivel",
    "topCategoryId": "65",
    "businessDomain": "RETAIL_BE",
    "IsPrivateLabel": false,
    "IsBiffe": false,
    "WeightconversionFactor": "260",
    "IsWeightArticle": true,
    "IsBio": false,
    "CountryOfOrigin": "BELGIË",
    "IsExclusivelySoldInLuxembourg": false,
    "OrderUnit": "P",
    "ShortName": "POLDERKAAS BLOK +-260GW",
    "IsNew": false,
    "EcoscoreLabel": "C",
    "RecentQuanityOfStockUnits": "1",
    "LongName": "POLDERKAAS blok ±260g",
    "FicCode": "I",
    "EcoscoreValue": "40"
  },
  {
    "productId": "332359",
    "technicalArticleNumber": "3815785",
    "commercialArticleNumber": "20201",
    "name": "rollen boter ongezouten",
    "description": "*Ongezouten\n*Belgisch",
    "brand": "BRUGGE",
    "seoBrand": "Brugge",
    "thumbNail": "https://static.colruytgroup.com/images/200x200/std.lang.all/25/79/asset-1452579.jpg",
    "fullImage": "https://static.colruytgroup.com/images/500x500/std.lang.all/25/79/asset-1452579.jpg",
    "squareImage": "https://static.colruytgroup.com/images/500x500sq/std.lang.all/25/79/asset-1452579.jpg",
    "content": "250g",
    "walkRouteSequenceNumber": 6139,
    "price": {
      "basicPrice": 3.95,
      "recommendedQuantity": "1.0",
      "measurementUnitPrice": 15.8,
      "measurementUnit": "K",
      "isRedPrice": false,
      "pricePerUOM": 15.8,
      "activationDate": "07-03-2024",
      "recordSource": "Offline",
      "isPromoActive": "N",
      "priceChangeCode": "H"
    },
    "isAvailable": true,
    "isPriceAvailable": true,
    "inPromo": false,
    "gtin": [
      "05413721419214",
      "35413721419215"
    ],
    "topCategoryName": "Zuivel",
    "topCategoryId": "65",
    "businessDomain": "RETAIL_BE",
    "IsPrivateLabel": false,
    "IsBiffe": false,
    "WeightconversionFactor": "0",
    "IsWeightArticle": false,
    "nutriscoreLabel": "E",
    "IsBio": false,
    "CountryOfOrigin": "BELGIË",
    "IsExclusivelySoldInLuxembourg": false,
    "OrderUnit": "P",
    "ShortName": "HC BRUG BOTER ON.250",
    "IsNew": false,
    "EcoscoreLabel": "E",
    "RecentQuanityOfStockUnits": "12,1",
    "LongName": "BRUGGE rollen boter ongezouten 250g",
    "AlcoholVolume": "0",
    "FicCode": "E",
    "EcoscoreValue": "19"
  },
  {
    "productId": "870625",
    "technicalArticleNumber": "4724306",
    "commercialArticleNumber": "1649",
    "name": "Bladerd. geitenk.honing",
    "brand": "LA VILETTE",
    "seoBrand": "La Vilette",
    "thumbNail": "https://static.colruytgroup.com/images/200x200/std.lang.all/03/06/asset-3340306.jpg",
    "fullImage": "https://static.colruytgroup.com/images/500x500/std.lang.all/03/06/asset-3340306.jpg",
    "squareImage": "https://static.colruytgroup.com/images/500x500sq/std.lang.all/03/06/asset-3340306.jpg",
    "content": "2x50g",
    "walkRouteSequenceNumber": 5203,
    "price": {
      "basicPrice": 2.99,
      "recommendedQuantity": "1.0",
      "measurementUnitPrice": 29.9,
      "measurementUnit": "K",
      "isRedPrice": false,
      "pricePerUOM": 29.9,
      "activationDate": "08-12-2023",
      "recordSource": "Offline",
      "isPromoActive": "N",
      "priceChangeCode": "L"
    },
    "isAvailable": true,
    "isPriceAvailable": true,
    "inPromo": false,
    "gtin": [
      "05420030610607"
    ],
    "topCategoryName": "Zuivel",
    "topCategoryId": "65",
    "businessDomain": "RETAIL_BE",
    "IsPrivateLabel": false,
    "IsBiffe": false,
    "WeightconversionFactor": "0",
    "IsWeightArticle": false,
    "IsBio": false,
    "CountryOfOrigin": "BELGIË",
    "IsExclusivelySoldInLuxembourg": false,
    "OrderUnit": "P",
    "ShortName": "LAVI GEITENK.HON. 2X50G",
    "IsNew": false,
    "RecentQuanityOfStockUnits": "1",
    "LongName": "LA VILETTE Bladerd. geitenk.honing 2x50g",
    "FicCode": "E"
  },
  {
    "productId": "746344",
    "technicalArticleNumber": "4514860",
    "commercialArticleNumber": "7339",
    "name": "lichte room 12%",
    "description": "*U.H.T.\ngesteriliseerd",
    "brand": "BALADE",
    "seoBrand": "Balade",
    "thumbNail": "https://static.colruytgroup.com/images/200x200/nl_be/65/50/asset-2826550.jpg",
    "fullImage": "https://static.colruytgroup.com/images/500x500/nl_be/65/50/asset-2826550.jpg",
    "squareImage": "https://static.colruytgroup.com/images/500x500sq/nl_be/65/50/asset-2826550.jpg",
    "content": "1L",
    "walkRouteSequenceNumber": 6006,
    "price": {
      "basicPrice": 5.85,
      "recommendedQuantity": "1.0",
      "measurementUnitPrice": 5.85,
      "measurementUnit": "L",
      "isRedPrice": false,
      "pricePerUOM": 5.85,
      "activationDate": "14-02-2024",
      "recordSource": "Offline",
      "isPromoActive": "N",
      "priceChangeCode": "E"
    },
    "isAvailable": true,
    "isPriceAvailable": true,
    "inPromo": false,
    "gtin": [
      "05411396034176"
    ],
    "topCategoryName": "Zuivel",
    "topCategoryId": "65",
    "businessDomain": "RETAIL_BE",
    "IsPrivateLabel": false,
    "IsBiffe": false,
    "WeightconversionFactor": "0",
    "IsWeightArticle": false,
    "nutriscoreLabel": "D",
    "IsBio": false,
    "CountryOfOrigin": "FRANKRIJK",
    "IsExclusivelySoldInLuxembourg": false,
    "OrderUnit": "P",
    "ShortName": "BALA LICHTE ROOM 12% 1L",
    "IsNew": false,
    "RecentQuanityOfStockUnits": "1",
    "LongName": "BALADE lichte room 12% 1L",
    "FicCode": "E"
  },
  {
    "productId": "640312",
    "technicalArticleNumber": "4333226",
    "commercialArticleNumber": "14432",
    "name": "blok",
    "description": "*Belgisch\n*Blok half harde\nabdijkaas\n*Korst niet eetbaar",
    "brand": "VAL-DIEU",
    "seoBrand": "Val-Dieu",
    "thumbNail": "https://static.colruytgroup.com/images/200x200/std.lang.all/23/55/asset-2282355.jpg",
    "fullImage": "https://static.colruytgroup.com/images/500x500/std.lang.all/23/55/asset-2282355.jpg",
    "squareImage": "https://static.colruytgroup.com/images/500x500sq/std.lang.all/23/55/asset-2282355.jpg",
    "content": "±250g",
    "walkRouteSequenceNumber": 6165,
    "price": {
      "basicPrice": 22,
      "recommendedQuantity": "0.2",
      "unit": "K",
      "measurementUnitPrice": 22,
      "measurementUnit": "K",
      "isRedPrice": false,
      "pricePerUOM": 22,
      "activationDate": "12-03-2024",
      "isPromoActive": "N",
      "priceChangeCode": "H"
    },
    "isAvailable": true,
    "isPriceAvailable": true,
    "inPromo": false,
    "gtin": [
      "05400141819175",
      "05400141572223",
      "95400141572226",
      "95400141760227",
      "05400141760224",
      "95400141819178"
    ],
    "topCategoryName": "Zuivel",
    "topCategoryId": "65",
    "businessDomain": "RETAIL_BE",
    "IsPrivateLabel": false,
    "IsBiffe": false,
    "WeightconversionFactor": "250",
    "IsWeightArticle": true,
    "nutriscoreLabel": "D",
    "IsBio": false,
    "CountryOfOrigin": "BELGIË",
    "IsExclusivelySoldInLuxembourg": false,
    "OrderUnit": "P",
    "ShortName": "VAL-DIEU BLOK+-250G W",
    "IsNew": false,
    "EcoscoreLabel": "D",
    "RecentQuanityOfStockUnits": "1",
    "LongName": "VAL-DIEU blok ±250g",
    "FicCode": "I",
    "EcoscoreValue": "30"
  },
  {
    "productId": "741580",
    "technicalArticleNumber": "4506957",
    "commercialArticleNumber": "27977",
    "name": "oud belegen sneetjes",
    "description": "*Belgische\n*Harde kaas 50+",
    "brand": "POSTEL",
    "seoBrand": "Postel",
    "thumbNail": "https://static.colruytgroup.com/images/200x200/std.lang.all/12/24/asset-2641224.jpg",
    "fullImage": "https://static.colruytgroup.com/images/500x500/std.lang.all/12/24/asset-2641224.jpg",
    "squareImage": "https://static.colruytgroup.com/images/500x500sq/std.lang.all/12/24/asset-2641224.jpg",
    "content": "180g",
    "walkRouteSequenceNumber": 6201,
    "price": {
      "basicPrice": 4.49,
      "recommendedQuantity": "1.0",
      "measurementUnitPrice": 24.95,
      "measurementUnit": "K",
      "isRedPrice": false,
      "pricePerUOM": 24.95,
      "activationDate": "14-02-2024",
      "recordSource": "Offline",
      "isPromoActive": "N",
      "priceChangeCode": "E"
    },
    "isAvailable": true,
    "isPriceAvailable": true,
    "inPromo": false,
    "gtin": [
      "05410942172508"
    ],
    "topCategoryName": "Zuivel",
    "topCategoryId": "65",
    "businessDomain": "RETAIL_BE",
    "IsPrivateLabel": false,
    "IsBiffe": false,
    "WeightconversionFactor": "0",
    "IsWeightArticle": false,
    "nutriscoreLabel": "D",
    "IsBio": false,
    "CountryOfOrigin": "BELGIË",
    "IsExclusivelySoldInLuxembourg": false,
    "OrderUnit": "P",
    "ShortName": "POST OUD BELEG.SNEE180G",
    "IsNew": false,
    "RecentQuanityOfStockUnits": "1",
    "LongName": "POSTEL oud belegen sneetjes 180g",
    "FicCode": "E"
  },
  {
    "productId": "727699",
    "technicalArticleNumber": "4483246",
    "commercialArticleNumber": "19452",
    "name": "croccante mozzarella",
    "description": "*Italië\n*Bereiding\nvan mozzarella,\ngepaneerd met\ngepofte rijst",
    "brand": "GALBANI",
    "seoBrand": "Galbani",
    "thumbNail": "https://static.colruytgroup.com/images/200x200/std.lang.all/12/22/asset-2641222.jpg",
    "fullImage": "https://static.colruytgroup.com/images/500x500/std.lang.all/12/22/asset-2641222.jpg",
    "squareImage": "https://static.colruytgroup.com/images/500x500sq/std.lang.all/12/22/asset-2641222.jpg",
    "content": "150g",
    "walkRouteSequenceNumber": 5199,
    "price": {
      "basicPrice": 3.49,
      "recommendedQuantity": "1.0",
      "measurementUnitPrice": 23.27,
      "measurementUnit": "K",
      "isRedPrice": false,
      "pricePerUOM": 23.27,
      "activationDate": "06-03-2024",
      "recordSource": "Offline",
      "isPromoActive": "N",
      "priceChangeCode": "H"
    },
    "isAvailable": true,
    "isPriceAvailable": true,
    "inPromo": false,
    "gtin": [
      "03228025174408",
      "03228023170105"
    ],
    "topCategoryName": "Zuivel",
    "topCategoryId": "65",
    "businessDomain": "RETAIL_BE",
    "IsPrivateLabel": false,
    "IsBiffe": false,
    "WeightconversionFactor": "0",
    "IsWeightArticle": false,
    "nutriscoreLabel": "D",
    "IsBio": false,
    "CountryOfOrigin": "ITALIË",
    "IsExclusivelySoldInLuxembourg": false,
    "OrderUnit": "P",
    "ShortName": "GALB CROCAN. MOZZA 150G",
    "IsNew": false,
    "EcoscoreLabel": "D",
    "RecentQuanityOfStockUnits": "1",
    "LongName": "GALBANI croccante mozzarella 150g",
    "FicCode": "E",
    "EcoscoreValue": "36"
  },
  {
    "productId": "866898",
    "technicalArticleNumber": "4719567",
    "commercialArticleNumber": "10160",
    "name": "pudding caramel",
    "brand": "LINDAHLS",
    "seoBrand": "Nestlé LINDAHLS",
    "thumbNail": "https://static.colruytgroup.com/images/200x200/std.lang.all/42/02/asset-3354202.jpg",
    "fullImage": "https://static.colruytgroup.com/images/500x500/std.lang.all/42/02/asset-3354202.jpg",
    "squareImage": "https://static.colruytgroup.com/images/500x500sq/std.lang.all/42/02/asset-3354202.jpg",
    "content": "150g",
    "walkRouteSequenceNumber": 5954,
    "price": {
      "basicPrice": 1.49,
      "recommendedQuantity": "1.0",
      "measurementUnitPrice": 9.94,
      "measurementUnit": "K",
      "isRedPrice": false,
      "pricePerUOM": 9.94,
      "activationDate": "20-02-2024",
      "recordSource": "Offline",
      "isPromoActive": "N",
      "priceChangeCode": "E"
    },
    "isAvailable": true,
    "isPriceAvailable": true,
    "inPromo": false,
    "gtin": [
      "03023290073865"
    ],
    "topCategoryName": "Zuivel",
    "topCategoryId": "65",
    "businessDomain": "RETAIL_BE",
    "IsPrivateLabel": false,
    "IsBiffe": false,
    "WeightconversionFactor": "0",
    "IsWeightArticle": false,
    "nutriscoreLabel": "A",
    "IsBio": false,
    "CountryOfOrigin": "ZWEDEN",
    "IsExclusivelySoldInLuxembourg": false,
    "OrderUnit": "P",
    "ShortName": "LIND PUDDI. CARAMEL150G",
    "IsNew": false,
    "RecentQuanityOfStockUnits": "1,8",
    "LongName": "LINDAHLS pudding caramel 150g",
    "FicCode": "E"
  },
  {
    "productId": "846395",
    "technicalArticleNumber": "4692586",
    "commercialArticleNumber": "12292",
    "name": "geitenkaas rozemarijn",
    "description": "*Roomkaas",
    "brand": "PHILADELPHIA",
    "seoBrand": "Philadelphia",
    "thumbNail": "https://static.colruytgroup.com/images/200x200/std.lang.all/03/72/asset-3160372.jpg",
    "fullImage": "https://static.colruytgroup.com/images/500x500/std.lang.all/03/72/asset-3160372.jpg",
    "squareImage": "https://static.colruytgroup.com/images/500x500sq/std.lang.all/03/72/asset-3160372.jpg",
    "content": "150g",
    "walkRouteSequenceNumber": 4881,
    "price": {
      "basicPrice": 2.49,
      "recommendedQuantity": "1.0",
      "measurementUnitPrice": 16.6,
      "measurementUnit": "K",
      "isRedPrice": false,
      "pricePerUOM": 16.6,
      "activationDate": "21-03-2024",
      "recordSource": "Offline",
      "isPromoActive": "N",
      "priceChangeCode": "H"
    },
    "isAvailable": true,
    "isPriceAvailable": true,
    "inPromo": true,
    "promotion": [
      {
        "techPromoId": "100860COLR",
        "promotionId": "100860",
        "promotionType": "4",
        "isPersonalized": "N",
        "publicationStartDate": "13-03-2024",
        "publicationEndDate": "26-03-2024"
      }
    ],
    "gtin": [
      "07622201746803",
      "07622201746797"
    ],
    "topCategoryName": "Zuivel",
    "topCategoryId": "65",
    "businessDomain": "RETAIL_BE",
    "IsPrivateLabel": false,
    "IsBiffe": false,
    "WeightconversionFactor": "0",
    "IsWeightArticle": false,
    "nutriscoreLabel": "C",
    "IsBio": false,
    "CountryOfOrigin": "DUITSLAND",
    "IsExclusivelySoldInLuxembourg": false,
    "OrderUnit": "P",
    "ShortName": "PHIL GEITK.ROZEMAR.150G",
    "IsNew": false,
    "RecentQuanityOfStockUnits": "1,10",
    "LongName": "PHILADELPHIA geitenkaas rozemarijn 150g",
    "FicCode": "E"
  },
  {
    "productId": "1124",
    "technicalArticleNumber": "16896",
    "commercialArticleNumber": "16896",
    "name": "kaasfondue suisse",
    "description": "*Zwitserland\n*Smeltkaas\n*Geschikt voor\nkaasfondue",
    "brand": "BONI",
    "seoBrand": "Boni Selection",
    "thumbNail": "https://static.colruytgroup.com/images/200x200/std.lang.all/10/83/asset-3351083.jpg",
    "fullImage": "https://static.colruytgroup.com/images/500x500/std.lang.all/10/83/asset-3351083.jpg",
    "squareImage": "https://static.colruytgroup.com/images/500x500sq/std.lang.all/10/83/asset-3351083.jpg",
    "content": "400g",
    "walkRouteSequenceNumber": 5238,
    "price": {
      "basicPrice": 4.49,
      "recommendedQuantity": "1.0",
      "measurementUnitPrice": 11.23,
      "measurementUnit": "K",
      "isRedPrice": false,
      "pricePerUOM": 11.23,
      "activationDate": "12-03-2024",
      "recordSource": "Offline",
      "isPromoActive": "N",
      "priceChangeCode": "H"
    },
    "isAvailable": true,
    "isPriceAvailable": true,
    "inPromo": false,
    "gtin": [
      "05400141463330",
      "05400141588361",
      "15400141999911",
      "05400141041866",
      "05400141144109",
      "05400141379068",
      "15400141144106"
    ],
    "topCategoryName": "Zuivel",
    "topCategoryId": "65",
    "businessDomain": "RETAIL_BE",
    "IsPrivateLabel": true,
    "IsBiffe": false,
    "WeightconversionFactor": "0",
    "IsWeightArticle": false,
    "nutriscoreLabel": "C",
    "IsBio": false,
    "CountryOfOrigin": "ZWITSERLAND",
    "IsExclusivelySoldInLuxembourg": false,
    "OrderUnit": "P",
    "ShortName": "BONI KAASFON.SUISSE400G",
    "InSeason": true,
    "IsNew": false,
    "EcoscoreLabel": "C",
    "RecentQuanityOfStockUnits": "6,1,1",
    "LongName": "BONI kaasfondue suisse 400g",
    "AlcoholVolume": "0",
    "StartSeasonDate": "07/07/2023",
    "FicCode": "I",
    "EcoscoreValue": "51"
  },
  {
    "productId": "638431",
    "technicalArticleNumber": "4329779",
    "commercialArticleNumber": "7372",
    "name": "Caractère blok",
    "description": "*Belgisch\n*Zacht en smeuïg\n*Vegetarisch",
    "brand": "PASSENDALE",
    "seoBrand": "Passendale",
    "thumbNail": "https://static.colruytgroup.com/images/200x200/std.lang.all/31/05/asset-3423105.jpg",
    "fullImage": "https://static.colruytgroup.com/images/500x500/std.lang.all/31/05/asset-3423105.jpg",
    "squareImage": "https://static.colruytgroup.com/images/500x500sq/std.lang.all/31/05/asset-3423105.jpg",
    "content": "±200g",
    "walkRouteSequenceNumber": 6177,
    "price": {
      "basicPrice": 24.6,
      "recommendedQuantity": "0.2",
      "unit": "K",
      "measurementUnitPrice": 24.6,
      "measurementUnit": "K",
      "isRedPrice": false,
      "pricePerUOM": 24.6,
      "activationDate": "13-03-2024",
      "isPromoActive": "Y",
      "priceChangeCode": "E"
    },
    "isAvailable": true,
    "isPriceAvailable": true,
    "inPromo": true,
    "promotion": [
      {
        "techPromoId": "100846COLR",
        "promotionId": "100846",
        "promotionType": "3",
        "isPersonalized": "N",
        "publicationStartDate": "13-03-2024",
        "publicationEndDate": "26-03-2024"
      }
    ],
    "gtin": [
      "05400141993288",
      "05400141757880",
      "95400141757883",
      "95400141993281"
    ],
    "topCategoryName": "Zuivel",
    "topCategoryId": "65",
    "businessDomain": "RETAIL_BE",
    "IsPrivateLabel": false,
    "IsBiffe": false,
    "WeightconversionFactor": "200",
    "IsWeightArticle": true,
    "nutriscoreLabel": "D",
    "IsBio": false,
    "CountryOfOrigin": "BELGIË",
    "IsExclusivelySoldInLuxembourg": false,
    "OrderUnit": "P",
    "ShortName": "PASS CARACT.BLOK+-200GW",
    "IsNew": false,
    "RecentQuanityOfStockUnits": "1",
    "LongName": "PASSENDALE Caractère blok ±200g",
    "FicCode": "I"
  },
  {
    "productId": "892937",
    "technicalArticleNumber": "4754903",
    "commercialArticleNumber": "4933",
    "name": "Snack coco",
    "brand": "LINDAHLS",
    "seoBrand": "Nestlé LINDAHLS",
    "thumbNail": "https://static.colruytgroup.com/images/200x200/std.lang.all/23/49/asset-3342349.jpg",
    "fullImage": "https://static.colruytgroup.com/images/500x500/std.lang.all/23/49/asset-3342349.jpg",
    "squareImage": "https://static.colruytgroup.com/images/500x500sq/std.lang.all/23/49/asset-3342349.jpg",
    "content": "40g",
    "walkRouteSequenceNumber": 5680,
    "price": {
      "basicPrice": 1.39,
      "recommendedQuantity": "1.0",
      "measurementUnitPrice": 34.75,
      "measurementUnit": "K",
      "isRedPrice": false,
      "pricePerUOM": 34.75,
      "activationDate": "20-02-2024",
      "recordSource": "Offline",
      "isPromoActive": "N",
      "priceChangeCode": "E"
    },
    "isAvailable": true,
    "isPriceAvailable": true,
    "inPromo": false,
    "gtin": [
      "08033629401752",
      "08033629409758"
    ],
    "topCategoryName": "Zuivel",
    "topCategoryId": "65",
    "businessDomain": "RETAIL_BE",
    "IsPrivateLabel": false,
    "IsBiffe": false,
    "WeightconversionFactor": "0",
    "IsWeightArticle": false,
    "nutriscoreLabel": "D",
    "IsBio": false,
    "CountryOfOrigin": "ZWEDEN",
    "IsExclusivelySoldInLuxembourg": false,
    "OrderUnit": "P",
    "ShortName": "LIND SNACK COCO 40G",
    "IsNew": false,
    "RecentQuanityOfStockUnits": "1,14",
    "LongName": "LINDAHLS Snack coco 40g",
    "FicCode": "E"
  },
  {
    "productId": "827057",
    "technicalArticleNumber": "4664888",
    "commercialArticleNumber": "30124",
    "name": "Pavés fondant Emmental",
    "brand": "PRESIDENT",
    "seoBrand": "Président",
    "thumbNail": "https://static.colruytgroup.com/images/200x200/std.lang.all/58/39/asset-2945839.jpg",
    "fullImage": "https://static.colruytgroup.com/images/500x500/std.lang.all/58/39/asset-2945839.jpg",
    "squareImage": "https://static.colruytgroup.com/images/500x500sq/std.lang.all/58/39/asset-2945839.jpg",
    "content": "200g",
    "walkRouteSequenceNumber": 5201,
    "price": {
      "basicPrice": 3.69,
      "recommendedQuantity": "1.0",
      "measurementUnitPrice": 18.45,
      "measurementUnit": "K",
      "isRedPrice": false,
      "pricePerUOM": 18.45,
      "activationDate": "13-03-2024",
      "isPromoActive": "N",
      "priceChangeCode": "H"
    },
    "isAvailable": true,
    "isPriceAvailable": true,
    "inPromo": false,
    "gtin": [
      "03228023190127",
      "03228025194260"
    ],
    "topCategoryName": "Zuivel",
    "topCategoryId": "65",
    "businessDomain": "RETAIL_BE",
    "IsPrivateLabel": false,
    "IsBiffe": false,
    "WeightconversionFactor": "0",
    "IsWeightArticle": false,
    "nutriscoreLabel": "D",
    "IsBio": false,
    "CountryOfOrigin": "NEDERLAND",
    "IsExclusivelySoldInLuxembourg": false,
    "OrderUnit": "P",
    "ShortName": "PRES PAV.FOND.EMMEN200G",
    "IsNew": false,
    "EcoscoreLabel": "D",
    "RecentQuanityOfStockUnits": "1",
    "LongName": "PRESIDENT Pavés fondant Emmental 200g",
    "FicCode": "E",
    "EcoscoreValue": "36"
  },
  {
    "productId": "860426",
    "technicalArticleNumber": "4711237",
    "commercialArticleNumber": "9460",
    "name": "snack latte",
    "brand": "NESQUIK",
    "seoBrand": "Nesquik",
    "thumbNail": "https://static.colruytgroup.com/images/200x200/std.lang.all/87/79/asset-3208779.jpg",
    "fullImage": "https://static.colruytgroup.com/images/500x500/std.lang.all/87/79/asset-3208779.jpg",
    "squareImage": "https://static.colruytgroup.com/images/500x500sq/std.lang.all/87/79/asset-3208779.jpg",
    "content": "4x26g",
    "walkRouteSequenceNumber": 5936,
    "price": {
      "basicPrice": 2.95,
      "recommendedQuantity": "1.0",
      "measurementUnitPrice": 28.37,
      "measurementUnit": "K",
      "isRedPrice": false,
      "pricePerUOM": 28.37,
      "activationDate": "07-03-2024",
      "recordSource": "Offline",
      "isPromoActive": "N",
      "priceChangeCode": "E"
    },
    "isAvailable": true,
    "isPriceAvailable": true,
    "inPromo": false,
    "gtin": [
      "08033629400229",
      "03023290071595",
      "08033629400212"
    ],
    "topCategoryName": "Zuivel",
    "topCategoryId": "65",
    "businessDomain": "RETAIL_BE",
    "IsPrivateLabel": false,
    "IsBiffe": false,
    "WeightconversionFactor": "0",
    "IsWeightArticle": false,
    "nutriscoreLabel": "E",
    "IsBio": false,
    "CountryOfOrigin": "FRANKRIJK",
    "IsExclusivelySoldInLuxembourg": false,
    "OrderUnit": "P",
    "ShortName": "NESQ SNACK LATTE 4X26G",
    "IsNew": false,
    "RecentQuanityOfStockUnits": "1",
    "LongName": "NESQUIK snack latte 4x26g",
    "FicCode": "E"
  },
  {
    "productId": "892206",
    "technicalArticleNumber": "4753585",
    "commercialArticleNumber": "23094",
    "name": "sneden",
    "description": "* België\n* Gepasteuris. melk\n* Ambachtelijk\n* Jong\n* Korst is niet eetbaar",
    "brand": "ROCHEFORT",
    "seoBrand": "Rochefort",
    "thumbNail": "https://static.colruytgroup.com/images/200x200/std.lang.all/06/67/asset-3330667.jpg",
    "fullImage": "https://static.colruytgroup.com/images/500x500/std.lang.all/06/67/asset-3330667.jpg",
    "squareImage": "https://static.colruytgroup.com/images/500x500sq/std.lang.all/06/67/asset-3330667.jpg",
    "content": "250g",
    "walkRouteSequenceNumber": 6233,
    "price": {
      "basicPrice": 5.99,
      "recommendedQuantity": "1.0",
      "measurementUnitPrice": 23.96,
      "measurementUnit": "K",
      "isRedPrice": false,
      "pricePerUOM": 23.96,
      "activationDate": "02-11-2023",
      "isPromoActive": "N",
      "priceChangeCode": "E"
    },
    "isAvailable": true,
    "isPriceAvailable": true,
    "inPromo": false,
    "gtin": [
      "05400141571783"
    ],
    "topCategoryName": "Zuivel",
    "topCategoryId": "65",
    "businessDomain": "RETAIL_BE",
    "IsPrivateLabel": false,
    "IsBiffe": false,
    "WeightconversionFactor": "0",
    "IsWeightArticle": false,
    "nutriscoreLabel": "D",
    "IsBio": false,
    "CountryOfOrigin": "BELGIË",
    "IsExclusivelySoldInLuxembourg": false,
    "OrderUnit": "P",
    "ShortName": "ROCHEFORT SNEDEN 250G",
    "IsNew": false,
    "EcoscoreLabel": "D",
    "RecentQuanityOfStockUnits": "1",
    "LongName": "ROCHEFORT sneden 250g",
    "FicCode": "I",
    "EcoscoreValue": "30"
  },
  {
    "productId": "848045",
    "technicalArticleNumber": "4694970",
    "commercialArticleNumber": "27018",
    "name": "Geitenkaas blok",
    "description": "*Belgïe\n* Romige geitenkaas\n* o.b.v. Geitenmelk\n* Korst is niet eetbaar",
    "brand": "DE MOERENAAR",
    "seoBrand": "De Moerenaar",
    "thumbNail": "https://static.colruytgroup.com/images/200x200/std.lang.all/78/07/asset-3127807.jpg",
    "fullImage": "https://static.colruytgroup.com/images/500x500/std.lang.all/78/07/asset-3127807.jpg",
    "squareImage": "https://static.colruytgroup.com/images/500x500sq/std.lang.all/78/07/asset-3127807.jpg",
    "content": "±325g",
    "walkRouteSequenceNumber": 4938,
    "price": {
      "basicPrice": 19.9,
      "recommendedQuantity": "0.3",
      "unit": "K",
      "measurementUnitPrice": 19.9,
      "measurementUnit": "K",
      "isRedPrice": false,
      "pricePerUOM": 19.9,
      "activationDate": "13-03-2024",
      "isPromoActive": "Y",
      "priceChangeCode": "E"
    },
    "isAvailable": true,
    "isPriceAvailable": true,
    "inPromo": true,
    "promotion": [
      {
        "techPromoId": "100863COLR",
        "promotionId": "100863",
        "promotionType": "3",
        "isPersonalized": "N",
        "publicationStartDate": "13-03-2024",
        "publicationEndDate": "26-03-2024"
      }
    ],
    "gtin": [
      "95400141805997",
      "05400141805994"
    ],
    "topCategoryName": "Zuivel",
    "topCategoryId": "65",
    "businessDomain": "RETAIL_BE",
    "IsPrivateLabel": false,
    "IsBiffe": false,
    "WeightconversionFactor": "325",
    "IsWeightArticle": true,
    "nutriscoreLabel": "D",
    "IsBio": false,
    "CountryOfOrigin": "BELGIË",
    "IsExclusivelySoldInLuxembourg": false,
    "OrderUnit": "P",
    "ShortName": "DEMO GEITKAAS BL+-325GW",
    "IsNew": false,
    "EcoscoreLabel": "C",
    "RecentQuanityOfStockUnits": "1",
    "LongName": "DE MOERENAAR Geitenkaas blok ±325g",
    "FicCode": "E",
    "EcoscoreValue": "51"
  },
  {
    "productId": "644005",
    "technicalArticleNumber": "4339088",
    "commercialArticleNumber": "23895",
    "name": "scharrel kwartelei",
    "description": "*Oorsprong: België, Nederland\n*Klasse 1",
    "thumbNail": "https://static.colruytgroup.com/images/200x200/std.lang.all/08/24/asset-2400824.jpg",
    "fullImage": "https://static.colruytgroup.com/images/500x500/std.lang.all/08/24/asset-2400824.jpg",
    "squareImage": "https://static.colruytgroup.com/images/500x500sq/std.lang.all/08/24/asset-2400824.jpg",
    "content": "12st",
    "walkRouteSequenceNumber": 8710,
    "price": {
      "basicPrice": 3.99,
      "recommendedQuantity": "1.0",
      "measurementUnitPrice": 0.333,
      "measurementUnit": "S",
      "isRedPrice": false,
      "pricePerUOM": 0.333,
      "activationDate": "19-01-2024",
      "isPromoActive": "N",
      "priceChangeCode": "H"
    },
    "isAvailable": true,
    "isPriceAvailable": true,
    "inPromo": false,
    "gtin": [
      "03267914095004",
      "05419980096500",
      "05414121900029",
      "05414121900012",
      "08710946478628"
    ],
    "topCategoryName": "Zuivel",
    "topCategoryId": "65",
    "businessDomain": "RETAIL_BE",
    "IsPrivateLabel": false,
    "IsBiffe": false,
    "WeightconversionFactor": "0",
    "IsWeightArticle": false,
    "IsBio": false,
    "CountryOfOrigin": "BELGIË",
    "IsExclusivelySoldInLuxembourg": false,
    "OrderUnit": "P",
    "ShortName": "SCHAR.KWARTELEIEREN 12S",
    "InSeason": true,
    "IsNew": false,
    "RecentQuanityOfStockUnits": "1",
    "LongName": "scharrel kwartelei 12st",
    "StartSeasonDate": "12/10/2021",
    "FicCode": "E"
  },
  {
    "productId": "65829",
    "technicalArticleNumber": "2739906",
    "commercialArticleNumber": "40750",
    "name": "kaas abdij light sneetjes",
    "description": "*België\n*Halfharde kaas\n*Mild, zacht\n*Abdijkaas",
    "brand": "MAREDSOUS",
    "seoBrand": "Maredsous",
    "thumbNail": "https://static.colruytgroup.com/images/200x200/std.lang.all/32/79/asset-573279.jpg",
    "fullImage": "https://static.colruytgroup.com/images/500x500/std.lang.all/32/79/asset-573279.jpg",
    "squareImage": "https://static.colruytgroup.com/images/500x500sq/std.lang.all/32/79/asset-573279.jpg",
    "content": "300g",
    "walkRouteSequenceNumber": 6205,
    "price": {
      "basicPrice": 8.95,
      "recommendedQuantity": "1.0",
      "measurementUnitPrice": 29.84,
      "measurementUnit": "K",
      "isRedPrice": false,
      "pricePerUOM": 29.84,
      "activationDate": "01-03-2024",
      "recordSource": "Offline",
      "isPromoActive": "N",
      "priceChangeCode": "L"
    },
    "isAvailable": true,
    "isPriceAvailable": true,
    "inPromo": false,
    "gtin": [
      "03073781029093",
      "03073780975636",
      "05400141857740"
    ],
    "topCategoryName": "Zuivel",
    "topCategoryId": "65",
    "businessDomain": "RETAIL_BE",
    "IsPrivateLabel": false,
    "IsBiffe": false,
    "WeightconversionFactor": "0",
    "IsWeightArticle": false,
    "nutriscoreLabel": "D",
    "IsBio": false,
    "CountryOfOrigin": "FRANKRIJK",
    "IsExclusivelySoldInLuxembourg": false,
    "OrderUnit": "P",
    "ShortName": "MAREDS.LIGHT SN.300GR",
    "IsNew": false,
    "EcoscoreLabel": "C",
    "RecentQuanityOfStockUnits": "1",
    "LongName": "MAREDSOUS kaas abdij light sneetjes 300g",
    "AlcoholVolume": "0",
    "FicCode": "E",
    "EcoscoreValue": "59"
  },
  {
    "productId": "870638",
    "technicalArticleNumber": "4724320",
    "commercialArticleNumber": "1793",
    "name": "Natuur en spek",
    "brand": "LA VILETTE",
    "seoBrand": "La Vilette",
    "thumbNail": "https://static.colruytgroup.com/images/200x200/std.lang.all/03/07/asset-3340307.jpg",
    "fullImage": "https://static.colruytgroup.com/images/500x500/std.lang.all/03/07/asset-3340307.jpg",
    "squareImage": "https://static.colruytgroup.com/images/500x500sq/std.lang.all/03/07/asset-3340307.jpg",
    "content": "2x65g",
    "walkRouteSequenceNumber": 5204,
    "price": {
      "basicPrice": 3.49,
      "recommendedQuantity": "1.0",
      "measurementUnitPrice": 26.85,
      "measurementUnit": "K",
      "isRedPrice": false,
      "pricePerUOM": 26.85,
      "activationDate": "19-01-2024",
      "recordSource": "Offline",
      "isPromoActive": "N",
      "priceChangeCode": "H"
    },
    "isAvailable": true,
    "isPriceAvailable": true,
    "inPromo": false,
    "gtin": [
      "05420030619907"
    ],
    "topCategoryName": "Zuivel",
    "topCategoryId": "65",
    "businessDomain": "RETAIL_BE",
    "IsPrivateLabel": false,
    "IsBiffe": false,
    "WeightconversionFactor": "0",
    "IsWeightArticle": false,
    "IsBio": false,
    "CountryOfOrigin": "BELGIË",
    "IsExclusivelySoldInLuxembourg": false,
    "OrderUnit": "P",
    "ShortName": "LAVI GEI.KAAS SPEK2X65G",
    "IsNew": false,
    "RecentQuanityOfStockUnits": "1",
    "LongName": "LA VILETTE Natuur en spek 2x65g",
    "FicCode": "E"
  },
  {
    "productId": "103533",
    "technicalArticleNumber": "3116140",
    "commercialArticleNumber": "43925",
    "name": "yogh.vol aardb.bio glas",
    "description": "*Vol\n*Met gemixt fruit",
    "brand": "PUR NATUR",
    "seoBrand": "Pur Natur",
    "thumbNail": "https://static.colruytgroup.com/images/200x200/std.lang.all/60/44/asset-1586044.jpg",
    "fullImage": "https://static.colruytgroup.com/images/500x500/std.lang.all/60/44/asset-1586044.jpg",
    "squareImage": "https://static.colruytgroup.com/images/500x500sq/std.lang.all/60/44/asset-1586044.jpg",
    "content": "4x150g",
    "walkRouteSequenceNumber": 5788,
    "price": {
      "basicPrice": 5.96,
      "recommendedQuantity": "1.0",
      "measurementUnitPrice": 9.94,
      "measurementUnit": "K",
      "isRedPrice": false,
      "pricePerUOM": 9.94,
      "activationDate": "28-02-2024",
      "recordSource": "Offline",
      "isPromoActive": "N",
      "priceChangeCode": "E"
    },
    "isAvailable": true,
    "isPriceAvailable": true,
    "inPromo": false,
    "gtin": [
      "05412971946662",
      "05412971146666"
    ],
    "topCategoryName": "Zuivel",
    "topCategoryId": "65",
    "businessDomain": "RETAIL_BE",
    "IsPrivateLabel": false,
    "IsBiffe": false,
    "WeightconversionFactor": "0",
    "IsWeightArticle": false,
    "nutriscoreLabel": "C",
    "IsBio": true,
    "CountryOfOrigin": "BELGIË",
    "IsExclusivelySoldInLuxembourg": false,
    "OrderUnit": "P",
    "ShortName": "PURN BIO VOL AARDB4X150",
    "IsNew": false,
    "EcoscoreLabel": "A",
    "RecentQuanityOfStockUnits": "1",
    "LongName": "PUR NATUR yogh.vol aardb.bio glas 4x150g",
    "AlcoholVolume": "0",
    "FicCode": "E",
    "EcoscoreValue": "100"
  },
  {
    "productId": "18993",
    "technicalArticleNumber": "1756671",
    "commercialArticleNumber": "16746",
    "name": "Cheddar",
    "description": "*Smeltkaas\n*Cheddar",
    "brand": "LA VACHE QUI RIT",
    "seoBrand": "La Vache Qui Rit",
    "thumbNail": "https://static.colruytgroup.com/images/200x200/std.lang.all/67/40/asset-2216740.jpg",
    "fullImage": "https://static.colruytgroup.com/images/500x500/std.lang.all/67/40/asset-2216740.jpg",
    "squareImage": "https://static.colruytgroup.com/images/500x500sq/std.lang.all/67/40/asset-2216740.jpg",
    "content": "200g",
    "walkRouteSequenceNumber": 5187,
    "price": {
      "basicPrice": 4.99,
      "recommendedQuantity": "1.0",
      "measurementUnitPrice": 24.95,
      "measurementUnit": "K",
      "isRedPrice": false,
      "pricePerUOM": 24.95,
      "activationDate": "13-03-2024",
      "recordSource": "Offline",
      "isPromoActive": "N",
      "priceChangeCode": "E"
    },
    "isAvailable": true,
    "isPriceAvailable": true,
    "inPromo": false,
    "gtin": [
      "03073781152364",
      "03073780450461",
      "03073780878777",
      "03073780964593",
      "04002468207683"
    ],
    "topCategoryName": "Zuivel",
    "topCategoryId": "65",
    "businessDomain": "RETAIL_BE",
    "IsPrivateLabel": false,
    "IsBiffe": false,
    "WeightconversionFactor": "0",
    "IsWeightArticle": false,
    "nutriscoreLabel": "E",
    "IsBio": false,
    "CountryOfOrigin": "DUITSLAND",
    "IsExclusivelySoldInLuxembourg": false,
    "OrderUnit": "P",
    "ShortName": "VQR CHEDDAR 10SNED 200G",
    "IsNew": false,
    "EcoscoreLabel": "D",
    "RecentQuanityOfStockUnits": "1,6",
    "LongName": "LA VACHE QUI RIT Cheddar 200g",
    "AlcoholVolume": "0",
    "FicCode": "E",
    "EcoscoreValue": "34"
  },
  {
    "productId": "37333",
    "technicalArticleNumber": "1798391",
    "commercialArticleNumber": "34137",
    "name": "verse kaas vol hoevekaas 6%vg",
    "description": "*Vol\n*Vetgehalte: 6 %",
    "brand": "RIANS",
    "seoBrand": "Rians",
    "thumbNail": "https://static.colruytgroup.com/images/200x200/std.lang.all/63/79/asset-376379.jpg",
    "fullImage": "https://static.colruytgroup.com/images/500x500/std.lang.all/63/79/asset-376379.jpg",
    "squareImage": "https://static.colruytgroup.com/images/500x500sq/std.lang.all/63/79/asset-376379.jpg",
    "content": "500g",
    "walkRouteSequenceNumber": 5714,
    "price": {
      "basicPrice": 4.59,
      "recommendedQuantity": "1.0",
      "quantityPrice": 3.78,
      "quantityPriceQuantity": "2.0",
      "measurementUnitPrice": 9.18,
      "measurementUnitQuantityPrice": 7.56,
      "measurementUnit": "K",
      "isRedPrice": false,
      "pricePerUOM": 9.18,
      "activationDate": "22-03-2024",
      "recordSource": "Offline",
      "isPromoActive": "N",
      "priceChangeCode": "L",
      "quantityPricePerUOM": 7.56,
      "quantityActivationDate": "22-03-2024",
      "quantityPriceChangeCode": "E"
    },
    "isAvailable": true,
    "isPriceAvailable": true,
    "inPromo": false,
    "gtin": [
      "03184670001141",
      "03184670003817",
      "13184670003814"
    ],
    "topCategoryName": "Zuivel",
    "topCategoryId": "65",
    "businessDomain": "RETAIL_BE",
    "IsPrivateLabel": false,
    "IsBiffe": false,
    "WeightconversionFactor": "0",
    "IsWeightArticle": false,
    "nutriscoreLabel": "B",
    "IsBio": false,
    "CountryOfOrigin": "FRANKRIJK",
    "IsExclusivelySoldInLuxembourg": false,
    "OrderUnit": "P",
    "ShortName": "RIANS HOEVEKAAS 6PC 500",
    "InSeason": true,
    "IsNew": false,
    "EcoscoreLabel": "D",
    "RecentQuanityOfStockUnits": "1",
    "LongName": "RIANS verse kaas vol hoevekaas 6%vg 500g",
    "AlcoholVolume": "0",
    "StartSeasonDate": "01/10/2018",
    "FicCode": "E",
    "EcoscoreValue": "34"
  },
  {
    "productId": "865890",
    "technicalArticleNumber": "4718154",
    "commercialArticleNumber": "5456",
    "name": "kvarg citroen cheesecake",
    "brand": "LINDAHLS",
    "seoBrand": "Nestlé LINDAHLS",
    "thumbNail": "https://static.colruytgroup.com/images/200x200/std.lang.all/41/68/asset-3224168.jpg",
    "fullImage": "https://static.colruytgroup.com/images/500x500/std.lang.all/41/68/asset-3224168.jpg",
    "squareImage": "https://static.colruytgroup.com/images/500x500sq/std.lang.all/41/68/asset-3224168.jpg",
    "content": "2x160g",
    "walkRouteSequenceNumber": 5817,
    "price": {
      "basicPrice": 2.59,
      "recommendedQuantity": "1.0",
      "measurementUnitPrice": 8.1,
      "measurementUnit": "K",
      "isRedPrice": false,
      "pricePerUOM": 8.1,
      "activationDate": "09-03-2024",
      "recordSource": "Offline",
      "isPromoActive": "N",
      "priceChangeCode": "L"
    },
    "isAvailable": true,
    "isPriceAvailable": true,
    "inPromo": false,
    "gtin": [
      "03023290069011"
    ],
    "topCategoryName": "Zuivel",
    "topCategoryId": "65",
    "businessDomain": "RETAIL_BE",
    "IsPrivateLabel": false,
    "IsBiffe": false,
    "WeightconversionFactor": "0",
    "IsWeightArticle": false,
    "nutriscoreLabel": "A",
    "IsBio": false,
    "CountryOfOrigin": "ZWEDEN",
    "IsExclusivelySoldInLuxembourg": false,
    "OrderUnit": "P",
    "ShortName": "LIND KV.CIT.CHEE.2X160G",
    "IsNew": false,
    "RecentQuanityOfStockUnits": "1",
    "LongName": "LINDAHLS kvarg citroen cheesecake 2x160g",
    "FicCode": "E"
  },
  {
    "productId": "846400",
    "technicalArticleNumber": "4692591",
    "commercialArticleNumber": "12708",
    "name": "plantaardig",
    "description": "*Roomkaas",
    "brand": "PHILADELPHIA",
    "seoBrand": "Philadelphia",
    "thumbNail": "https://static.colruytgroup.com/images/200x200/std.lang.all/55/69/asset-3185569.jpg",
    "fullImage": "https://static.colruytgroup.com/images/500x500/std.lang.all/55/69/asset-3185569.jpg",
    "squareImage": "https://static.colruytgroup.com/images/500x500sq/std.lang.all/55/69/asset-3185569.jpg",
    "content": "145g",
    "walkRouteSequenceNumber": 4880,
    "price": {
      "basicPrice": 2.99,
      "recommendedQuantity": "1.0",
      "measurementUnitPrice": 20.63,
      "measurementUnit": "K",
      "isRedPrice": false,
      "pricePerUOM": 20.63,
      "activationDate": "21-03-2024",
      "recordSource": "Offline",
      "isPromoActive": "N",
      "priceChangeCode": "H"
    },
    "isAvailable": true,
    "isPriceAvailable": true,
    "inPromo": true,
    "promotion": [
      {
        "techPromoId": "100860COLR",
        "promotionId": "100860",
        "promotionType": "4",
        "isPersonalized": "N",
        "publicationStartDate": "13-03-2024",
        "publicationEndDate": "26-03-2024"
      }
    ],
    "gtin": [
      "07622201735470",
      "07622201735463"
    ],
    "topCategoryName": "Zuivel",
    "topCategoryId": "65",
    "businessDomain": "RETAIL_BE",
    "IsPrivateLabel": false,
    "IsBiffe": false,
    "WeightconversionFactor": "0",
    "IsWeightArticle": false,
    "nutriscoreLabel": "D",
    "IsBio": false,
    "CountryOfOrigin": "SPANJE",
    "IsExclusivelySoldInLuxembourg": false,
    "OrderUnit": "P",
    "ShortName": "PHIL PLANTAARDIG 145G",
    "IsNew": false,
    "RecentQuanityOfStockUnits": "1,10",
    "LongName": "PHILADELPHIA plantaardig 145g",
    "FicCode": "E"
  },
  {
    "productId": "2150",
    "technicalArticleNumber": "26850",
    "commercialArticleNumber": "26850",
    "name": "gouda jong blok",
    "description": "*Nederland,halfharde\nkaas, romig, zacht\n*Jong,5weken gerijpt\n*Met weidemelk\n*Korst niet eetbaar",
    "brand": "BONI",
    "seoBrand": "Boni Selection",
    "thumbNail": "https://static.colruytgroup.com/images/200x200/std.lang.all/77/93/asset-3127793.jpg",
    "fullImage": "https://static.colruytgroup.com/images/500x500/std.lang.all/77/93/asset-3127793.jpg",
    "squareImage": "https://static.colruytgroup.com/images/500x500sq/std.lang.all/77/93/asset-3127793.jpg",
    "content": "±1,2kg",
    "walkRouteSequenceNumber": 5658,
    "price": {
      "basicPrice": 11,
      "recommendedQuantity": "1.2",
      "unit": "K",
      "measurementUnitPrice": 11,
      "measurementUnit": "K",
      "isRedPrice": false,
      "pricePerUOM": 11,
      "activationDate": "15-02-2024",
      "recordSource": "Offline",
      "isPromoActive": "N",
      "priceChangeCode": "L"
    },
    "isAvailable": true,
    "isPriceAvailable": true,
    "inPromo": false,
    "gtin": [
      "95400141440082",
      "95400141332806",
      "05400141440089",
      "05400141332803",
      "05400141117875",
      "05400141121025"
    ],
    "topCategoryName": "Zuivel",
    "topCategoryId": "65",
    "businessDomain": "RETAIL_BE",
    "IsPrivateLabel": true,
    "IsBiffe": false,
    "WeightconversionFactor": "1200",
    "IsWeightArticle": true,
    "nutriscoreLabel": "C",
    "IsBio": false,
    "CountryOfOrigin": "NEDERLAND",
    "IsExclusivelySoldInLuxembourg": false,
    "OrderUnit": "P",
    "ShortName": "HC BONI GOUD.JO.BL1K2W",
    "IsNew": false,
    "EcoscoreLabel": "B",
    "RecentQuanityOfStockUnits": "1",
    "LongName": "BONI gouda jong blok ±1,2kg",
    "AlcoholVolume": "0",
    "FicCode": "I",
    "EcoscoreValue": "63"
  },
  {
    "productId": "533508",
    "technicalArticleNumber": "4126586",
    "commercialArticleNumber": "9338",
    "name": "Emmental sneden",
    "description": "*Oorspr.: Duitsland\n*Foliegerijpte\nEmmentaler 3 maanden\n*Vegetarisch",
    "brand": "BONI BIO",
    "seoBrand": "Boni Selection Bio",
    "thumbNail": "https://static.colruytgroup.com/images/200x200/std.lang.all/46/00/asset-2714600.jpg",
    "fullImage": "https://static.colruytgroup.com/images/500x500/std.lang.all/46/00/asset-2714600.jpg",
    "squareImage": "https://static.colruytgroup.com/images/500x500sq/std.lang.all/46/00/asset-2714600.jpg",
    "content": "250g",
    "walkRouteSequenceNumber": 6247,
    "price": {
      "basicPrice": 3.65,
      "recommendedQuantity": "1.0",
      "measurementUnitPrice": 14.6,
      "measurementUnit": "K",
      "isRedPrice": false,
      "pricePerUOM": 14.6,
      "activationDate": "10-01-2024",
      "isPromoActive": "N",
      "priceChangeCode": "H"
    },
    "isAvailable": true,
    "isPriceAvailable": true,
    "inPromo": false,
    "gtin": [
      "05400141300314",
      "25400141804236",
      "05400141804232"
    ],
    "topCategoryName": "Zuivel",
    "topCategoryId": "65",
    "businessDomain": "RETAIL_BE",
    "IsPrivateLabel": true,
    "IsBiffe": false,
    "WeightconversionFactor": "0",
    "IsWeightArticle": false,
    "nutriscoreLabel": "C",
    "IsBio": true,
    "CountryOfOrigin": "DUITSLAND",
    "IsExclusivelySoldInLuxembourg": false,
    "OrderUnit": "P",
    "ShortName": "BS BIO EMMENT.SN 250G",
    "IsNew": false,
    "EcoscoreLabel": "B",
    "RecentQuanityOfStockUnits": "1",
    "LongName": "BONI BIO Emmental sneden 250g",
    "FicCode": "I",
    "EcoscoreValue": "71"
  },
  {
    "productId": "679816",
    "technicalArticleNumber": "4398001",
    "commercialArticleNumber": "24543",
    "name": "abdijkaas rode kruiden blokjes",
    "description": "*Abdijkaas met\nrode kruiden\n*Belgisch",
    "brand": "BONI",
    "seoBrand": "Boni Selection",
    "thumbNail": "https://static.colruytgroup.com/images/200x200/std.lang.all/13/66/asset-3261366.jpg",
    "fullImage": "https://static.colruytgroup.com/images/500x500/std.lang.all/13/66/asset-3261366.jpg",
    "squareImage": "https://static.colruytgroup.com/images/500x500sq/std.lang.all/13/66/asset-3261366.jpg",
    "content": "175g",
    "walkRouteSequenceNumber": 5605,
    "price": {
      "basicPrice": 2.89,
      "recommendedQuantity": "1.0",
      "measurementUnitPrice": 16.52,
      "measurementUnit": "K",
      "isRedPrice": false,
      "pricePerUOM": 16.52,
      "activationDate": "16-03-2024",
      "recordSource": "Offline",
      "isPromoActive": "N",
      "priceChangeCode": "H"
    },
    "isAvailable": true,
    "isPriceAvailable": true,
    "inPromo": false,
    "gtin": [
      "05400141699173"
    ],
    "topCategoryName": "Zuivel",
    "topCategoryId": "65",
    "businessDomain": "RETAIL_BE",
    "IsPrivateLabel": true,
    "IsBiffe": false,
    "WeightconversionFactor": "0",
    "IsWeightArticle": false,
    "nutriscoreLabel": "C",
    "IsBio": false,
    "CountryOfOrigin": "BELGIË",
    "IsExclusivelySoldInLuxembourg": false,
    "OrderUnit": "P",
    "ShortName": "BONI ABDK.ROD.KRUID175G",
    "IsNew": false,
    "EcoscoreLabel": "C",
    "RecentQuanityOfStockUnits": "1",
    "LongName": "BONI abdijkaas rode kruiden blokjes 175g",
    "FicCode": "I",
    "EcoscoreValue": "58"
  },
  {
    "productId": "67238",
    "technicalArticleNumber": "2828601",
    "commercialArticleNumber": "14098",
    "name": "kaas halfhard blok",
    "description": "*België\n*Halfharde kaas\n*Rijk, verfijnd\n*O.b.v. gepast. melk",
    "brand": "RUBENS",
    "seoBrand": "Rubens",
    "thumbNail": "https://static.colruytgroup.com/images/200x200/std.lang.all/98/02/asset-2829802.jpg",
    "fullImage": "https://static.colruytgroup.com/images/500x500/std.lang.all/98/02/asset-2829802.jpg",
    "squareImage": "https://static.colruytgroup.com/images/500x500sq/std.lang.all/98/02/asset-2829802.jpg",
    "content": "±260g",
    "walkRouteSequenceNumber": 5156,
    "price": {
      "basicPrice": 23,
      "recommendedQuantity": "0.2",
      "unit": "K",
      "measurementUnitPrice": 23,
      "measurementUnit": "K",
      "isRedPrice": false,
      "pricePerUOM": 23,
      "activationDate": "13-03-2024",
      "isPromoActive": "Y",
      "priceChangeCode": "H"
    },
    "isAvailable": true,
    "isPriceAvailable": true,
    "inPromo": true,
    "promotion": [
      {
        "techPromoId": "100910COLR",
        "promotionId": "100910",
        "promotionType": "3",
        "isPersonalized": "N",
        "publicationStartDate": "13-03-2024",
        "publicationEndDate": "26-03-2024"
      }
    ],
    "gtin": [
      "05400141334586",
      "05413362340908",
      "95413362345043",
      "95400141446671",
      "05400141405934",
      "95400141405937",
      "95413362340956",
      "95400141334589",
      "95413362345050",
      "05400141446678"
    ],
    "topCategoryName": "Zuivel",
    "topCategoryId": "65",
    "businessDomain": "RETAIL_BE",
    "IsPrivateLabel": false,
    "IsBiffe": false,
    "WeightconversionFactor": "260",
    "IsWeightArticle": true,
    "nutriscoreLabel": "D",
    "IsBio": false,
    "CountryOfOrigin": "BELGIË",
    "IsExclusivelySoldInLuxembourg": false,
    "OrderUnit": "P",
    "ShortName": "RUBENS KAAS +-260GW",
    "IsNew": false,
    "RecentQuanityOfStockUnits": "1",
    "LongName": "RUBENS kaas halfhard blok ±260g",
    "AlcoholVolume": "0",
    "FicCode": "E"
  },
  {
    "productId": "22829",
    "technicalArticleNumber": "1955079",
    "commercialArticleNumber": "6193",
    "name": "dessert karamel",
    "description": "*België\n*Plantaardig alter-\nnatief voor verse\ndesserten",
    "brand": "ALPRO",
    "seoBrand": "Alpro",
    "thumbNail": "https://static.colruytgroup.com/images/200x200/std.lang.all/64/07/asset-2376407.jpg",
    "fullImage": "https://static.colruytgroup.com/images/500x500/std.lang.all/64/07/asset-2376407.jpg",
    "squareImage": "https://static.colruytgroup.com/images/500x500sq/std.lang.all/64/07/asset-2376407.jpg",
    "content": "4x125g",
    "walkRouteSequenceNumber": 6312,
    "price": {
      "basicPrice": 2.99,
      "recommendedQuantity": "1.0",
      "measurementUnitPrice": 5.98,
      "measurementUnit": "K",
      "isRedPrice": false,
      "pricePerUOM": 5.98,
      "activationDate": "07-03-2024",
      "recordSource": "Offline",
      "isPromoActive": "N",
      "priceChangeCode": "H"
    },
    "isAvailable": true,
    "isPriceAvailable": true,
    "inPromo": false,
    "gtin": [
      "05411188300229",
      "05411188094180",
      "05411188094173",
      "00000054051133",
      "05411188128151"
    ],
    "topCategoryName": "Zuivel",
    "topCategoryId": "65",
    "businessDomain": "RETAIL_BE",
    "IsPrivateLabel": false,
    "IsBiffe": false,
    "WeightconversionFactor": "0",
    "IsWeightArticle": false,
    "nutriscoreLabel": "B",
    "IsBio": false,
    "CountryOfOrigin": "BELGIË",
    "IsExclusivelySoldInLuxembourg": false,
    "OrderUnit": "P",
    "ShortName": "ALPRO DES CARAM 4X125G",
    "IsNew": false,
    "EcoscoreLabel": "A",
    "RecentQuanityOfStockUnits": "1,6",
    "LongName": "ALPRO dessert karamel 4x125g",
    "AlcoholVolume": "0",
    "FicCode": "E",
    "EcoscoreValue": "88"
  },
  {
    "productId": "638406",
    "technicalArticleNumber": "4329752",
    "commercialArticleNumber": "7341",
    "name": "kaas sneetjes Caractère",
    "description": "*België\n*Halfharde kaas\n*Luchtig,pittig\n*Natuurgerijpt",
    "brand": "PASSENDALE",
    "seoBrand": "Passendale",
    "thumbNail": "https://static.colruytgroup.com/images/200x200/std.lang.all/50/51/asset-2245051.jpg",
    "fullImage": "https://static.colruytgroup.com/images/500x500/std.lang.all/50/51/asset-2245051.jpg",
    "squareImage": "https://static.colruytgroup.com/images/500x500sq/std.lang.all/50/51/asset-2245051.jpg",
    "content": "300g",
    "walkRouteSequenceNumber": 6208,
    "price": {
      "basicPrice": 6.84,
      "recommendedQuantity": "1.0",
      "measurementUnitPrice": 22.8,
      "measurementUnit": "K",
      "isRedPrice": false,
      "pricePerUOM": 22.8,
      "activationDate": "13-03-2024",
      "recordSource": "Offline",
      "isPromoActive": "N",
      "priceChangeCode": "H"
    },
    "isAvailable": true,
    "isPriceAvailable": true,
    "inPromo": true,
    "promotion": [
      {
        "techPromoId": "100847COLR",
        "promotionId": "100847",
        "promotionType": "3",
        "isPersonalized": "N",
        "publicationStartDate": "13-03-2024",
        "publicationEndDate": "26-03-2024"
      }
    ],
    "gtin": [
      "05410942172300",
      "05410942172317"
    ],
    "topCategoryName": "Zuivel",
    "topCategoryId": "65",
    "businessDomain": "RETAIL_BE",
    "IsPrivateLabel": false,
    "IsBiffe": false,
    "WeightconversionFactor": "0",
    "IsWeightArticle": false,
    "nutriscoreLabel": "D",
    "IsBio": false,
    "CountryOfOrigin": "BELGIË",
    "IsExclusivelySoldInLuxembourg": false,
    "OrderUnit": "P",
    "ShortName": "PASSE.CARACT.SNEET.300G",
    "IsNew": false,
    "RecentQuanityOfStockUnits": "1",
    "LongName": "PASSENDALE kaas sneetjes Caractère 300g",
    "FicCode": "E"
  },
  {
    "productId": "303883",
    "technicalArticleNumber": "3704605",
    "commercialArticleNumber": "13810",
    "name": "Carré Frais natuur",
    "description": "*Frankrijk\n*Verse kaas\n*Gezouten\n*Gepas. melk",
    "brand": "ELLE & VIRE",
    "seoBrand": "Elle & Vire",
    "thumbNail": "https://static.colruytgroup.com/images/200x200/std.lang.all/61/28/asset-1376128.jpg",
    "fullImage": "https://static.colruytgroup.com/images/500x500/std.lang.all/61/28/asset-1376128.jpg",
    "squareImage": "https://static.colruytgroup.com/images/500x500sq/std.lang.all/61/28/asset-1376128.jpg",
    "content": "8x25g",
    "walkRouteSequenceNumber": 4892,
    "price": {
      "basicPrice": 4.19,
      "recommendedQuantity": "1.0",
      "measurementUnitPrice": 20.95,
      "measurementUnit": "K",
      "isRedPrice": false,
      "pricePerUOM": 20.95,
      "activationDate": "16-02-2024",
      "recordSource": "Offline",
      "isPromoActive": "N",
      "priceChangeCode": "H"
    },
    "isAvailable": true,
    "isPriceAvailable": true,
    "inPromo": false,
    "gtin": [
      "13480341001104",
      "03480341001091"
    ],
    "topCategoryName": "Zuivel",
    "topCategoryId": "65",
    "businessDomain": "RETAIL_BE",
    "IsPrivateLabel": false,
    "IsBiffe": false,
    "WeightconversionFactor": "0",
    "IsWeightArticle": false,
    "nutriscoreLabel": "D",
    "IsBio": false,
    "CountryOfOrigin": "FRANKRIJK",
    "IsExclusivelySoldInLuxembourg": false,
    "OrderUnit": "P",
    "ShortName": "CARRE FRAIS 8X25G",
    "IsNew": false,
    "RecentQuanityOfStockUnits": "1",
    "LongName": "ELLE & VIRE Carré Frais natuur 8x25g",
    "AlcoholVolume": "0",
    "FicCode": "E"
  },
  {
    "productId": "91771",
    "technicalArticleNumber": "2853537",
    "commercialArticleNumber": "34004",
    "name": "Comté 15 maanden",
    "description": "*Frankrijk B.O.B.\n*Fruitig,\ngeprononceerd\n*15 maanden gerijpt\n*O.b.v. rauwe melk",
    "brand": "JURAFLORE",
    "seoBrand": "JuraFlore",
    "thumbNail": "https://static.colruytgroup.com/images/200x200/std.lang.all/42/48/asset-2934248.jpg",
    "fullImage": "https://static.colruytgroup.com/images/500x500/std.lang.all/42/48/asset-2934248.jpg",
    "squareImage": "https://static.colruytgroup.com/images/500x500sq/std.lang.all/42/48/asset-2934248.jpg",
    "content": "200g",
    "walkRouteSequenceNumber": 5650,
    "price": {
      "basicPrice": 5.24,
      "recommendedQuantity": "1.0",
      "measurementUnitPrice": 26.2,
      "measurementUnit": "K",
      "isRedPrice": false,
      "pricePerUOM": 26.2,
      "activationDate": "28-02-2024",
      "isPromoActive": "N",
      "priceChangeCode": "H"
    },
    "isAvailable": true,
    "isPriceAvailable": true,
    "inPromo": false,
    "gtin": [
      "93542860692013",
      "03542860692010"
    ],
    "topCategoryName": "Zuivel",
    "topCategoryId": "65",
    "businessDomain": "RETAIL_BE",
    "IsPrivateLabel": false,
    "IsBiffe": false,
    "WeightconversionFactor": "0",
    "IsWeightArticle": false,
    "nutriscoreLabel": "D",
    "IsBio": false,
    "CountryOfOrigin": "BELGIË",
    "IsExclusivelySoldInLuxembourg": false,
    "OrderUnit": "P",
    "ShortName": "COMTE JURAFLORE 15M 200",
    "InSeason": true,
    "IsNew": false,
    "EcoscoreLabel": "D",
    "RecentQuanityOfStockUnits": "1",
    "LongName": "JURAFLORE Comté 15 maanden 200g",
    "AlcoholVolume": "0",
    "StartSeasonDate": "14/06/2022",
    "FicCode": "E",
    "EcoscoreValue": "27"
  },
  {
    "productId": "3988",
    "technicalArticleNumber": "1106560",
    "commercialArticleNumber": "26910",
    "name": "Emmental blok",
    "description": "*Duitsland\n*Halfharde kaas\n*O.b.v biologische,\ngepast. melk",
    "brand": "BONI BIO",
    "seoBrand": "Boni Selection Bio",
    "thumbNail": "https://static.colruytgroup.com/images/200x200/std.lang.all/51/21/asset-2245121.jpg",
    "fullImage": "https://static.colruytgroup.com/images/500x500/std.lang.all/51/21/asset-2245121.jpg",
    "squareImage": "https://static.colruytgroup.com/images/500x500sq/std.lang.all/51/21/asset-2245121.jpg",
    "content": "±400g",
    "walkRouteSequenceNumber": 5659,
    "price": {
      "basicPrice": 12.9,
      "recommendedQuantity": "0.4",
      "unit": "K",
      "measurementUnitPrice": 12.9,
      "measurementUnit": "K",
      "isRedPrice": false,
      "pricePerUOM": 12.9,
      "activationDate": "31-01-2024",
      "recordSource": "Offline",
      "isPromoActive": "N",
      "priceChangeCode": "H"
    },
    "isAvailable": true,
    "isPriceAvailable": true,
    "inPromo": false,
    "gtin": [
      "05400141115864",
      "05400141269109",
      "95400141354976",
      "95400141269102",
      "95400141806239",
      "05400141268447",
      "95400141369109",
      "05400141806236",
      "05400141354973"
    ],
    "topCategoryName": "Zuivel",
    "topCategoryId": "65",
    "businessDomain": "RETAIL_BE",
    "IsPrivateLabel": true,
    "IsBiffe": false,
    "WeightconversionFactor": "400",
    "IsWeightArticle": true,
    "nutriscoreLabel": "C",
    "IsBio": true,
    "CountryOfOrigin": "OOSTENRIJK",
    "IsExclusivelySoldInLuxembourg": false,
    "OrderUnit": "P",
    "ShortName": "BS BIO EMMENT BL+-400GW",
    "IsNew": false,
    "EcoscoreLabel": "B",
    "RecentQuanityOfStockUnits": "1",
    "LongName": "BONI BIO Emmental blok ±400g",
    "AlcoholVolume": "0",
    "FicCode": "I",
    "EcoscoreValue": "72"
  },
  {
    "productId": "221124",
    "technicalArticleNumber": "3486659",
    "commercialArticleNumber": "30834",
    "name": "drinkyogh.aardb.",
    "description": "*Drinkyoghurt\n*Aardbei",
    "brand": "YOPLAIT MINI YOP",
    "seoBrand": "Yoplait Mini Yop",
    "thumbNail": "https://static.colruytgroup.com/images/200x200/std.lang.all/22/73/asset-2402273.jpg",
    "fullImage": "https://static.colruytgroup.com/images/500x500/std.lang.all/22/73/asset-2402273.jpg",
    "squareImage": "https://static.colruytgroup.com/images/500x500sq/std.lang.all/22/73/asset-2402273.jpg",
    "content": "8x100g",
    "walkRouteSequenceNumber": 5744,
    "price": {
      "basicPrice": 3.29,
      "recommendedQuantity": "1.0",
      "measurementUnitPrice": 4.12,
      "measurementUnit": "K",
      "isRedPrice": false,
      "pricePerUOM": 4.12,
      "activationDate": "21-03-2024",
      "recordSource": "Folder",
      "isPromoActive": "N",
      "priceChangeCode": "L"
    },
    "isAvailable": true,
    "isPriceAvailable": true,
    "inPromo": false,
    "gtin": [
      "03329770071841",
      "03329771103398",
      "03329770048706"
    ],
    "topCategoryName": "Zuivel",
    "topCategoryId": "65",
    "businessDomain": "RETAIL_BE",
    "IsPrivateLabel": false,
    "IsBiffe": false,
    "WeightconversionFactor": "0",
    "IsWeightArticle": false,
    "nutriscoreLabel": "B",
    "IsBio": false,
    "CountryOfOrigin": "FRANKRIJK",
    "IsExclusivelySoldInLuxembourg": false,
    "OrderUnit": "P",
    "ShortName": "MINI YOP AARDBEI 8X100G",
    "IsNew": false,
    "EcoscoreLabel": "B",
    "RecentQuanityOfStockUnits": "1",
    "LongName": "YOPLAIT MINI YOP drinkyogh.aardb. 8x100g",
    "AlcoholVolume": "0",
    "FicCode": "E",
    "EcoscoreValue": "67"
  },
  {
    "productId": "661717",
    "technicalArticleNumber": "4367682",
    "commercialArticleNumber": "24143",
    "name": "Greek Style natuur z.s.",
    "description": "*Plantaardig\nalternatief\nvoor yoghurt",
    "brand": "ALPRO",
    "seoBrand": "Alpro",
    "thumbNail": "https://static.colruytgroup.com/images/200x200/std.lang.all/37/76/asset-3373776.jpg",
    "fullImage": "https://static.colruytgroup.com/images/500x500/std.lang.all/37/76/asset-3373776.jpg",
    "squareImage": "https://static.colruytgroup.com/images/500x500sq/std.lang.all/37/76/asset-3373776.jpg",
    "content": "400g",
    "walkRouteSequenceNumber": 5848,
    "price": {
      "basicPrice": 2.59,
      "recommendedQuantity": "1.0",
      "measurementUnitPrice": 6.48,
      "measurementUnit": "K",
      "isRedPrice": false,
      "pricePerUOM": 6.48,
      "activationDate": "13-03-2024",
      "isPromoActive": "N",
      "priceChangeCode": "H"
    },
    "isAvailable": true,
    "isPriceAvailable": true,
    "inPromo": false,
    "gtin": [
      "05411188128588",
      "05411188128595"
    ],
    "topCategoryName": "Zuivel",
    "topCategoryId": "65",
    "businessDomain": "RETAIL_BE",
    "IsPrivateLabel": false,
    "IsBiffe": false,
    "WeightconversionFactor": "0",
    "IsWeightArticle": false,
    "nutriscoreLabel": "A",
    "IsBio": false,
    "CountryOfOrigin": "BELGIË",
    "IsExclusivelySoldInLuxembourg": false,
    "OrderUnit": "P",
    "ShortName": "ALPRO NAT.UNSWEET 400G",
    "IsNew": false,
    "EcoscoreLabel": "A",
    "RecentQuanityOfStockUnits": "1,6",
    "LongName": "ALPRO Greek Style natuur z.s. 400g",
    "FicCode": "E",
    "EcoscoreValue": "88"
  },
  {
    "productId": "386024",
    "technicalArticleNumber": "3839175",
    "commercialArticleNumber": "21176",
    "name": "aardbei 0%",
    "description": "*Extra bevorderend\nvoor de darmflora",
    "brand": "ACTIMEL",
    "seoBrand": "Actimel",
    "thumbNail": "https://static.colruytgroup.com/images/200x200/std.lang.all/27/89/asset-3362789.jpg",
    "fullImage": "https://static.colruytgroup.com/images/500x500/std.lang.all/27/89/asset-3362789.jpg",
    "squareImage": "https://static.colruytgroup.com/images/500x500sq/std.lang.all/27/89/asset-3362789.jpg",
    "content": "8x100g",
    "walkRouteSequenceNumber": 5696,
    "price": {
      "basicPrice": 4.99,
      "recommendedQuantity": "1.0",
      "measurementUnitPrice": 6.24,
      "measurementUnit": "K",
      "isRedPrice": false,
      "pricePerUOM": 6.24,
      "activationDate": "05-03-2024",
      "recordSource": "Offline",
      "isPromoActive": "N",
      "priceChangeCode": "E"
    },
    "isAvailable": true,
    "isPriceAvailable": true,
    "inPromo": false,
    "gtin": [
      "15410146417310",
      "05410146417313"
    ],
    "topCategoryName": "Zuivel",
    "topCategoryId": "65",
    "businessDomain": "RETAIL_BE",
    "IsPrivateLabel": false,
    "IsBiffe": false,
    "WeightconversionFactor": "0",
    "IsWeightArticle": false,
    "nutriscoreLabel": "A",
    "IsBio": false,
    "CountryOfOrigin": "BELGIË",
    "IsExclusivelySoldInLuxembourg": false,
    "OrderUnit": "P",
    "ShortName": "DANO ACT.AARDB0% 8X100G",
    "IsNew": false,
    "EcoscoreLabel": "B",
    "RecentQuanityOfStockUnits": "1",
    "LongName": "ACTIMEL aardbei 0% 8x100g",
    "AlcoholVolume": "0",
    "FicCode": "E",
    "EcoscoreValue": "67"
  },
  {
    "productId": "18597",
    "technicalArticleNumber": "1734180",
    "commercialArticleNumber": "33477",
    "name": "remoudou herve",
    "description": "*België B.O.B.\n*Zachte kaas\n*Oranje-gele korst\n*Rijk, smeuïg, romig",
    "brand": "L'EXQUIS",
    "seoBrand": "L'Exquis",
    "thumbNail": "https://static.colruytgroup.com/images/200x200/std.lang.all/90/07/asset-3289007.jpg",
    "fullImage": "https://static.colruytgroup.com/images/500x500/std.lang.all/90/07/asset-3289007.jpg",
    "squareImage": "https://static.colruytgroup.com/images/500x500sq/std.lang.all/90/07/asset-3289007.jpg",
    "content": "200g",
    "walkRouteSequenceNumber": 5130,
    "price": {
      "basicPrice": 4.49,
      "recommendedQuantity": "1.0",
      "measurementUnitPrice": 22.45,
      "measurementUnit": "K",
      "isRedPrice": false,
      "pricePerUOM": 22.45,
      "activationDate": "02-01-2024",
      "recordSource": "Offline",
      "isPromoActive": "N",
      "priceChangeCode": "E"
    },
    "isAvailable": true,
    "isPriceAvailable": true,
    "inPromo": false,
    "gtin": [
      "05411021004901",
      "15411021004908"
    ],
    "topCategoryName": "Zuivel",
    "topCategoryId": "65",
    "businessDomain": "RETAIL_BE",
    "IsPrivateLabel": false,
    "IsBiffe": false,
    "WeightconversionFactor": "0",
    "IsWeightArticle": false,
    "nutriscoreLabel": "D",
    "IsBio": false,
    "CountryOfOrigin": "BELGIË",
    "IsExclusivelySoldInLuxembourg": false,
    "OrderUnit": "P",
    "ShortName": "HERVE REMOUDOU 200GR",
    "IsNew": false,
    "EcoscoreLabel": "B",
    "RecentQuanityOfStockUnits": "1",
    "LongName": "L'EXQUIS remoudou herve 200g",
    "AlcoholVolume": "0",
    "FicCode": "E",
    "EcoscoreValue": "68"
  },
  {
    "productId": "727551",
    "technicalArticleNumber": "4483073",
    "commercialArticleNumber": "18399",
    "name": "AOP",
    "description": "*AOP\n*Zachte kaas\n*Frankrijk",
    "brand": "BRIE DE MEAUX",
    "seoBrand": "Brie De Meaux",
    "thumbNail": "https://static.colruytgroup.com/images/200x200/std.lang.all/82/66/asset-2628266.jpg",
    "fullImage": "https://static.colruytgroup.com/images/500x500/std.lang.all/82/66/asset-2628266.jpg",
    "squareImage": "https://static.colruytgroup.com/images/500x500sq/std.lang.all/82/66/asset-2628266.jpg",
    "content": "±250g",
    "walkRouteSequenceNumber": 4930,
    "price": {
      "basicPrice": 19.9,
      "recommendedQuantity": "0.2",
      "unit": "K",
      "measurementUnitPrice": 19.9,
      "measurementUnit": "K",
      "isRedPrice": false,
      "pricePerUOM": 19.9,
      "activationDate": "26-10-2023",
      "recordSource": "Offline",
      "isPromoActive": "N",
      "priceChangeCode": "L"
    },
    "isAvailable": true,
    "isPriceAvailable": true,
    "inPromo": false,
    "gtin": [
      "93060920704266",
      "03060920704263"
    ],
    "topCategoryName": "Zuivel",
    "topCategoryId": "65",
    "businessDomain": "RETAIL_BE",
    "IsPrivateLabel": false,
    "IsBiffe": false,
    "WeightconversionFactor": "250",
    "IsWeightArticle": true,
    "IsBio": false,
    "CountryOfOrigin": "FRANKRIJK",
    "IsExclusivelySoldInLuxembourg": false,
    "OrderUnit": "P",
    "ShortName": "BRIE DE MEAUX +-250G W",
    "IsNew": false,
    "RecentQuanityOfStockUnits": "1",
    "LongName": "BRIE DE MEAUX AOP ±250g",
    "FicCode": "E"
  },
  {
    "productId": "14938",
    "technicalArticleNumber": "1444196",
    "commercialArticleNumber": "26862",
    "name": "lookboter",
    "description": "*Vetgehalte: 62 %",
    "brand": "BONI",
    "seoBrand": "Boni Selection",
    "thumbNail": "https://static.colruytgroup.com/images/200x200/std.lang.all/87/29/asset-3208729.jpg",
    "fullImage": "https://static.colruytgroup.com/images/500x500/std.lang.all/87/29/asset-3208729.jpg",
    "squareImage": "https://static.colruytgroup.com/images/500x500sq/std.lang.all/87/29/asset-3208729.jpg",
    "content": "125g",
    "walkRouteSequenceNumber": 6070,
    "price": {
      "basicPrice": 2.49,
      "recommendedQuantity": "1.0",
      "measurementUnitPrice": 19.92,
      "measurementUnit": "K",
      "isRedPrice": false,
      "pricePerUOM": 19.92,
      "activationDate": "10-02-2024",
      "isPromoActive": "N",
      "priceChangeCode": "H"
    },
    "isAvailable": true,
    "isPriceAvailable": true,
    "inPromo": false,
    "gtin": [
      "05400141070781",
      "05400141070651",
      "15400141239437",
      "05400141239430",
      "05400141143157",
      "15400141986423"
    ],
    "topCategoryName": "Zuivel",
    "topCategoryId": "65",
    "businessDomain": "RETAIL_BE",
    "IsPrivateLabel": true,
    "IsBiffe": false,
    "WeightconversionFactor": "0",
    "IsWeightArticle": false,
    "nutriscoreLabel": "E",
    "IsBio": false,
    "CountryOfOrigin": "DUITSLAND",
    "IsExclusivelySoldInLuxembourg": false,
    "OrderUnit": "P",
    "ShortName": "BONI LOOKBOTER 125G",
    "InSeason": true,
    "IsNew": false,
    "EcoscoreLabel": "C",
    "RecentQuanityOfStockUnits": "1,8",
    "LongName": "BONI lookboter 125g",
    "AlcoholVolume": "0",
    "StartSeasonDate": "17/04/2012",
    "FicCode": "I",
    "EcoscoreValue": "43"
  },
  {
    "productId": "51096",
    "technicalArticleNumber": "2194107",
    "commercialArticleNumber": "35975",
    "name": "roomdessert chocolade",
    "brand": "DANETTE",
    "seoBrand": "Danone Danette",
    "thumbNail": "https://static.colruytgroup.com/images/200x200/std.lang.all/66/77/asset-3376677.jpg",
    "fullImage": "https://static.colruytgroup.com/images/500x500/std.lang.all/66/77/asset-3376677.jpg",
    "squareImage": "https://static.colruytgroup.com/images/500x500sq/std.lang.all/66/77/asset-3376677.jpg",
    "content": "8x125g",
    "walkRouteSequenceNumber": 5975,
    "price": {
      "basicPrice": 4.39,
      "recommendedQuantity": "1.0",
      "measurementUnitPrice": 4.39,
      "measurementUnit": "K",
      "isRedPrice": false,
      "pricePerUOM": 4.39,
      "activationDate": "16-02-2024",
      "recordSource": "Offline",
      "isPromoActive": "N",
      "priceChangeCode": "H"
    },
    "isAvailable": true,
    "isPriceAvailable": true,
    "inPromo": false,
    "gtin": [
      "03033490165918",
      "33033490165919"
    ],
    "topCategoryName": "Zuivel",
    "topCategoryId": "65",
    "businessDomain": "RETAIL_BE",
    "IsPrivateLabel": false,
    "IsBiffe": false,
    "WeightconversionFactor": "0",
    "IsWeightArticle": false,
    "nutriscoreLabel": "C",
    "IsBio": false,
    "CountryOfOrigin": "FRANKRIJK",
    "IsExclusivelySoldInLuxembourg": false,
    "OrderUnit": "P",
    "ShortName": "DANETTE CHOCOLADE 8X125",
    "InSeason": true,
    "IsNew": false,
    "EcoscoreLabel": "A",
    "RecentQuanityOfStockUnits": "1",
    "LongName": "DANETTE roomdessert chocolade 8x125g",
    "AlcoholVolume": "0",
    "StartSeasonDate": "18/02/2013",
    "FicCode": "E",
    "EcoscoreValue": "90"
  },
  {
    "productId": "57400",
    "technicalArticleNumber": "2348026",
    "commercialArticleNumber": "18964",
    "name": "Magere melk 0%vg PET",
    "description": "*Magere melk\n*België",
    "brand": "CAMPINA",
    "seoBrand": "Campina",
    "thumbNail": "https://static.colruytgroup.com/images/200x200/nl_be/82/40/asset-3388240.jpg",
    "fullImage": "https://static.colruytgroup.com/images/500x500/nl_be/82/40/asset-3388240.jpg",
    "squareImage": "https://static.colruytgroup.com/images/500x500sq/nl_be/82/40/asset-3388240.jpg",
    "content": "50cl",
    "walkRouteSequenceNumber": 6269,
    "price": {
      "basicPrice": 1.23,
      "recommendedQuantity": "6.0",
      "measurementUnitPrice": 2.46,
      "measurementUnit": "L",
      "isRedPrice": false,
      "pricePerUOM": 2.46,
      "activationDate": "02-02-2024",
      "recordSource": "Offline",
      "isPromoActive": "N",
      "priceChangeCode": "E"
    },
    "isAvailable": true,
    "isPriceAvailable": true,
    "inPromo": false,
    "gtin": [
      "05410438028722",
      "05410438028739",
      "05410438028746",
      "05410438046511"
    ],
    "topCategoryName": "Zuivel",
    "topCategoryId": "65",
    "businessDomain": "RETAIL_BE",
    "IsPrivateLabel": false,
    "IsBiffe": false,
    "WeightconversionFactor": "0",
    "IsWeightArticle": false,
    "nutriscoreLabel": "A",
    "IsBio": false,
    "CountryOfOrigin": "BELGIË",
    "IsExclusivelySoldInLuxembourg": false,
    "OrderUnit": "P",
    "ShortName": "CAMP MAGERE MELK 50CL",
    "InSeason": true,
    "IsNew": false,
    "EcoscoreLabel": "B",
    "RecentQuanityOfStockUnits": "24,6,1",
    "LongName": "CAMPINA Magere melk 0%vg PET 50cl",
    "AlcoholVolume": "0",
    "StartSeasonDate": "22/03/2018",
    "FicCode": "E",
    "EcoscoreValue": "73"
  },
  {
    "productId": "870382",
    "technicalArticleNumber": "4723991",
    "commercialArticleNumber": "22030",
    "name": "Verse kaas Rode Vruchten/Gr.",
    "brand": "DANIO",
    "seoBrand": "Danio",
    "thumbNail": "https://static.colruytgroup.com/images/200x200/std.lang.all/37/84/asset-3373784.jpg",
    "fullImage": "https://static.colruytgroup.com/images/500x500/std.lang.all/37/84/asset-3373784.jpg",
    "squareImage": "https://static.colruytgroup.com/images/500x500sq/std.lang.all/37/84/asset-3373784.jpg",
    "content": "150g",
    "walkRouteSequenceNumber": 5869,
    "price": {
      "basicPrice": 2.12,
      "recommendedQuantity": "1.0",
      "measurementUnitPrice": 14.14,
      "measurementUnit": "K",
      "isRedPrice": false,
      "pricePerUOM": 14.14,
      "activationDate": "22-03-2024",
      "recordSource": "Offline",
      "isPromoActive": "N",
      "priceChangeCode": "L"
    },
    "isAvailable": true,
    "isPriceAvailable": true,
    "inPromo": false,
    "gtin": [
      "05410146421112"
    ],
    "topCategoryName": "Zuivel",
    "topCategoryId": "65",
    "businessDomain": "RETAIL_BE",
    "IsPrivateLabel": false,
    "IsBiffe": false,
    "WeightconversionFactor": "0",
    "IsWeightArticle": false,
    "nutriscoreLabel": "B",
    "IsBio": false,
    "CountryOfOrigin": "FRANKRIJK",
    "IsExclusivelySoldInLuxembourg": false,
    "OrderUnit": "P",
    "ShortName": "DANI KAAS R.VR./GR.150G",
    "IsNew": false,
    "EcoscoreLabel": "D",
    "RecentQuanityOfStockUnits": "1",
    "LongName": "DANIO Verse kaas Rode Vruchten/Gr. 150g",
    "FicCode": "E",
    "EcoscoreValue": "39"
  },
  {
    "productId": "103665",
    "technicalArticleNumber": "3116214",
    "commercialArticleNumber": "22805",
    "name": "romige kaas La Brique",
    "description": "*Frankrijk\n*Zachte kaas\n*Witschimmelkorst\n*O.b.v. gepast. melk",
    "brand": "PRÉSIDENT",
    "seoBrand": "Président",
    "thumbNail": "https://static.colruytgroup.com/images/200x200/std.lang.all/50/43/asset-375043.jpg",
    "fullImage": "https://static.colruytgroup.com/images/500x500/std.lang.all/50/43/asset-375043.jpg",
    "squareImage": "https://static.colruytgroup.com/images/500x500sq/std.lang.all/50/43/asset-375043.jpg",
    "content": "220g",
    "walkRouteSequenceNumber": 4904,
    "price": {
      "basicPrice": 4.75,
      "recommendedQuantity": "1.0",
      "measurementUnitPrice": 21.6,
      "measurementUnit": "K",
      "isRedPrice": false,
      "pricePerUOM": 21.6,
      "activationDate": "02-01-2024",
      "recordSource": "Offline",
      "isPromoActive": "N",
      "priceChangeCode": "E"
    },
    "isAvailable": true,
    "isPriceAvailable": true,
    "inPromo": false,
    "gtin": [
      "03228023130000",
      "03228025132736"
    ],
    "topCategoryName": "Zuivel",
    "topCategoryId": "65",
    "businessDomain": "RETAIL_BE",
    "IsPrivateLabel": false,
    "IsBiffe": false,
    "WeightconversionFactor": "0",
    "IsWeightArticle": false,
    "nutriscoreLabel": "D",
    "IsBio": false,
    "CountryOfOrigin": "FRANKRIJK",
    "IsExclusivelySoldInLuxembourg": false,
    "OrderUnit": "P",
    "ShortName": "PRESIDENT LA BRIQUE220G",
    "IsNew": false,
    "EcoscoreLabel": "D",
    "RecentQuanityOfStockUnits": "1",
    "LongName": "PRÉSIDENT romige kaas La Brique 220g",
    "AlcoholVolume": "0",
    "FicCode": "E",
    "EcoscoreValue": "30"
  },
  {
    "productId": "871466",
    "technicalArticleNumber": "4725398",
    "commercialArticleNumber": "9693",
    "name": "Lasagnebladen",
    "brand": "BONI",
    "seoBrand": "Boni Selection",
    "thumbNail": "https://static.colruytgroup.com/images/200x200/std.lang.all/74/68/asset-3337468.jpg",
    "fullImage": "https://static.colruytgroup.com/images/500x500/std.lang.all/74/68/asset-3337468.jpg",
    "squareImage": "https://static.colruytgroup.com/images/500x500sq/std.lang.all/74/68/asset-3337468.jpg",
    "content": "250g",
    "walkRouteSequenceNumber": 7532,
    "price": {
      "basicPrice": 2.49,
      "recommendedQuantity": "1.0",
      "measurementUnitPrice": 9.96,
      "measurementUnit": "K",
      "isRedPrice": false,
      "pricePerUOM": 9.96,
      "activationDate": "13-03-2024",
      "isPromoActive": "N",
      "priceChangeCode": "H"
    },
    "isAvailable": true,
    "isPriceAvailable": true,
    "inPromo": false,
    "gtin": [
      "05400141626247"
    ],
    "topCategoryName": "Bereidingen/Charcuterie/Vis/Veggie",
    "topCategoryId": "105",
    "businessDomain": "RETAIL_BE",
    "IsPrivateLabel": true,
    "IsBiffe": false,
    "WeightconversionFactor": "0",
    "IsWeightArticle": false,
    "nutriscoreLabel": "A",
    "IsBio": false,
    "CountryOfOrigin": "ITALIË",
    "IsExclusivelySoldInLuxembourg": false,
    "OrderUnit": "P",
    "ShortName": "BONI LASAGNEBLADEN 250G",
    "IsNew": false,
    "EcoscoreLabel": "B",
    "RecentQuanityOfStockUnits": "1,8",
    "LongName": "BONI Lasagnebladen 250g",
    "FicCode": "I",
    "EcoscoreValue": "62"
  },
  {
    "productId": "637760",
    "technicalArticleNumber": "4328734",
    "commercialArticleNumber": "1514",
    "name": "UB melkerijboter gezouten",
    "description": "*Melkerijboter\n*Vetgehalte: 80 %\n*Gezouten\n*Belgisch",
    "brand": "ECONOM",
    "seoBrand": "Econom",
    "thumbNail": "https://static.colruytgroup.com/images/200x200/std.lang.all/04/04/asset-2500404.jpg",
    "fullImage": "https://static.colruytgroup.com/images/500x500/std.lang.all/04/04/asset-2500404.jpg",
    "squareImage": "https://static.colruytgroup.com/images/500x500sq/std.lang.all/04/04/asset-2500404.jpg",
    "content": "1kg",
    "walkRouteSequenceNumber": 6158,
    "price": {
      "basicPrice": 7.99,
      "recommendedQuantity": "1.0",
      "measurementUnitPrice": 7.99,
      "measurementUnit": "K",
      "isRedPrice": false,
      "pricePerUOM": 7.99,
      "activationDate": "22-03-2024",
      "recordSource": "Offline",
      "isPromoActive": "N",
      "priceChangeCode": "E"
    },
    "isAvailable": true,
    "isPriceAvailable": true,
    "inPromo": false,
    "gtin": [
      "15400141716396",
      "05400141716399"
    ],
    "topCategoryName": "Zuivel",
    "topCategoryId": "65",
    "businessDomain": "RETAIL_BE",
    "IsPrivateLabel": true,
    "IsBiffe": false,
    "WeightconversionFactor": "0",
    "IsWeightArticle": false,
    "nutriscoreLabel": "E",
    "IsBio": false,
    "CountryOfOrigin": "BELGIË",
    "IsExclusivelySoldInLuxembourg": false,
    "OrderUnit": "P",
    "ShortName": "HC ECON MELKBOTER GEZ1K",
    "IsNew": false,
    "EcoscoreLabel": "E",
    "RecentQuanityOfStockUnits": "1,10",
    "LongName": "ECONOM UB melkerijboter gezouten 1kg",
    "FicCode": "I",
    "EcoscoreValue": "19"
  },
  {
    "productId": "820549",
    "technicalArticleNumber": "4653843",
    "commercialArticleNumber": "15802",
    "name": "pudding vanille",
    "brand": "DANONE HIPRO",
    "seoBrand": "Danone Hipro",
    "thumbNail": "https://static.colruytgroup.com/images/200x200/std.lang.all/37/80/asset-3373780.jpg",
    "fullImage": "https://static.colruytgroup.com/images/500x500/std.lang.all/37/80/asset-3373780.jpg",
    "squareImage": "https://static.colruytgroup.com/images/500x500sq/std.lang.all/37/80/asset-3373780.jpg",
    "content": "200g",
    "walkRouteSequenceNumber": 5951,
    "price": {
      "basicPrice": 1.99,
      "recommendedQuantity": "1.0",
      "measurementUnitPrice": 9.95,
      "measurementUnit": "K",
      "isRedPrice": false,
      "pricePerUOM": 9.95,
      "activationDate": "15-03-2024",
      "recordSource": "Offline",
      "isPromoActive": "N",
      "priceChangeCode": "L"
    },
    "isAvailable": true,
    "isPriceAvailable": true,
    "inPromo": false,
    "gtin": [
      "15410146420785",
      "05410146420788"
    ],
    "topCategoryName": "Zuivel",
    "topCategoryId": "65",
    "businessDomain": "RETAIL_BE",
    "IsPrivateLabel": false,
    "IsBiffe": false,
    "WeightconversionFactor": "0",
    "IsWeightArticle": false,
    "nutriscoreLabel": "A",
    "IsBio": false,
    "CountryOfOrigin": "SPANJE",
    "IsExclusivelySoldInLuxembourg": false,
    "OrderUnit": "P",
    "ShortName": "DANO HIP.PUDDING VAN200",
    "IsNew": false,
    "EcoscoreLabel": "A",
    "RecentQuanityOfStockUnits": "1,6",
    "LongName": "DANONE HIPRO pudding vanille 200g",
    "FicCode": "E",
    "EcoscoreValue": "98"
  },
  {
    "productId": "738668",
    "technicalArticleNumber": "4501799",
    "commercialArticleNumber": "9150",
    "name": "plantaardige cocos yoghurt",
    "brand": "BONI",
    "seoBrand": "Boni Selection",
    "thumbNail": "https://static.colruytgroup.com/images/200x200/std.lang.all/72/74/asset-3307274.jpg",
    "fullImage": "https://static.colruytgroup.com/images/500x500/std.lang.all/72/74/asset-3307274.jpg",
    "squareImage": "https://static.colruytgroup.com/images/500x500sq/std.lang.all/72/74/asset-3307274.jpg",
    "content": "400g",
    "walkRouteSequenceNumber": 5856,
    "price": {
      "basicPrice": 1.99,
      "recommendedQuantity": "1.0",
      "measurementUnitPrice": 4.98,
      "measurementUnit": "K",
      "isRedPrice": false,
      "pricePerUOM": 4.98,
      "activationDate": "19-03-2024",
      "recordSource": "Online",
      "isPromoActive": "N",
      "priceChangeCode": "E"
    },
    "isAvailable": true,
    "isPriceAvailable": true,
    "inPromo": false,
    "gtin": [
      "15400141834205",
      "05400141834208"
    ],
    "topCategoryName": "Zuivel",
    "topCategoryId": "65",
    "businessDomain": "RETAIL_BE",
    "IsPrivateLabel": true,
    "IsBiffe": false,
    "WeightconversionFactor": "0",
    "IsWeightArticle": false,
    "nutriscoreLabel": "C",
    "IsBio": false,
    "CountryOfOrigin": "FRANKRIJK",
    "IsExclusivelySoldInLuxembourg": false,
    "OrderUnit": "P",
    "ShortName": "BONI PLANT COCO YOG400G",
    "IsNew": false,
    "EcoscoreLabel": "B",
    "RecentQuanityOfStockUnits": "6,1",
    "LongName": "BONI plantaardige cocos yoghurt 400g",
    "FicCode": "I",
    "EcoscoreValue": "79"
  },
  {
    "productId": "538590",
    "technicalArticleNumber": "4135579",
    "commercialArticleNumber": "9548",
    "name": "rijstpap",
    "description": "*Vanillesmaak",
    "brand": "BONI",
    "seoBrand": "Boni Selection",
    "thumbNail": "https://static.colruytgroup.com/images/200x200/std.lang.all/72/72/asset-3307272.jpg",
    "fullImage": "https://static.colruytgroup.com/images/500x500/std.lang.all/72/72/asset-3307272.jpg",
    "squareImage": "https://static.colruytgroup.com/images/500x500sq/std.lang.all/72/72/asset-3307272.jpg",
    "content": "500g",
    "walkRouteSequenceNumber": 5984,
    "price": {
      "basicPrice": 1.59,
      "recommendedQuantity": "1.0",
      "measurementUnitPrice": 3.18,
      "measurementUnit": "K",
      "isRedPrice": false,
      "pricePerUOM": 3.18,
      "activationDate": "26-02-2024",
      "recordSource": "Offline",
      "isPromoActive": "N",
      "priceChangeCode": "E"
    },
    "isAvailable": true,
    "isPriceAvailable": true,
    "inPromo": false,
    "gtin": [
      "05400141300895",
      "15400141300892"
    ],
    "topCategoryName": "Zuivel",
    "topCategoryId": "65",
    "businessDomain": "RETAIL_BE",
    "IsPrivateLabel": true,
    "IsBiffe": false,
    "WeightconversionFactor": "0",
    "IsWeightArticle": false,
    "nutriscoreLabel": "C",
    "IsBio": false,
    "CountryOfOrigin": "BELGIË",
    "IsExclusivelySoldInLuxembourg": false,
    "OrderUnit": "P",
    "ShortName": "BONI RIJSTPAP 500G",
    "IsNew": false,
    "EcoscoreLabel": "A",
    "RecentQuanityOfStockUnits": "1,6",
    "LongName": "BONI rijstpap 500g",
    "FicCode": "I",
    "EcoscoreValue": "86"
  },
  {
    "productId": "822920",
    "technicalArticleNumber": "4658273",
    "commercialArticleNumber": "29749",
    "name": "Pudding Choco",
    "description": "*Melkdessert\ngearomatiseerd\nmet chocoladesmaak,\nmet zoetstoffen",
    "brand": "DANONE HIPRO",
    "seoBrand": "Danone Hipro",
    "thumbNail": "https://static.colruytgroup.com/images/200x200/std.lang.all/66/37/asset-3376637.jpg",
    "fullImage": "https://static.colruytgroup.com/images/500x500/std.lang.all/66/37/asset-3376637.jpg",
    "squareImage": "https://static.colruytgroup.com/images/500x500sq/std.lang.all/66/37/asset-3376637.jpg",
    "content": "200g",
    "walkRouteSequenceNumber": 5949,
    "price": {
      "basicPrice": 2.19,
      "recommendedQuantity": "1.0",
      "measurementUnitPrice": 10.95,
      "measurementUnit": "K",
      "isRedPrice": false,
      "pricePerUOM": 10.95,
      "activationDate": "21-03-2024",
      "recordSource": "Offline",
      "isPromoActive": "N",
      "priceChangeCode": "H"
    },
    "isAvailable": true,
    "isPriceAvailable": true,
    "inPromo": false,
    "gtin": [
      "05410146420795",
      "15410146420792"
    ],
    "topCategoryName": "Zuivel",
    "topCategoryId": "65",
    "businessDomain": "RETAIL_BE",
    "IsPrivateLabel": false,
    "IsBiffe": false,
    "WeightconversionFactor": "0",
    "IsWeightArticle": false,
    "nutriscoreLabel": "A",
    "IsBio": false,
    "CountryOfOrigin": "SPANJE",
    "IsExclusivelySoldInLuxembourg": false,
    "OrderUnit": "P",
    "ShortName": "DANO HIPR.PUDD.CHOC200G",
    "IsNew": false,
    "EcoscoreLabel": "A",
    "RecentQuanityOfStockUnits": "1",
    "LongName": "DANONE HIPRO Pudding Choco 200g",
    "FicCode": "E",
    "EcoscoreValue": "89"
  },
  {
    "productId": "606633",
    "technicalArticleNumber": "4277353",
    "commercialArticleNumber": "23166",
    "name": "yoghurt bosbes 0%",
    "description": "*0% vet en verrijkt\nmet vitamine D",
    "brand": "DANONE HIPRO",
    "seoBrand": "Danone Hipro",
    "thumbNail": "https://static.colruytgroup.com/images/200x200/std.lang.all/37/72/asset-3373772.jpg",
    "fullImage": "https://static.colruytgroup.com/images/500x500/std.lang.all/37/72/asset-3373772.jpg",
    "squareImage": "https://static.colruytgroup.com/images/500x500sq/std.lang.all/37/72/asset-3373772.jpg",
    "content": "2x160g",
    "walkRouteSequenceNumber": 5802,
    "price": {
      "basicPrice": 2.99,
      "recommendedQuantity": "1.0",
      "measurementUnitPrice": 9.35,
      "measurementUnit": "K",
      "isRedPrice": false,
      "pricePerUOM": 9.35,
      "activationDate": "20-02-2024",
      "recordSource": "Offline",
      "isPromoActive": "N",
      "priceChangeCode": "E"
    },
    "isAvailable": true,
    "isPriceAvailable": true,
    "inPromo": true,
    "promotion": [
      {
        "techPromoId": "100946COLR",
        "promotionId": "100946",
        "promotionType": "3",
        "isPersonalized": "N",
        "publicationStartDate": "13-03-2024",
        "publicationEndDate": "26-03-2024"
      }
    ],
    "gtin": [
      "33033491482954",
      "03033491482953",
      "05410146419577"
    ],
    "topCategoryName": "Zuivel",
    "topCategoryId": "65",
    "businessDomain": "RETAIL_BE",
    "IsPrivateLabel": false,
    "IsBiffe": false,
    "WeightconversionFactor": "0",
    "IsWeightArticle": false,
    "nutriscoreLabel": "A",
    "IsBio": false,
    "CountryOfOrigin": "FRANKRIJK",
    "IsExclusivelySoldInLuxembourg": false,
    "OrderUnit": "P",
    "ShortName": "DANO HIPR YO.BOSB2X160G",
    "IsNew": false,
    "EcoscoreLabel": "A",
    "RecentQuanityOfStockUnits": "1",
    "LongName": "DANONE HIPRO yoghurt bosbes 0% 2x160g",
    "FicCode": "E",
    "EcoscoreValue": "92"
  },
  {
    "productId": "606900",
    "technicalArticleNumber": "4277257",
    "commercialArticleNumber": "23145",
    "name": "original",
    "brand": "YAKULT",
    "seoBrand": "Yakult",
    "thumbNail": "https://static.colruytgroup.com/images/200x200/std.lang.all/09/07/asset-3320907.jpg",
    "fullImage": "https://static.colruytgroup.com/images/500x500/std.lang.all/09/07/asset-3320907.jpg",
    "squareImage": "https://static.colruytgroup.com/images/500x500sq/std.lang.all/09/07/asset-3320907.jpg",
    "content": "8x65ml",
    "walkRouteSequenceNumber": 5689,
    "price": {
      "basicPrice": 3.99,
      "recommendedQuantity": "1.0",
      "measurementUnitPrice": 7.68,
      "measurementUnit": "L",
      "isRedPrice": false,
      "pricePerUOM": 7.68,
      "activationDate": "29-11-2023",
      "recordSource": "Offline",
      "isPromoActive": "N",
      "priceChangeCode": "H"
    },
    "isAvailable": true,
    "isPriceAvailable": true,
    "inPromo": false,
    "gtin": [
      "08713108000811",
      "08713108004017"
    ],
    "topCategoryName": "Zuivel",
    "topCategoryId": "65",
    "businessDomain": "RETAIL_BE",
    "IsPrivateLabel": false,
    "IsBiffe": false,
    "WeightconversionFactor": "0",
    "IsWeightArticle": false,
    "nutriscoreLabel": "E",
    "IsBio": false,
    "CountryOfOrigin": "JAPAN",
    "IsExclusivelySoldInLuxembourg": false,
    "OrderUnit": "P",
    "ShortName": "YAKULT ORIGINAL 8X65ML",
    "IsNew": false,
    "EcoscoreLabel": "B",
    "RecentQuanityOfStockUnits": "1,5",
    "LongName": "YAKULT original 8x65ml",
    "FicCode": "E",
    "EcoscoreValue": "70"
  },
  {
    "productId": "35331",
    "technicalArticleNumber": "1862456",
    "commercialArticleNumber": "26777",
    "name": "Grand Cru ext.ger.blok",
    "description": "*België\n*Halfharde kaas\n*Romig, fruitig, vol\n*3 maanden gerijpt",
    "brand": "GRIMBERGEN",
    "seoBrand": "Grimbergen",
    "thumbNail": "https://static.colruytgroup.com/images/200x200/std.lang.all/47/77/asset-2404777.jpg",
    "fullImage": "https://static.colruytgroup.com/images/500x500/std.lang.all/47/77/asset-2404777.jpg",
    "squareImage": "https://static.colruytgroup.com/images/500x500sq/std.lang.all/47/77/asset-2404777.jpg",
    "content": "±425g",
    "walkRouteSequenceNumber": 6179,
    "price": {
      "basicPrice": 16.1,
      "recommendedQuantity": "0.4",
      "unit": "K",
      "measurementUnitPrice": 16.1,
      "measurementUnit": "K",
      "isRedPrice": false,
      "pricePerUOM": 16.1,
      "activationDate": "14-11-2023",
      "isPromoActive": "N",
      "priceChangeCode": "E"
    },
    "isAvailable": true,
    "isPriceAvailable": true,
    "inPromo": true,
    "promotion": [
      {
        "techPromoId": "100850COLR",
        "promotionId": "100850",
        "promotionType": "3",
        "isPersonalized": "N",
        "publicationStartDate": "13-03-2024",
        "publicationEndDate": "26-03-2024"
      }
    ],
    "gtin": [
      "05400141267778",
      "05400141059564",
      "05400141154917",
      "95400141022943",
      "95400141267771",
      "95400141367778"
    ],
    "topCategoryName": "Zuivel",
    "topCategoryId": "65",
    "businessDomain": "RETAIL_BE",
    "IsPrivateLabel": false,
    "IsBiffe": false,
    "WeightconversionFactor": "425",
    "IsWeightArticle": true,
    "nutriscoreLabel": "D",
    "IsBio": false,
    "CountryOfOrigin": "BELGIË",
    "IsExclusivelySoldInLuxembourg": false,
    "OrderUnit": "P",
    "ShortName": "GRIMBERGEN GR.CRU+-425W",
    "IsNew": false,
    "EcoscoreLabel": "C",
    "RecentQuanityOfStockUnits": "1",
    "LongName": "GRIMBERGEN Grand Cru ext.ger.blok ±425g",
    "AlcoholVolume": "0",
    "FicCode": "I",
    "EcoscoreValue": "41"
  },
  {
    "productId": "13578",
    "technicalArticleNumber": "1617310",
    "commercialArticleNumber": "26209",
    "name": "verse kaas choco Pot",
    "description": "*België\n*Verse kaas\n*Mild, met chocolade",
    "brand": "PASCHKA",
    "seoBrand": "Paschka",
    "thumbNail": "https://static.colruytgroup.com/images/200x200/std.lang.all/17/35/asset-2371735.jpg",
    "fullImage": "https://static.colruytgroup.com/images/500x500/std.lang.all/17/35/asset-2371735.jpg",
    "squareImage": "https://static.colruytgroup.com/images/500x500sq/std.lang.all/17/35/asset-2371735.jpg",
    "content": "275g",
    "walkRouteSequenceNumber": 4903,
    "price": {
      "basicPrice": 4.87,
      "recommendedQuantity": "1.0",
      "measurementUnitPrice": 17.71,
      "measurementUnit": "K",
      "isRedPrice": false,
      "pricePerUOM": 17.71,
      "activationDate": "13-03-2024",
      "recordSource": "Offline",
      "isPromoActive": "N",
      "priceChangeCode": "L"
    },
    "isAvailable": true,
    "isPriceAvailable": true,
    "inPromo": false,
    "gtin": [
      "05411022550469",
      "15411022550466",
      "05411022550568"
    ],
    "topCategoryName": "Zuivel",
    "topCategoryId": "65",
    "businessDomain": "RETAIL_BE",
    "IsPrivateLabel": false,
    "IsBiffe": false,
    "WeightconversionFactor": "0",
    "IsWeightArticle": false,
    "nutriscoreLabel": "E",
    "IsBio": false,
    "CountryOfOrigin": "BELGIË",
    "IsExclusivelySoldInLuxembourg": false,
    "OrderUnit": "P",
    "ShortName": "PASCHKA KAAS CHOCO 275G",
    "InSeason": true,
    "IsNew": false,
    "EcoscoreLabel": "A",
    "RecentQuanityOfStockUnits": "1",
    "LongName": "PASCHKA verse kaas choco Pot 275g",
    "AlcoholVolume": "0",
    "StartSeasonDate": "03/07/2009",
    "FicCode": "E",
    "EcoscoreValue": "100"
  },
  {
    "productId": "284601",
    "technicalArticleNumber": "3655963",
    "commercialArticleNumber": "12494",
    "name": "pudd.choc-hazeln top cup",
    "brand": "ZOTT MONTE",
    "seoBrand": "Zott Monte",
    "thumbNail": "https://static.colruytgroup.com/images/200x200/std.lang.all/29/97/asset-1682997.jpg",
    "fullImage": "https://static.colruytgroup.com/images/500x500/std.lang.all/29/97/asset-1682997.jpg",
    "squareImage": "https://static.colruytgroup.com/images/500x500sq/std.lang.all/29/97/asset-1682997.jpg",
    "content": "70g",
    "walkRouteSequenceNumber": 5966,
    "price": {
      "basicPrice": 1.49,
      "recommendedQuantity": "1.0",
      "measurementUnitPrice": 21.29,
      "measurementUnit": "K",
      "isRedPrice": false,
      "pricePerUOM": 21.29,
      "activationDate": "15-11-2023",
      "recordSource": "Offline",
      "isPromoActive": "N",
      "priceChangeCode": "E"
    },
    "isAvailable": true,
    "isPriceAvailable": true,
    "inPromo": false,
    "gtin": [
      "04014500514468",
      "04014500147031"
    ],
    "topCategoryName": "Zuivel",
    "topCategoryId": "65",
    "businessDomain": "RETAIL_BE",
    "IsPrivateLabel": false,
    "IsBiffe": false,
    "WeightconversionFactor": "0",
    "IsWeightArticle": false,
    "nutriscoreLabel": "D",
    "IsBio": false,
    "CountryOfOrigin": "DUITSLAND",
    "IsExclusivelySoldInLuxembourg": false,
    "OrderUnit": "P",
    "ShortName": "ZOTT MONTE TOP CUP 70G",
    "IsNew": false,
    "EcoscoreLabel": "B",
    "RecentQuanityOfStockUnits": "1",
    "LongName": "ZOTT MONTE pudd.choc-hazeln top cup 70g",
    "AlcoholVolume": "0",
    "FicCode": "E",
    "EcoscoreValue": "74"
  },
  {
    "productId": "16356",
    "technicalArticleNumber": "1566569",
    "commercialArticleNumber": "28950",
    "name": "sjalotten & bieslook",
    "description": "* Frankrijk\n* Verse kaas\n* Zacht, romig, fris\n* Met sjalot en bieslook",
    "brand": "BOURSIN",
    "seoBrand": "Boursin",
    "thumbNail": "https://static.colruytgroup.com/images/200x200/std.lang.all/38/11/asset-803811.jpg",
    "fullImage": "https://static.colruytgroup.com/images/500x500/std.lang.all/38/11/asset-803811.jpg",
    "squareImage": "https://static.colruytgroup.com/images/500x500sq/std.lang.all/38/11/asset-803811.jpg",
    "content": "150g",
    "walkRouteSequenceNumber": 4871,
    "price": {
      "basicPrice": 2.79,
      "recommendedQuantity": "1.0",
      "measurementUnitPrice": 18.6,
      "measurementUnit": "K",
      "isRedPrice": false,
      "pricePerUOM": 18.6,
      "activationDate": "13-01-2024",
      "recordSource": "Offline",
      "isPromoActive": "N",
      "priceChangeCode": "L"
    },
    "isAvailable": true,
    "isPriceAvailable": true,
    "inPromo": false,
    "gtin": [
      "03175461730081",
      "03175460030083"
    ],
    "topCategoryName": "Zuivel",
    "topCategoryId": "65",
    "businessDomain": "RETAIL_BE",
    "IsPrivateLabel": false,
    "IsBiffe": false,
    "WeightconversionFactor": "0",
    "IsWeightArticle": false,
    "nutriscoreLabel": "D",
    "IsBio": false,
    "CountryOfOrigin": "FRANKRIJK",
    "IsExclusivelySoldInLuxembourg": false,
    "OrderUnit": "P",
    "ShortName": "BOURSIN SJALOT 150GR",
    "IsNew": false,
    "EcoscoreLabel": "B",
    "RecentQuanityOfStockUnits": "1",
    "LongName": "BOURSIN sjalotten & bieslook 150g",
    "AlcoholVolume": "0",
    "FicCode": "E",
    "EcoscoreValue": "67"
  },
  {
    "productId": "783116",
    "technicalArticleNumber": "4582168",
    "commercialArticleNumber": "6806",
    "name": "Brie",
    "description": "*Franse kaas van\ngepasteuriseerde\nmelk",
    "brand": "LE RUSTIQUE",
    "seoBrand": "Le Rustique",
    "thumbNail": "https://static.colruytgroup.com/images/200x200/std.lang.all/22/99/asset-2812299.jpg",
    "fullImage": "https://static.colruytgroup.com/images/500x500/std.lang.all/22/99/asset-2812299.jpg",
    "squareImage": "https://static.colruytgroup.com/images/500x500sq/std.lang.all/22/99/asset-2812299.jpg",
    "content": "200g",
    "walkRouteSequenceNumber": 4927,
    "price": {
      "basicPrice": 3.19,
      "recommendedQuantity": "1.0",
      "measurementUnitPrice": 15.95,
      "measurementUnit": "K",
      "isRedPrice": false,
      "pricePerUOM": 15.95,
      "activationDate": "05-12-2023",
      "recordSource": "Offline",
      "isPromoActive": "N",
      "priceChangeCode": "E"
    },
    "isAvailable": true,
    "isPriceAvailable": true,
    "inPromo": false,
    "gtin": [
      "03176582009964"
    ],
    "topCategoryName": "Zuivel",
    "topCategoryId": "65",
    "businessDomain": "RETAIL_BE",
    "IsPrivateLabel": false,
    "IsBiffe": false,
    "WeightconversionFactor": "0",
    "IsWeightArticle": false,
    "nutriscoreLabel": "D",
    "IsBio": false,
    "CountryOfOrigin": "FRANKRIJK",
    "IsExclusivelySoldInLuxembourg": false,
    "OrderUnit": "P",
    "ShortName": "LE RUSTIQUE BRIE 200G",
    "IsNew": false,
    "RecentQuanityOfStockUnits": "1",
    "LongName": "LE RUSTIQUE Brie 200g",
    "FicCode": "E"
  },
  {
    "productId": "2061",
    "technicalArticleNumber": "26146",
    "commercialArticleNumber": "26146",
    "name": "slagroom gesuikerd 37%vg",
    "description": "* Vetgehalte: 37 %\n* Romige toets in soep, aardappelen\nen nagerechten / saus inkoken /\nslagroom",
    "brand": "DEBIC",
    "seoBrand": "Debic",
    "thumbNail": "https://static.colruytgroup.com/images/200x200/std.lang.all/37/62/asset-1953762.jpg",
    "fullImage": "https://static.colruytgroup.com/images/500x500/std.lang.all/37/62/asset-1953762.jpg",
    "squareImage": "https://static.colruytgroup.com/images/500x500sq/std.lang.all/37/62/asset-1953762.jpg",
    "content": "70cl",
    "walkRouteSequenceNumber": 6017,
    "price": {
      "basicPrice": 9.39,
      "recommendedQuantity": "1.0",
      "measurementUnitPrice": 13.42,
      "measurementUnit": "L",
      "isRedPrice": false,
      "pricePerUOM": 13.42,
      "activationDate": "13-02-2024",
      "recordSource": "Offline",
      "isPromoActive": "N",
      "priceChangeCode": "H"
    },
    "isAvailable": true,
    "isPriceAvailable": true,
    "inPromo": false,
    "gtin": [
      "05410488140351",
      "05410488140368",
      "05410488025245"
    ],
    "topCategoryName": "Zuivel",
    "topCategoryId": "65",
    "businessDomain": "RETAIL_BE",
    "IsPrivateLabel": false,
    "IsBiffe": false,
    "WeightconversionFactor": "0",
    "IsWeightArticle": false,
    "nutriscoreLabel": "E",
    "IsBio": false,
    "CountryOfOrigin": "BELGIË",
    "IsExclusivelySoldInLuxembourg": false,
    "OrderUnit": "P",
    "ShortName": "HC DEBI ROOM DRUK 700ML",
    "IsNew": false,
    "EcoscoreLabel": "B",
    "RecentQuanityOfStockUnits": "6,1",
    "LongName": "DEBIC slagroom gesuikerd 37%vg 70cl",
    "AlcoholVolume": "0",
    "FicCode": "E",
    "EcoscoreValue": "78"
  },
  {
    "productId": "265658",
    "technicalArticleNumber": "3646270",
    "commercialArticleNumber": "31070",
    "name": "geitenkaas honing",
    "description": "*Frankrijk\n*Geitenkaas\n*Zacht, fris\n*Met honing",
    "brand": "BONI",
    "seoBrand": "Boni Selection",
    "thumbNail": "https://static.colruytgroup.com/images/200x200/nl_be/19/09/asset-1781909.jpg",
    "fullImage": "https://static.colruytgroup.com/images/500x500/nl_be/19/09/asset-1781909.jpg",
    "squareImage": "https://static.colruytgroup.com/images/500x500sq/nl_be/19/09/asset-1781909.jpg",
    "content": "150g",
    "walkRouteSequenceNumber": 4920,
    "price": {
      "basicPrice": 2.49,
      "recommendedQuantity": "1.0",
      "measurementUnitPrice": 16.6,
      "measurementUnit": "K",
      "isRedPrice": false,
      "pricePerUOM": 16.6,
      "activationDate": "15-03-2024",
      "recordSource": "Offline",
      "isPromoActive": "N",
      "priceChangeCode": "E"
    },
    "isAvailable": true,
    "isPriceAvailable": true,
    "inPromo": false,
    "gtin": [
      "15400141080824",
      "15400141135630",
      "05400141080827",
      "05400141135633",
      "15400141233916"
    ],
    "topCategoryName": "Zuivel",
    "topCategoryId": "65",
    "businessDomain": "RETAIL_BE",
    "IsPrivateLabel": true,
    "IsBiffe": false,
    "WeightconversionFactor": "0",
    "IsWeightArticle": false,
    "nutriscoreLabel": "C",
    "IsBio": false,
    "CountryOfOrigin": "FRANKRIJK",
    "IsExclusivelySoldInLuxembourg": false,
    "OrderUnit": "P",
    "ShortName": "BONI GEITENK.HONING150G",
    "IsNew": false,
    "EcoscoreLabel": "D",
    "RecentQuanityOfStockUnits": "1,12",
    "LongName": "BONI geitenkaas honing 150g",
    "AlcoholVolume": "0",
    "FicCode": "I",
    "EcoscoreValue": "31"
  },
  {
    "productId": "102738",
    "technicalArticleNumber": "3127274",
    "commercialArticleNumber": "3782",
    "name": "aardbei-banaan/peer-perzik",
    "description": "*Plantaardig\nalternatief\nvoor yoghurt\n*Zonder stukjes",
    "brand": "ALPRO",
    "seoBrand": "Alpro",
    "thumbNail": "https://static.colruytgroup.com/images/200x200/std.lang.all/38/30/asset-3373830.jpg",
    "fullImage": "https://static.colruytgroup.com/images/500x500/std.lang.all/38/30/asset-3373830.jpg",
    "squareImage": "https://static.colruytgroup.com/images/500x500sq/std.lang.all/38/30/asset-3373830.jpg",
    "content": "4x125g",
    "walkRouteSequenceNumber": 5859,
    "price": {
      "basicPrice": 3.65,
      "recommendedQuantity": "1.0",
      "measurementUnitPrice": 7.3,
      "measurementUnit": "K",
      "isRedPrice": false,
      "pricePerUOM": 7.3,
      "activationDate": "07-03-2024",
      "recordSource": "Offline",
      "isPromoActive": "N",
      "priceChangeCode": "E"
    },
    "isAvailable": true,
    "isPriceAvailable": true,
    "inPromo": false,
    "gtin": [
      "05411188112662",
      "05411188112655"
    ],
    "topCategoryName": "Zuivel",
    "topCategoryId": "65",
    "businessDomain": "RETAIL_BE",
    "IsPrivateLabel": false,
    "IsBiffe": false,
    "WeightconversionFactor": "0",
    "IsWeightArticle": false,
    "nutriscoreLabel": "A",
    "IsBio": false,
    "CountryOfOrigin": "BELGIË",
    "IsExclusivelySoldInLuxembourg": false,
    "OrderUnit": "P",
    "ShortName": "ALPRO Z STUK4X125G",
    "IsNew": false,
    "EcoscoreLabel": "A",
    "RecentQuanityOfStockUnits": "1,6",
    "LongName": "ALPRO aardbei-banaan/peer-perzik 4x125g",
    "AlcoholVolume": "0",
    "FicCode": "E",
    "EcoscoreValue": "88"
  },
  {
    "productId": "53393",
    "technicalArticleNumber": "2409579",
    "commercialArticleNumber": "17073",
    "name": "Pasta 3kazen geraspt",
    "description": "*Finland\n*Geraspte kaas\n*Emmental, cheddar\nen talligiano",
    "brand": "VACHE BLEUE",
    "seoBrand": "Vache Bleue",
    "thumbNail": "https://static.colruytgroup.com/images/200x200/std.lang.all/47/31/asset-3204731.jpg",
    "fullImage": "https://static.colruytgroup.com/images/500x500/std.lang.all/47/31/asset-3204731.jpg",
    "squareImage": "https://static.colruytgroup.com/images/500x500sq/std.lang.all/47/31/asset-3204731.jpg",
    "content": "250g",
    "walkRouteSequenceNumber": 5633,
    "price": {
      "basicPrice": 5.48,
      "recommendedQuantity": "1.0",
      "measurementUnitPrice": 21.92,
      "measurementUnit": "K",
      "isRedPrice": false,
      "pricePerUOM": 21.92,
      "activationDate": "28-02-2024",
      "recordSource": "Offline",
      "isPromoActive": "N",
      "priceChangeCode": "E"
    },
    "isAvailable": true,
    "isPriceAvailable": true,
    "inPromo": false,
    "gtin": [
      "05410298955220",
      "15410298955227",
      "05410298552221"
    ],
    "topCategoryName": "Zuivel",
    "topCategoryId": "65",
    "businessDomain": "RETAIL_BE",
    "IsPrivateLabel": false,
    "IsBiffe": false,
    "WeightconversionFactor": "0",
    "IsWeightArticle": false,
    "nutriscoreLabel": "D",
    "IsBio": false,
    "CountryOfOrigin": "BELGIË",
    "IsExclusivelySoldInLuxembourg": false,
    "OrderUnit": "P",
    "ShortName": "VACHE BLEU PASTA 250GR",
    "IsNew": false,
    "EcoscoreLabel": "D",
    "RecentQuanityOfStockUnits": "1",
    "LongName": "VACHE BLEUE Pasta 3kazen geraspt 250g",
    "AlcoholVolume": "0",
    "FicCode": "E",
    "EcoscoreValue": "27"
  },
  {
    "productId": "64522",
    "technicalArticleNumber": "2779084",
    "commercialArticleNumber": "32672",
    "name": "halfvolle yoghurt aardbei",
    "description": "*Halfvol\n*Aardbeiensmaak",
    "brand": "INEX",
    "seoBrand": "Inex",
    "thumbNail": "https://static.colruytgroup.com/images/200x200/std.lang.all/06/29/asset-2340629.jpg",
    "fullImage": "https://static.colruytgroup.com/images/500x500/std.lang.all/06/29/asset-2340629.jpg",
    "squareImage": "https://static.colruytgroup.com/images/500x500sq/std.lang.all/06/29/asset-2340629.jpg",
    "content": "4x125g",
    "walkRouteSequenceNumber": 5770,
    "price": {
      "basicPrice": 2.39,
      "recommendedQuantity": "1.0",
      "measurementUnitPrice": 4.78,
      "measurementUnit": "K",
      "isRedPrice": false,
      "pricePerUOM": 4.78,
      "activationDate": "14-03-2024",
      "recordSource": "Offline",
      "isPromoActive": "N",
      "priceChangeCode": "E"
    },
    "isAvailable": true,
    "isPriceAvailable": true,
    "inPromo": false,
    "gtin": [
      "00000054025561",
      "15410441025562"
    ],
    "topCategoryName": "Zuivel",
    "topCategoryId": "65",
    "businessDomain": "RETAIL_BE",
    "IsPrivateLabel": false,
    "IsBiffe": false,
    "WeightconversionFactor": "0",
    "IsWeightArticle": false,
    "nutriscoreLabel": "B",
    "IsBio": false,
    "CountryOfOrigin": "BELGIË",
    "IsExclusivelySoldInLuxembourg": false,
    "OrderUnit": "P",
    "ShortName": "INEX YOG.AARDBEI 4X125G",
    "IsNew": false,
    "EcoscoreLabel": "A",
    "RecentQuanityOfStockUnits": "1,6",
    "LongName": "INEX halfvolle yoghurt aardbei 4x125g",
    "AlcoholVolume": "0",
    "FicCode": "E",
    "EcoscoreValue": "95"
  },
  {
    "productId": "2186",
    "technicalArticleNumber": "26532",
    "commercialArticleNumber": "26532",
    "name": "kaas blauwschimmel",
    "description": "*Frankrijk A.O.P.\n*Blauwgeaderde kaas\n*Kruidig, pikant\n*Gepasteuriseerde\nkoemelk",
    "brand": "BLEU D'AUVERGNE",
    "seoBrand": "Bleu d'Auvergne",
    "thumbNail": "https://static.colruytgroup.com/images/200x200/std.lang.all/62/98/asset-376298.jpg",
    "fullImage": "https://static.colruytgroup.com/images/500x500/std.lang.all/62/98/asset-376298.jpg",
    "squareImage": "https://static.colruytgroup.com/images/500x500sq/std.lang.all/62/98/asset-376298.jpg",
    "content": "125g",
    "walkRouteSequenceNumber": 5194,
    "price": {
      "basicPrice": 1.59,
      "recommendedQuantity": "1.0",
      "measurementUnitPrice": 12.72,
      "measurementUnit": "K",
      "isRedPrice": false,
      "pricePerUOM": 12.72,
      "activationDate": "14-11-2023",
      "recordSource": "Offline",
      "isPromoActive": "N",
      "priceChangeCode": "E"
    },
    "isAvailable": true,
    "isPriceAvailable": true,
    "inPromo": false,
    "gtin": [
      "03274012778968",
      "03274012789681",
      "03492845197248"
    ],
    "topCategoryName": "Zuivel",
    "topCategoryId": "65",
    "businessDomain": "RETAIL_BE",
    "IsPrivateLabel": false,
    "IsBiffe": false,
    "WeightconversionFactor": "0",
    "IsWeightArticle": false,
    "IsBio": false,
    "CountryOfOrigin": "FRANKRIJK",
    "IsExclusivelySoldInLuxembourg": false,
    "OrderUnit": "P",
    "ShortName": "BLEU AUVERGNE AOP 125GR",
    "IsNew": false,
    "RecentQuanityOfStockUnits": "1",
    "LongName": "BLEU D'AUVERGNE kaas blauwschimmel 125g",
    "AlcoholVolume": "0",
    "FicCode": "E"
  },
  {
    "productId": "689866",
    "technicalArticleNumber": "4415754",
    "commercialArticleNumber": "15469",
    "name": "duo dessert choc/vanil",
    "description": "*Duo dessert\nvanille-chocolade",
    "brand": "VAN HENGELO",
    "seoBrand": "Van Hengelo",
    "thumbNail": "https://static.colruytgroup.com/images/200x200/std.lang.all/67/26/asset-2976726.jpg",
    "fullImage": "https://static.colruytgroup.com/images/500x500/std.lang.all/67/26/asset-2976726.jpg",
    "squareImage": "https://static.colruytgroup.com/images/500x500sq/std.lang.all/67/26/asset-2976726.jpg",
    "content": "450g",
    "walkRouteSequenceNumber": 5960,
    "price": {
      "basicPrice": 1.79,
      "recommendedQuantity": "1.0",
      "measurementUnitPrice": 3.98,
      "measurementUnit": "K",
      "isRedPrice": false,
      "pricePerUOM": 3.98,
      "activationDate": "14-11-2023",
      "isPromoActive": "N",
      "priceChangeCode": "E"
    },
    "isAvailable": true,
    "isPriceAvailable": true,
    "inPromo": false,
    "gtin": [
      "08711399020716",
      "08711399020709"
    ],
    "topCategoryName": "Zuivel",
    "topCategoryId": "65",
    "businessDomain": "RETAIL_BE",
    "IsPrivateLabel": false,
    "IsBiffe": false,
    "WeightconversionFactor": "0",
    "IsWeightArticle": false,
    "nutriscoreLabel": "C",
    "IsBio": false,
    "CountryOfOrigin": "NEDERLAND",
    "IsExclusivelySoldInLuxembourg": false,
    "OrderUnit": "P",
    "ShortName": "VAHE DUO DES.CH/VAN450G",
    "IsNew": false,
    "EcoscoreLabel": "B",
    "RecentQuanityOfStockUnits": "1,6",
    "LongName": "VAN HENGELO duo dessert choc/vanil 450g",
    "FicCode": "E",
    "EcoscoreValue": "63"
  },
  {
    "productId": "2156",
    "technicalArticleNumber": "26917",
    "commercialArticleNumber": "26917",
    "name": "cheddar jong blok",
    "description": "*Halfharde kaas\n*Microbieel stremsel\n\n*O.b.v. gepast. melk",
    "brand": "BONI",
    "seoBrand": "Boni Selection",
    "thumbNail": "https://static.colruytgroup.com/images/200x200/std.lang.all/77/95/asset-3127795.jpg",
    "fullImage": "https://static.colruytgroup.com/images/500x500/std.lang.all/77/95/asset-3127795.jpg",
    "squareImage": "https://static.colruytgroup.com/images/500x500sq/std.lang.all/77/95/asset-3127795.jpg",
    "content": "225g",
    "walkRouteSequenceNumber": 5648,
    "price": {
      "basicPrice": 7.96,
      "recommendedQuantity": "0.1",
      "unit": "K",
      "measurementUnitPrice": 7.96,
      "measurementUnit": "K",
      "isRedPrice": false,
      "pricePerUOM": 7.96,
      "activationDate": "21-03-2024",
      "recordSource": "Offline",
      "isPromoActive": "N",
      "priceChangeCode": "L"
    },
    "isAvailable": true,
    "isPriceAvailable": true,
    "inPromo": false,
    "gtin": [
      "95400141367259",
      "95400141992673",
      "05400141992670",
      "05400141041484",
      "05400141128925",
      "05400141367256"
    ],
    "topCategoryName": "Zuivel",
    "topCategoryId": "65",
    "businessDomain": "RETAIL_BE",
    "IsPrivateLabel": true,
    "IsBiffe": false,
    "WeightconversionFactor": "225",
    "IsWeightArticle": true,
    "nutriscoreLabel": "C",
    "IsBio": false,
    "CountryOfOrigin": "IERLAND",
    "IsExclusivelySoldInLuxembourg": false,
    "OrderUnit": "P",
    "ShortName": "BONI CHEDDAR BL.+-225GW",
    "IsNew": false,
    "EcoscoreLabel": "C",
    "RecentQuanityOfStockUnits": "1",
    "LongName": "BONI cheddar jong blok 225g",
    "AlcoholVolume": "0",
    "FicCode": "I",
    "EcoscoreValue": "43"
  },
  {
    "productId": "336593",
    "technicalArticleNumber": "3805844",
    "commercialArticleNumber": "21003",
    "name": "kers",
    "description": "*Plantaardig\nalternatief\nvoor yoghurt",
    "brand": "ALPRO",
    "seoBrand": "Alpro",
    "thumbNail": "https://static.colruytgroup.com/images/200x200/std.lang.all/37/66/asset-3373766.jpg",
    "fullImage": "https://static.colruytgroup.com/images/500x500/std.lang.all/37/66/asset-3373766.jpg",
    "squareImage": "https://static.colruytgroup.com/images/500x500sq/std.lang.all/37/66/asset-3373766.jpg",
    "content": "500g",
    "walkRouteSequenceNumber": 5844,
    "price": {
      "basicPrice": 2.99,
      "recommendedQuantity": "1.0",
      "measurementUnitPrice": 5.98,
      "measurementUnit": "K",
      "isRedPrice": false,
      "pricePerUOM": 5.98,
      "activationDate": "13-03-2024",
      "recordSource": "Offline",
      "isPromoActive": "N",
      "priceChangeCode": "H"
    },
    "isAvailable": true,
    "isPriceAvailable": true,
    "inPromo": false,
    "gtin": [
      "05411188111085",
      "05411188111078"
    ],
    "topCategoryName": "Zuivel",
    "topCategoryId": "65",
    "businessDomain": "RETAIL_BE",
    "IsPrivateLabel": false,
    "IsBiffe": false,
    "WeightconversionFactor": "0",
    "IsWeightArticle": false,
    "nutriscoreLabel": "B",
    "IsBio": false,
    "CountryOfOrigin": "BELGIË",
    "IsExclusivelySoldInLuxembourg": false,
    "OrderUnit": "P",
    "ShortName": "ALPR KERS 500G",
    "InSeason": true,
    "IsNew": false,
    "EcoscoreLabel": "A",
    "RecentQuanityOfStockUnits": "1,6",
    "LongName": "ALPRO kers 500g",
    "AlcoholVolume": "0",
    "StartSeasonDate": "02/10/2019",
    "FicCode": "E",
    "EcoscoreValue": "87"
  },
  {
    "productId": "870408",
    "technicalArticleNumber": "4724023",
    "commercialArticleNumber": "22481",
    "name": "Verse kaas exotisch fruit",
    "brand": "DANIO",
    "seoBrand": "Danio",
    "thumbNail": "https://static.colruytgroup.com/images/200x200/std.lang.all/37/85/asset-3373785.jpg",
    "fullImage": "https://static.colruytgroup.com/images/500x500/std.lang.all/37/85/asset-3373785.jpg",
    "squareImage": "https://static.colruytgroup.com/images/500x500sq/std.lang.all/37/85/asset-3373785.jpg",
    "content": "165g",
    "walkRouteSequenceNumber": 5887,
    "price": {
      "basicPrice": 1.39,
      "recommendedQuantity": "1.0",
      "measurementUnitPrice": 8.43,
      "measurementUnit": "K",
      "isRedPrice": false,
      "pricePerUOM": 8.43,
      "activationDate": "18-12-2023",
      "recordSource": "Offline",
      "isPromoActive": "N",
      "priceChangeCode": "E"
    },
    "isAvailable": true,
    "isPriceAvailable": true,
    "inPromo": false,
    "gtin": [
      "05410146421044"
    ],
    "topCategoryName": "Zuivel",
    "topCategoryId": "65",
    "businessDomain": "RETAIL_BE",
    "IsPrivateLabel": false,
    "IsBiffe": false,
    "WeightconversionFactor": "0",
    "IsWeightArticle": false,
    "nutriscoreLabel": "B",
    "IsBio": false,
    "CountryOfOrigin": "FRANKRIJK",
    "IsExclusivelySoldInLuxembourg": false,
    "OrderUnit": "P",
    "ShortName": "DANI KAAS EXOTISCH 165G",
    "IsNew": false,
    "EcoscoreLabel": "D",
    "RecentQuanityOfStockUnits": "1",
    "LongName": "DANIO Verse kaas exotisch fruit 165g",
    "FicCode": "E",
    "EcoscoreValue": "39"
  },
  {
    "productId": "870390",
    "technicalArticleNumber": "4723999",
    "commercialArticleNumber": "22033",
    "name": "Verse kaas aardbei",
    "brand": "DANIO",
    "seoBrand": "Danio",
    "thumbNail": "https://static.colruytgroup.com/images/200x200/std.lang.all/38/47/asset-3373847.jpg",
    "fullImage": "https://static.colruytgroup.com/images/500x500/std.lang.all/38/47/asset-3373847.jpg",
    "squareImage": "https://static.colruytgroup.com/images/500x500sq/std.lang.all/38/47/asset-3373847.jpg",
    "content": "165g",
    "walkRouteSequenceNumber": 5885,
    "price": {
      "basicPrice": 1.39,
      "recommendedQuantity": "1.0",
      "measurementUnitPrice": 8.43,
      "measurementUnit": "K",
      "isRedPrice": false,
      "pricePerUOM": 8.43,
      "activationDate": "13-03-2024",
      "recordSource": "Offline",
      "isPromoActive": "N",
      "priceChangeCode": "E"
    },
    "isAvailable": true,
    "isPriceAvailable": true,
    "inPromo": false,
    "gtin": [
      "05410146421020"
    ],
    "topCategoryName": "Zuivel",
    "topCategoryId": "65",
    "businessDomain": "RETAIL_BE",
    "IsPrivateLabel": false,
    "IsBiffe": false,
    "WeightconversionFactor": "0",
    "IsWeightArticle": false,
    "nutriscoreLabel": "B",
    "IsBio": false,
    "CountryOfOrigin": "FRANKRIJK",
    "IsExclusivelySoldInLuxembourg": false,
    "OrderUnit": "P",
    "ShortName": "DANI V.KAAS AARDBEI165G",
    "IsNew": false,
    "EcoscoreLabel": "B",
    "RecentQuanityOfStockUnits": "1",
    "LongName": "DANIO Verse kaas aardbei 165g",
    "FicCode": "E",
    "EcoscoreValue": "72"
  },
  {
    "productId": "16990",
    "technicalArticleNumber": "1455320",
    "commercialArticleNumber": "28569",
    "name": "yoghurt natuur",
    "description": "*Vol\n*Extra bevorderend\nvoor de darmflora",
    "brand": "ACTIVIA",
    "seoBrand": "Danone Activia",
    "thumbNail": "https://static.colruytgroup.com/images/200x200/std.lang.all/03/64/asset-3320364.jpg",
    "fullImage": "https://static.colruytgroup.com/images/500x500/std.lang.all/03/64/asset-3320364.jpg",
    "squareImage": "https://static.colruytgroup.com/images/500x500sq/std.lang.all/03/64/asset-3320364.jpg",
    "content": "8x125g",
    "walkRouteSequenceNumber": 5728,
    "price": {
      "basicPrice": 3,
      "recommendedQuantity": "1.0",
      "measurementUnitPrice": 3,
      "measurementUnit": "K",
      "isRedPrice": false,
      "pricePerUOM": 3,
      "activationDate": "18-03-2024",
      "recordSource": "Folder",
      "isPromoActive": "N",
      "priceChangeCode": "L"
    },
    "isAvailable": true,
    "isPriceAvailable": true,
    "inPromo": false,
    "gtin": [
      "15410146416009",
      "05410146416002"
    ],
    "topCategoryName": "Zuivel",
    "topCategoryId": "65",
    "businessDomain": "RETAIL_BE",
    "IsPrivateLabel": false,
    "IsBiffe": false,
    "WeightconversionFactor": "0",
    "IsWeightArticle": false,
    "nutriscoreLabel": "B",
    "IsBio": false,
    "CountryOfOrigin": "FRANKRIJK",
    "IsExclusivelySoldInLuxembourg": false,
    "OrderUnit": "P",
    "ShortName": "DANO ACTIV NAT. 8X125G",
    "IsNew": false,
    "EcoscoreLabel": "A",
    "RecentQuanityOfStockUnits": "1",
    "LongName": "ACTIVIA yoghurt natuur 8x125g",
    "AlcoholVolume": "0",
    "FicCode": "E",
    "EcoscoreValue": "97"
  },
  {
    "productId": "612850",
    "technicalArticleNumber": "4286801",
    "commercialArticleNumber": "23181",
    "name": "Oud Kubus",
    "description": "*België\n*Op basis\nvan weidezuivel\n*Oud",
    "brand": "BRUGGE",
    "seoBrand": "Brugge",
    "thumbNail": "https://static.colruytgroup.com/images/200x200/std.lang.all/18/94/asset-2371894.jpg",
    "fullImage": "https://static.colruytgroup.com/images/500x500/std.lang.all/18/94/asset-2371894.jpg",
    "squareImage": "https://static.colruytgroup.com/images/500x500sq/std.lang.all/18/94/asset-2371894.jpg",
    "content": "200g",
    "walkRouteSequenceNumber": 5599,
    "price": {
      "basicPrice": 6.22,
      "recommendedQuantity": "1.0",
      "measurementUnitPrice": 31.1,
      "measurementUnit": "K",
      "isRedPrice": false,
      "pricePerUOM": 31.1,
      "activationDate": "02-03-2024",
      "recordSource": "Offline",
      "isPromoActive": "N",
      "priceChangeCode": "E"
    },
    "isAvailable": true,
    "isPriceAvailable": true,
    "inPromo": false,
    "gtin": [
      "05400141415469"
    ],
    "topCategoryName": "Zuivel",
    "topCategoryId": "65",
    "businessDomain": "RETAIL_BE",
    "IsPrivateLabel": false,
    "IsBiffe": false,
    "WeightconversionFactor": "0",
    "IsWeightArticle": false,
    "nutriscoreLabel": "D",
    "IsBio": false,
    "CountryOfOrigin": "BELGIË",
    "IsExclusivelySoldInLuxembourg": false,
    "OrderUnit": "P",
    "ShortName": "BRUG OUD KUBUS 200G",
    "InSeason": true,
    "IsNew": false,
    "EcoscoreLabel": "B",
    "RecentQuanityOfStockUnits": "1",
    "LongName": "BRUGGE Oud Kubus 200g",
    "StartSeasonDate": "19/01/2021",
    "FicCode": "I",
    "EcoscoreValue": "66"
  },
  {
    "productId": "529230",
    "technicalArticleNumber": "4118896",
    "commercialArticleNumber": "5212",
    "name": "Cheddar jong sneetjes",
    "description": "*Vegetarisch\n*Halfharde kaas\n*Mild\n\n*O.b.v. gepast. melk",
    "brand": "BONI",
    "seoBrand": "Boni Selection",
    "thumbNail": "https://static.colruytgroup.com/images/200x200/std.lang.all/77/98/asset-3127798.jpg",
    "fullImage": "https://static.colruytgroup.com/images/500x500/std.lang.all/77/98/asset-3127798.jpg",
    "squareImage": "https://static.colruytgroup.com/images/500x500sq/std.lang.all/77/98/asset-3127798.jpg",
    "content": "200g",
    "walkRouteSequenceNumber": 6235,
    "price": {
      "basicPrice": 3.43,
      "recommendedQuantity": "1.0",
      "quantityPrice": 1.72,
      "quantityPriceQuantity": "2.0",
      "measurementUnitPrice": 17.15,
      "measurementUnitQuantityPrice": 8.6,
      "measurementUnit": "K",
      "isRedPrice": false,
      "pricePerUOM": 17.15,
      "activationDate": "20-03-2024",
      "recordSource": "Offline",
      "isPromoActive": "N",
      "priceChangeCode": "E",
      "quantityPricePerUOM": 8.6,
      "quantityActivationDate": "20-03-2024",
      "quantityPriceChangeCode": "L"
    },
    "isAvailable": true,
    "isPriceAvailable": true,
    "inPromo": false,
    "gtin": [
      "05400141297386",
      "05400141366921",
      "05400141992342"
    ],
    "topCategoryName": "Zuivel",
    "topCategoryId": "65",
    "businessDomain": "RETAIL_BE",
    "IsPrivateLabel": true,
    "IsBiffe": false,
    "WeightconversionFactor": "0",
    "IsWeightArticle": false,
    "nutriscoreLabel": "C",
    "IsBio": false,
    "CountryOfOrigin": "BELGIË",
    "IsExclusivelySoldInLuxembourg": false,
    "OrderUnit": "P",
    "ShortName": "BONI CHEDDAR SN. 200G",
    "IsNew": false,
    "EcoscoreLabel": "C",
    "RecentQuanityOfStockUnits": "1",
    "LongName": "BONI Cheddar jong sneetjes 200g",
    "FicCode": "I",
    "EcoscoreValue": "43"
  },
  {
    "productId": "681995",
    "technicalArticleNumber": "4401692",
    "commercialArticleNumber": "24651",
    "name": "maasdammer sneetjes",
    "description": "*Vegetarisch\n*O.b.v. gepasteu-\nriseerde melk",
    "brand": "BONI",
    "seoBrand": "Boni Selection",
    "thumbNail": "https://static.colruytgroup.com/images/200x200/std.lang.all/78/03/asset-3127803.jpg",
    "fullImage": "https://static.colruytgroup.com/images/500x500/std.lang.all/78/03/asset-3127803.jpg",
    "squareImage": "https://static.colruytgroup.com/images/500x500sq/std.lang.all/78/03/asset-3127803.jpg",
    "content": "300g",
    "walkRouteSequenceNumber": 6248,
    "price": {
      "basicPrice": 3.28,
      "recommendedQuantity": "1.0",
      "quantityPrice": 1.79,
      "quantityPriceQuantity": "2.0",
      "measurementUnitPrice": 10.94,
      "measurementUnitQuantityPrice": 5.97,
      "measurementUnit": "K",
      "isRedPrice": false,
      "pricePerUOM": 10.94,
      "activationDate": "20-03-2024",
      "recordSource": "Offline",
      "isPromoActive": "N",
      "priceChangeCode": "E",
      "quantityPricePerUOM": 5.97,
      "quantityActivationDate": "20-03-2024",
      "quantityPriceChangeCode": "E"
    },
    "isAvailable": true,
    "isPriceAvailable": true,
    "inPromo": false,
    "gtin": [
      "05400141728187"
    ],
    "topCategoryName": "Zuivel",
    "topCategoryId": "65",
    "businessDomain": "RETAIL_BE",
    "IsPrivateLabel": true,
    "IsBiffe": false,
    "WeightconversionFactor": "0",
    "IsWeightArticle": false,
    "nutriscoreLabel": "C",
    "IsBio": false,
    "CountryOfOrigin": "BELGIË",
    "IsExclusivelySoldInLuxembourg": false,
    "OrderUnit": "P",
    "ShortName": "BONI MAASDAMMER SN.300G",
    "IsNew": false,
    "EcoscoreLabel": "B",
    "RecentQuanityOfStockUnits": "1",
    "LongName": "BONI maasdammer sneetjes 300g",
    "FicCode": "I",
    "EcoscoreValue": "60"
  },
  {
    "productId": "838024",
    "technicalArticleNumber": "4680680",
    "commercialArticleNumber": "30434",
    "name": "Magere yoghurt Skyr aardbei",
    "description": "*Magere yohurt\n*Skyr\n*Aardbei",
    "brand": "ARLA",
    "seoBrand": "Arla",
    "thumbNail": "https://static.colruytgroup.com/images/200x200/std.lang.all/45/90/asset-3004590.jpg",
    "fullImage": "https://static.colruytgroup.com/images/500x500/std.lang.all/45/90/asset-3004590.jpg",
    "squareImage": "https://static.colruytgroup.com/images/500x500sq/std.lang.all/45/90/asset-3004590.jpg",
    "content": "450g",
    "walkRouteSequenceNumber": 5814,
    "price": {
      "basicPrice": 2.29,
      "recommendedQuantity": "1.0",
      "measurementUnitPrice": 5.09,
      "measurementUnit": "K",
      "isRedPrice": false,
      "pricePerUOM": 5.09,
      "activationDate": "19-03-2024",
      "recordSource": "Offline",
      "isPromoActive": "N",
      "priceChangeCode": "E"
    },
    "isAvailable": true,
    "isPriceAvailable": true,
    "inPromo": false,
    "gtin": [
      "04016241140760",
      "04016241040565"
    ],
    "topCategoryName": "Zuivel",
    "topCategoryId": "65",
    "businessDomain": "RETAIL_BE",
    "IsPrivateLabel": false,
    "IsBiffe": false,
    "WeightconversionFactor": "0",
    "IsWeightArticle": false,
    "nutriscoreLabel": "A",
    "IsBio": false,
    "CountryOfOrigin": "DUITSLAND",
    "IsExclusivelySoldInLuxembourg": false,
    "OrderUnit": "P",
    "ShortName": "ARLA YOGH SKYR AARD450G",
    "IsNew": false,
    "EcoscoreLabel": "B",
    "RecentQuanityOfStockUnits": "6,1",
    "LongName": "ARLA Magere yoghurt Skyr aardbei 450g",
    "FicCode": "E",
    "EcoscoreValue": "72"
  },
  {
    "productId": "237119",
    "technicalArticleNumber": "3548363",
    "commercialArticleNumber": "33653",
    "name": "verse kaas look&f.kruiden",
    "description": "*Frankrijk\n*Verse kaas\n*Romig, fris\n*Met look en kruiden",
    "brand": "BOURSIN",
    "seoBrand": "Boursin",
    "thumbNail": "https://static.colruytgroup.com/images/200x200/std.lang.all/47/79/asset-2084779.jpg",
    "fullImage": "https://static.colruytgroup.com/images/500x500/std.lang.all/47/79/asset-2084779.jpg",
    "squareImage": "https://static.colruytgroup.com/images/500x500sq/std.lang.all/47/79/asset-2084779.jpg",
    "content": "250g",
    "walkRouteSequenceNumber": 4870,
    "price": {
      "basicPrice": 4.65,
      "recommendedQuantity": "1.0",
      "measurementUnitPrice": 18.6,
      "measurementUnit": "K",
      "isRedPrice": false,
      "pricePerUOM": 18.6,
      "activationDate": "02-01-2024",
      "recordSource": "Offline",
      "isPromoActive": "N",
      "priceChangeCode": "E"
    },
    "isAvailable": true,
    "isPriceAvailable": true,
    "inPromo": false,
    "gtin": [
      "03073781069259",
      "03073781069273"
    ],
    "topCategoryName": "Zuivel",
    "topCategoryId": "65",
    "businessDomain": "RETAIL_BE",
    "IsPrivateLabel": false,
    "IsBiffe": false,
    "WeightconversionFactor": "0",
    "IsWeightArticle": false,
    "nutriscoreLabel": "D",
    "IsBio": false,
    "CountryOfOrigin": "FRANKRIJK",
    "IsExclusivelySoldInLuxembourg": false,
    "OrderUnit": "P",
    "ShortName": "BOURS.LOOK F.KRUID.250G",
    "InSeason": true,
    "IsNew": false,
    "EcoscoreLabel": "A",
    "RecentQuanityOfStockUnits": "1,8",
    "LongName": "BOURSIN verse kaas look&f.kruiden 250g",
    "AlcoholVolume": "0",
    "StartSeasonDate": "10/03/2017",
    "FicCode": "E",
    "EcoscoreValue": "100"
  },
  {
    "productId": "625313",
    "technicalArticleNumber": "4307686",
    "commercialArticleNumber": "12448",
    "name": "belegen blok",
    "description": "*Belgisch\n*Weidemelk\n*Harde, maar toch\nnog smedige kaas met\neen bruine korst.",
    "brand": "BRUGGE",
    "seoBrand": "Brugge",
    "thumbNail": "https://static.colruytgroup.com/images/200x200/std.lang.all/64/32/asset-2256432.jpg",
    "fullImage": "https://static.colruytgroup.com/images/500x500/std.lang.all/64/32/asset-2256432.jpg",
    "squareImage": "https://static.colruytgroup.com/images/500x500sq/std.lang.all/64/32/asset-2256432.jpg",
    "content": "±300g",
    "walkRouteSequenceNumber": 6186,
    "price": {
      "basicPrice": 21.17,
      "recommendedQuantity": "0.3",
      "unit": "K",
      "measurementUnitPrice": 21.17,
      "measurementUnit": "K",
      "isRedPrice": false,
      "pricePerUOM": 21.17,
      "activationDate": "22-03-2024",
      "recordSource": "Offline",
      "isPromoActive": "N",
      "priceChangeCode": "H"
    },
    "isAvailable": true,
    "isPriceAvailable": true,
    "inPromo": true,
    "promotion": [
      {
        "techPromoId": "100828COLR",
        "promotionId": "100828",
        "promotionType": "3",
        "isPersonalized": "N",
        "publicationStartDate": "13-03-2024",
        "publicationEndDate": "26-03-2024"
      }
    ],
    "gtin": [
      "95400141422279",
      "05400141422283"
    ],
    "topCategoryName": "Zuivel",
    "topCategoryId": "65",
    "businessDomain": "RETAIL_BE",
    "IsPrivateLabel": false,
    "IsBiffe": false,
    "WeightconversionFactor": "300",
    "IsWeightArticle": true,
    "nutriscoreLabel": "D",
    "IsBio": false,
    "CountryOfOrigin": "BELGIË",
    "IsExclusivelySoldInLuxembourg": false,
    "OrderUnit": "P",
    "ShortName": "BRUGGE BELE.BLOK+-300GW",
    "IsNew": false,
    "EcoscoreLabel": "B",
    "RecentQuanityOfStockUnits": "1",
    "LongName": "BRUGGE belegen blok ±300g",
    "FicCode": "I",
    "EcoscoreValue": "66"
  },
  {
    "productId": "127500",
    "technicalArticleNumber": "3216834",
    "commercialArticleNumber": "8334",
    "name": "kaas Fagotin Tradition",
    "description": "*België\n*Zachte kaas\n*Lichtoranje\nschimmelkorst\n*O.b.v. gepast. melk",
    "brand": "MAREDSOUS",
    "seoBrand": "Maredsous",
    "thumbNail": "https://static.colruytgroup.com/images/200x200/std.lang.all/27/63/asset-3362763.jpg",
    "fullImage": "https://static.colruytgroup.com/images/500x500/std.lang.all/27/63/asset-3362763.jpg",
    "squareImage": "https://static.colruytgroup.com/images/500x500sq/std.lang.all/27/63/asset-3362763.jpg",
    "content": "170g",
    "walkRouteSequenceNumber": 5211,
    "price": {
      "basicPrice": 3.99,
      "recommendedQuantity": "1.0",
      "measurementUnitPrice": 23.48,
      "measurementUnit": "K",
      "isRedPrice": false,
      "pricePerUOM": 23.48,
      "activationDate": "05-01-2024",
      "recordSource": "Offline",
      "isPromoActive": "N",
      "priceChangeCode": "E"
    },
    "isAvailable": true,
    "isPriceAvailable": true,
    "inPromo": false,
    "gtin": [
      "03073781055016",
      "03073781055023"
    ],
    "topCategoryName": "Zuivel",
    "topCategoryId": "65",
    "businessDomain": "RETAIL_BE",
    "IsPrivateLabel": false,
    "IsBiffe": false,
    "WeightconversionFactor": "0",
    "IsWeightArticle": false,
    "nutriscoreLabel": "D",
    "IsBio": false,
    "CountryOfOrigin": "FRANKRIJK",
    "IsExclusivelySoldInLuxembourg": false,
    "OrderUnit": "P",
    "ShortName": "MAREDSOUS FAGOTIN 170GR",
    "IsNew": false,
    "EcoscoreLabel": "C",
    "RecentQuanityOfStockUnits": "1",
    "LongName": "MAREDSOUS kaas Fagotin Tradition 170g",
    "AlcoholVolume": "0",
    "FicCode": "E",
    "EcoscoreValue": "57"
  },
  {
    "productId": "461767",
    "technicalArticleNumber": "3957893",
    "commercialArticleNumber": "2303",
    "name": "boter Les Prés Salés",
    "description": "*Gezouten\n*België",
    "brand": "CAMARGUE",
    "seoBrand": "Camargue",
    "thumbNail": "https://static.colruytgroup.com/images/200x200/std.lang.all/98/89/asset-1599889.jpg",
    "fullImage": "https://static.colruytgroup.com/images/500x500/std.lang.all/98/89/asset-1599889.jpg",
    "squareImage": "https://static.colruytgroup.com/images/500x500sq/std.lang.all/98/89/asset-1599889.jpg",
    "content": "250g",
    "walkRouteSequenceNumber": 6149,
    "price": {
      "basicPrice": 3.59,
      "recommendedQuantity": "1.0",
      "measurementUnitPrice": 14.36,
      "measurementUnit": "K",
      "isRedPrice": false,
      "pricePerUOM": 14.36,
      "activationDate": "10-01-2024",
      "isPromoActive": "N",
      "priceChangeCode": "H"
    },
    "isAvailable": true,
    "isPriceAvailable": true,
    "inPromo": false,
    "gtin": [
      "05410603115363",
      "05410603015588"
    ],
    "topCategoryName": "Zuivel",
    "topCategoryId": "65",
    "businessDomain": "RETAIL_BE",
    "IsPrivateLabel": false,
    "IsBiffe": false,
    "WeightconversionFactor": "0",
    "IsWeightArticle": false,
    "nutriscoreLabel": "E",
    "IsBio": false,
    "CountryOfOrigin": "BELGIË",
    "IsExclusivelySoldInLuxembourg": false,
    "OrderUnit": "P",
    "ShortName": "CAMA GEZOUT. BOTER 250G",
    "InSeason": true,
    "IsNew": false,
    "EcoscoreLabel": "D",
    "RecentQuanityOfStockUnits": "1",
    "LongName": "CAMARGUE boter Les Prés Salés 250g",
    "AlcoholVolume": "0",
    "StartSeasonDate": "07/09/2021",
    "FicCode": "E",
    "EcoscoreValue": "38"
  },
  {
    "productId": "870378",
    "technicalArticleNumber": "4723987",
    "commercialArticleNumber": "22008",
    "name": "Verse kaas perzik",
    "brand": "DANIO",
    "seoBrand": "Danio",
    "thumbNail": "https://static.colruytgroup.com/images/200x200/std.lang.all/88/14/asset-3378814.jpg",
    "fullImage": "https://static.colruytgroup.com/images/500x500/std.lang.all/88/14/asset-3378814.jpg",
    "squareImage": "https://static.colruytgroup.com/images/500x500sq/std.lang.all/88/14/asset-3378814.jpg",
    "content": "165g",
    "walkRouteSequenceNumber": 5886,
    "price": {
      "basicPrice": 1.49,
      "recommendedQuantity": "1.0",
      "measurementUnitPrice": 9.04,
      "measurementUnit": "K",
      "isRedPrice": false,
      "pricePerUOM": 9.04,
      "activationDate": "12-03-2024",
      "recordSource": "Offline",
      "isPromoActive": "N",
      "priceChangeCode": "E"
    },
    "isAvailable": true,
    "isPriceAvailable": true,
    "inPromo": false,
    "gtin": [
      "05410146421075"
    ],
    "topCategoryName": "Zuivel",
    "topCategoryId": "65",
    "businessDomain": "RETAIL_BE",
    "IsPrivateLabel": false,
    "IsBiffe": false,
    "WeightconversionFactor": "0",
    "IsWeightArticle": false,
    "nutriscoreLabel": "B",
    "IsBio": false,
    "CountryOfOrigin": "FRANKRIJK",
    "IsExclusivelySoldInLuxembourg": false,
    "OrderUnit": "P",
    "ShortName": "DANI V.KAAS PERZIK 165G",
    "IsNew": false,
    "EcoscoreLabel": "D",
    "RecentQuanityOfStockUnits": "1",
    "LongName": "DANIO Verse kaas perzik 165g",
    "FicCode": "E",
    "EcoscoreValue": "39"
  },
  {
    "productId": "678569",
    "technicalArticleNumber": "4395556",
    "commercialArticleNumber": "22454",
    "name": "gouda kubus Belgisch",
    "description": "*België\n*Met weidemelk\n*Vegetarisch\n*Gepasteuris.melk\n*Halfharde kaas,jong",
    "brand": "BONI",
    "seoBrand": "Boni Selection",
    "thumbNail": "https://static.colruytgroup.com/images/200x200/std.lang.all/37/67/asset-2723767.jpg",
    "fullImage": "https://static.colruytgroup.com/images/500x500/std.lang.all/37/67/asset-2723767.jpg",
    "squareImage": "https://static.colruytgroup.com/images/500x500sq/std.lang.all/37/67/asset-2723767.jpg",
    "content": "175g",
    "walkRouteSequenceNumber": 5603,
    "price": {
      "basicPrice": 3.75,
      "recommendedQuantity": "1.0",
      "measurementUnitPrice": 21.43,
      "measurementUnit": "K",
      "isRedPrice": false,
      "pricePerUOM": 21.43,
      "activationDate": "15-02-2024",
      "isPromoActive": "N",
      "priceChangeCode": "H"
    },
    "isAvailable": true,
    "isPriceAvailable": true,
    "inPromo": false,
    "gtin": [
      "05400141654165",
      "05400141796711"
    ],
    "topCategoryName": "Zuivel",
    "topCategoryId": "65",
    "businessDomain": "RETAIL_BE",
    "IsPrivateLabel": true,
    "IsBiffe": false,
    "WeightconversionFactor": "0",
    "IsWeightArticle": false,
    "nutriscoreLabel": "D",
    "IsBio": false,
    "CountryOfOrigin": "BELGIË",
    "IsExclusivelySoldInLuxembourg": false,
    "OrderUnit": "P",
    "ShortName": "BONI BEL.GOUDA KUB.175G",
    "IsNew": false,
    "EcoscoreLabel": "C",
    "RecentQuanityOfStockUnits": "1",
    "LongName": "BONI gouda kubus Belgisch 175g",
    "FicCode": "I",
    "EcoscoreValue": "59"
  },
  {
    "productId": "634530",
    "technicalArticleNumber": "4323112",
    "commercialArticleNumber": "16224",
    "name": "roomdessert chocolade",
    "brand": "DANETTE",
    "seoBrand": "Danone Danette",
    "thumbNail": "https://static.colruytgroup.com/images/200x200/std.lang.all/37/75/asset-3373775.jpg",
    "fullImage": "https://static.colruytgroup.com/images/500x500/std.lang.all/37/75/asset-3373775.jpg",
    "squareImage": "https://static.colruytgroup.com/images/500x500sq/std.lang.all/37/75/asset-3373775.jpg",
    "content": "4x125g",
    "walkRouteSequenceNumber": 5968,
    "price": {
      "basicPrice": 2.29,
      "recommendedQuantity": "1.0",
      "measurementUnitPrice": 4.58,
      "measurementUnit": "K",
      "isRedPrice": false,
      "pricePerUOM": 4.58,
      "activationDate": "18-03-2024",
      "recordSource": "Offline",
      "isPromoActive": "N",
      "priceChangeCode": "H"
    },
    "isAvailable": true,
    "isPriceAvailable": true,
    "inPromo": false,
    "gtin": [
      "03033490906283",
      "33033490906284"
    ],
    "topCategoryName": "Zuivel",
    "topCategoryId": "65",
    "businessDomain": "RETAIL_BE",
    "IsPrivateLabel": false,
    "IsBiffe": false,
    "WeightconversionFactor": "0",
    "IsWeightArticle": false,
    "nutriscoreLabel": "C",
    "IsBio": false,
    "CountryOfOrigin": "FRANKRIJK",
    "IsExclusivelySoldInLuxembourg": false,
    "OrderUnit": "P",
    "ShortName": "DANETTE CHOCOL.4X125",
    "IsNew": false,
    "EcoscoreLabel": "A",
    "RecentQuanityOfStockUnits": "1",
    "LongName": "DANETTE roomdessert chocolade 4x125g",
    "AlcoholVolume": "0",
    "FicCode": "E",
    "EcoscoreValue": "90"
  },
  {
    "productId": "141219",
    "technicalArticleNumber": "3198261",
    "commercialArticleNumber": "1298",
    "name": "verse kaas vieruurtje",
    "description": "*Frankrijk\n*Verse kaas\n*Romig\n*Met broodstengels",
    "brand": "KIRI",
    "seoBrand": "Kiri",
    "thumbNail": "https://static.colruytgroup.com/images/200x200/std.lang.all/31/66/asset-2543166.jpg",
    "fullImage": "https://static.colruytgroup.com/images/500x500/std.lang.all/31/66/asset-2543166.jpg",
    "squareImage": "https://static.colruytgroup.com/images/500x500sq/std.lang.all/31/66/asset-2543166.jpg",
    "content": "8x35g",
    "walkRouteSequenceNumber": 4944,
    "price": {
      "basicPrice": 4.78,
      "recommendedQuantity": "1.0",
      "measurementUnitPrice": 17.08,
      "measurementUnit": "K",
      "isRedPrice": false,
      "pricePerUOM": 17.08,
      "activationDate": "12-03-2024",
      "recordSource": "Offline",
      "isPromoActive": "N",
      "priceChangeCode": "E"
    },
    "isAvailable": true,
    "isPriceAvailable": true,
    "inPromo": false,
    "gtin": [
      "03073780969000",
      "03073781135862",
      "03073781135855",
      "03073781062717"
    ],
    "topCategoryName": "Zuivel",
    "topCategoryId": "65",
    "businessDomain": "RETAIL_BE",
    "IsPrivateLabel": false,
    "IsBiffe": false,
    "WeightconversionFactor": "0",
    "IsWeightArticle": false,
    "nutriscoreLabel": "D",
    "IsBio": false,
    "CountryOfOrigin": "FRANKRIJK",
    "IsExclusivelySoldInLuxembourg": false,
    "OrderUnit": "P",
    "ShortName": "KIRI VIERUURTJE 8X35GR",
    "IsNew": false,
    "EcoscoreLabel": "C",
    "RecentQuanityOfStockUnits": "1,12",
    "LongName": "KIRI verse kaas vieruurtje 8x35g",
    "AlcoholVolume": "0",
    "FicCode": "E",
    "EcoscoreValue": "58"
  },
  {
    "productId": "92680",
    "technicalArticleNumber": "2801577",
    "commercialArticleNumber": "46142",
    "name": "emmental geraspt",
    "description": "*België\n*Geraspte kaas\n*Emmentaler",
    "brand": "VACHE BLEUE",
    "seoBrand": "Vache Bleue",
    "thumbNail": "https://static.colruytgroup.com/images/200x200/std.lang.all/03/65/asset-3320365.jpg",
    "fullImage": "https://static.colruytgroup.com/images/500x500/std.lang.all/03/65/asset-3320365.jpg",
    "squareImage": "https://static.colruytgroup.com/images/500x500sq/std.lang.all/03/65/asset-3320365.jpg",
    "content": "2x200g",
    "walkRouteSequenceNumber": 5639,
    "price": {
      "basicPrice": 6.84,
      "recommendedQuantity": "1.0",
      "measurementUnitPrice": 17.1,
      "measurementUnit": "K",
      "isRedPrice": false,
      "pricePerUOM": 17.1,
      "activationDate": "13-03-2024",
      "recordSource": "Offline",
      "isPromoActive": "Y",
      "priceChangeCode": "E"
    },
    "isAvailable": true,
    "isPriceAvailable": true,
    "inPromo": true,
    "promotion": [
      {
        "techPromoId": "100826COLR",
        "promotionId": "100826",
        "promotionType": "3",
        "isPersonalized": "N",
        "publicationStartDate": "13-03-2024",
        "publicationEndDate": "26-03-2024"
      }
    ],
    "gtin": [
      "05410298551903"
    ],
    "topCategoryName": "Zuivel",
    "topCategoryId": "65",
    "businessDomain": "RETAIL_BE",
    "IsPrivateLabel": false,
    "IsBiffe": false,
    "WeightconversionFactor": "0",
    "IsWeightArticle": false,
    "nutriscoreLabel": "C",
    "IsBio": false,
    "CountryOfOrigin": "FINLAND",
    "IsExclusivelySoldInLuxembourg": false,
    "OrderUnit": "P",
    "ShortName": "VB EMMENTAL RASP2X200GR",
    "IsNew": false,
    "EcoscoreLabel": "D",
    "RecentQuanityOfStockUnits": "1",
    "LongName": "VACHE BLEUE emmental geraspt 2x200g",
    "AlcoholVolume": "0",
    "FicCode": "E",
    "EcoscoreValue": "27"
  },
  {
    "productId": "870301",
    "technicalArticleNumber": "4723908",
    "commercialArticleNumber": "21772",
    "name": "Kers",
    "brand": "DANIO",
    "seoBrand": "Danio",
    "thumbNail": "https://static.colruytgroup.com/images/200x200/std.lang.all/38/45/asset-3373845.jpg",
    "fullImage": "https://static.colruytgroup.com/images/500x500/std.lang.all/38/45/asset-3373845.jpg",
    "squareImage": "https://static.colruytgroup.com/images/500x500sq/std.lang.all/38/45/asset-3373845.jpg",
    "content": "165g",
    "walkRouteSequenceNumber": 5871,
    "price": {
      "basicPrice": 1.49,
      "recommendedQuantity": "1.0",
      "measurementUnitPrice": 9.04,
      "measurementUnit": "K",
      "isRedPrice": false,
      "pricePerUOM": 9.04,
      "activationDate": "12-03-2024",
      "recordSource": "Offline",
      "isPromoActive": "N",
      "priceChangeCode": "E"
    },
    "isAvailable": true,
    "isPriceAvailable": true,
    "inPromo": false,
    "gtin": [
      "05410146421037"
    ],
    "topCategoryName": "Zuivel",
    "topCategoryId": "65",
    "businessDomain": "RETAIL_BE",
    "IsPrivateLabel": false,
    "IsBiffe": false,
    "WeightconversionFactor": "0",
    "IsWeightArticle": false,
    "nutriscoreLabel": "B",
    "IsBio": false,
    "CountryOfOrigin": "FRANKRIJK",
    "IsExclusivelySoldInLuxembourg": false,
    "OrderUnit": "P",
    "ShortName": "DANI VERSE KAS KERS165G",
    "IsNew": false,
    "EcoscoreLabel": "D",
    "RecentQuanityOfStockUnits": "1",
    "LongName": "DANIO Kers 165g",
    "AlcoholVolume": "0",
    "FicCode": "E",
    "EcoscoreValue": "39"
  },
  {
    "productId": "2130",
    "technicalArticleNumber": "26711",
    "commercialArticleNumber": "26711",
    "name": "melkerijboter ongezouten",
    "description": "*Melkerijboter\n*Vetgehalte: 60 %\n*Ongezouten\n*Belgisch",
    "brand": "CARLSBOURG",
    "seoBrand": "Carlsbourg",
    "thumbNail": "https://static.colruytgroup.com/images/200x200/std.lang.all/48/58/asset-554858.jpg",
    "fullImage": "https://static.colruytgroup.com/images/500x500/std.lang.all/48/58/asset-554858.jpg",
    "squareImage": "https://static.colruytgroup.com/images/500x500sq/std.lang.all/48/58/asset-554858.jpg",
    "content": "250g",
    "walkRouteSequenceNumber": 6079,
    "price": {
      "basicPrice": 4.49,
      "recommendedQuantity": "1.0",
      "measurementUnitPrice": 17.96,
      "measurementUnit": "K",
      "isRedPrice": false,
      "pricePerUOM": 17.96,
      "activationDate": "20-02-2024",
      "recordSource": "Offline",
      "isPromoActive": "N",
      "priceChangeCode": "E"
    },
    "isAvailable": true,
    "isPriceAvailable": true,
    "inPromo": false,
    "gtin": [
      "05411156001905",
      "05411156004326",
      "05411156031131"
    ],
    "topCategoryName": "Zuivel",
    "topCategoryId": "65",
    "businessDomain": "RETAIL_BE",
    "IsPrivateLabel": false,
    "IsBiffe": false,
    "WeightconversionFactor": "0",
    "IsWeightArticle": false,
    "nutriscoreLabel": "E",
    "IsBio": false,
    "CountryOfOrigin": "BELGIË",
    "IsExclusivelySoldInLuxembourg": false,
    "OrderUnit": "P",
    "ShortName": "CARLSB BOTER VLOOT 250G",
    "InSeason": true,
    "IsNew": false,
    "RecentQuanityOfStockUnits": "1",
    "LongName": "CARLSBOURG melkerijboter ongezouten 250g",
    "AlcoholVolume": "0",
    "StartSeasonDate": "05/04/2022",
    "FicCode": "E"
  },
  {
    "productId": "10751",
    "technicalArticleNumber": "1397047",
    "commercialArticleNumber": "26289",
    "name": "volle room 33%vg",
    "description": "*Vetgehalte: 33 %\n*Romige toets in\nsoep, aardappelen en\nnagerechten/saus\ninkoken",
    "brand": "CAMPINA",
    "seoBrand": "Campina",
    "thumbNail": "https://static.colruytgroup.com/images/200x200/nl_be/39/18/asset-3433918.jpg",
    "fullImage": "https://static.colruytgroup.com/images/500x500/nl_be/39/18/asset-3433918.jpg",
    "squareImage": "https://static.colruytgroup.com/images/500x500sq/nl_be/39/18/asset-3433918.jpg",
    "content": "25cl",
    "walkRouteSequenceNumber": 6030,
    "price": {
      "basicPrice": 2.79,
      "recommendedQuantity": "2.0",
      "measurementUnitPrice": 11.16,
      "measurementUnit": "L",
      "isRedPrice": false,
      "pricePerUOM": 11.16,
      "activationDate": "17-02-2024",
      "recordSource": "Offline",
      "isPromoActive": "N",
      "priceChangeCode": "E"
    },
    "isAvailable": true,
    "isPriceAvailable": true,
    "inPromo": false,
    "gtin": [
      "05410438015180",
      "05410281002610",
      "05410438031128",
      "05410438044562",
      "05410438044524",
      "05410438044517"
    ],
    "topCategoryName": "Zuivel",
    "topCategoryId": "65",
    "businessDomain": "RETAIL_BE",
    "IsPrivateLabel": false,
    "IsBiffe": false,
    "WeightconversionFactor": "0",
    "IsWeightArticle": false,
    "nutriscoreLabel": "D",
    "IsBio": false,
    "CountryOfOrigin": "BELGIË",
    "IsExclusivelySoldInLuxembourg": false,
    "OrderUnit": "P",
    "ShortName": "CAMP ROOM VOL 33% 25CL",
    "IsNew": false,
    "EcoscoreLabel": "B",
    "RecentQuanityOfStockUnits": "2,1,24",
    "LongName": "CAMPINA volle room 33%vg 25cl",
    "AlcoholVolume": "0",
    "FicCode": "E",
    "EcoscoreValue": "75"
  },
  {
    "productId": "670977",
    "technicalArticleNumber": "4383904",
    "commercialArticleNumber": "24408",
    "name": "volle yogh.vanille",
    "description": "*Gearomatiseerde\nyoghurt met vanille-\nsmaak",
    "brand": "OIKOS",
    "seoBrand": "Oikos",
    "thumbNail": "https://static.colruytgroup.com/images/200x200/std.lang.all/10/38/asset-3441038.jpg",
    "fullImage": "https://static.colruytgroup.com/images/500x500/std.lang.all/10/38/asset-3441038.jpg",
    "squareImage": "https://static.colruytgroup.com/images/500x500sq/std.lang.all/10/38/asset-3441038.jpg",
    "content": "4x115g",
    "walkRouteSequenceNumber": 5901,
    "price": {
      "basicPrice": 3.49,
      "recommendedQuantity": "1.0",
      "measurementUnitPrice": 7.59,
      "measurementUnit": "K",
      "isRedPrice": false,
      "pricePerUOM": 7.59,
      "activationDate": "23-02-2024",
      "recordSource": "Offline",
      "isPromoActive": "N",
      "priceChangeCode": "H"
    },
    "isAvailable": true,
    "isPriceAvailable": true,
    "inPromo": false,
    "gtin": [
      "05410146419911"
    ],
    "topCategoryName": "Zuivel",
    "topCategoryId": "65",
    "businessDomain": "RETAIL_BE",
    "IsPrivateLabel": false,
    "IsBiffe": false,
    "WeightconversionFactor": "0",
    "IsWeightArticle": false,
    "nutriscoreLabel": "C",
    "IsBio": false,
    "CountryOfOrigin": "SPANJE",
    "IsExclusivelySoldInLuxembourg": false,
    "OrderUnit": "P",
    "ShortName": "DANO OIK. VANILLE 4X115",
    "IsNew": false,
    "EcoscoreLabel": "A",
    "RecentQuanityOfStockUnits": "1",
    "LongName": "OIKOS volle yogh.vanille 4x115g",
    "FicCode": "E",
    "EcoscoreValue": "97"
  },
  {
    "productId": "606949",
    "technicalArticleNumber": "4277689",
    "commercialArticleNumber": "23172",
    "name": "yoghurt vanille 0%",
    "description": "*0% vet",
    "brand": "DANONE HIPRO",
    "seoBrand": "Danone Hipro",
    "thumbNail": "https://static.colruytgroup.com/images/200x200/std.lang.all/66/34/asset-3376634.jpg",
    "fullImage": "https://static.colruytgroup.com/images/500x500/std.lang.all/66/34/asset-3376634.jpg",
    "squareImage": "https://static.colruytgroup.com/images/500x500sq/std.lang.all/66/34/asset-3376634.jpg",
    "content": "2x160g",
    "walkRouteSequenceNumber": 5801,
    "price": {
      "basicPrice": 2.89,
      "recommendedQuantity": "1.0",
      "measurementUnitPrice": 9.04,
      "measurementUnit": "K",
      "isRedPrice": false,
      "pricePerUOM": 9.04,
      "activationDate": "13-03-2024",
      "recordSource": "Offline",
      "isPromoActive": "Y",
      "priceChangeCode": "E"
    },
    "isAvailable": true,
    "isPriceAvailable": true,
    "inPromo": true,
    "promotion": [
      {
        "techPromoId": "100946COLR",
        "promotionId": "100946",
        "promotionType": "3",
        "isPersonalized": "N",
        "publicationStartDate": "13-03-2024",
        "publicationEndDate": "26-03-2024"
      }
    ],
    "gtin": [
      "03033491588136",
      "33033491588137",
      "05410146419584"
    ],
    "topCategoryName": "Zuivel",
    "topCategoryId": "65",
    "businessDomain": "RETAIL_BE",
    "IsPrivateLabel": false,
    "IsBiffe": false,
    "WeightconversionFactor": "0",
    "IsWeightArticle": false,
    "nutriscoreLabel": "A",
    "IsBio": false,
    "CountryOfOrigin": "FRANKRIJK",
    "IsExclusivelySoldInLuxembourg": false,
    "OrderUnit": "P",
    "ShortName": "DANO HIPR YOG.VAN2X160G",
    "IsNew": false,
    "EcoscoreLabel": "A",
    "RecentQuanityOfStockUnits": "1",
    "LongName": "DANONE HIPRO yoghurt vanille 0% 2x160g",
    "FicCode": "E",
    "EcoscoreValue": "92"
  },
  {
    "productId": "782903",
    "technicalArticleNumber": "4580603",
    "commercialArticleNumber": "4841",
    "name": "Grana Padano blok",
    "description": "*Italië\n*Harde kaas",
    "brand": "COLLA MAE.FORM.",
    "seoBrand": "Colla Maestri Formaggiai",
    "thumbNail": "https://static.colruytgroup.com/images/200x200/std.lang.all/66/08/asset-2826608.jpg",
    "fullImage": "https://static.colruytgroup.com/images/500x500/std.lang.all/66/08/asset-2826608.jpg",
    "squareImage": "https://static.colruytgroup.com/images/500x500sq/std.lang.all/66/08/asset-2826608.jpg",
    "content": "±300g",
    "walkRouteSequenceNumber": 5609,
    "price": {
      "basicPrice": 16.9,
      "recommendedQuantity": "0.3",
      "unit": "K",
      "measurementUnitPrice": 16.9,
      "measurementUnit": "K",
      "isRedPrice": false,
      "pricePerUOM": 16.9,
      "activationDate": "19-03-2024",
      "recordSource": "Folder",
      "isPromoActive": "N",
      "priceChangeCode": "L"
    },
    "isAvailable": true,
    "isPriceAvailable": true,
    "inPromo": false,
    "gtin": [
      "98010883004311",
      "08010883004288",
      "98010883004236"
    ],
    "topCategoryName": "Zuivel",
    "topCategoryId": "65",
    "businessDomain": "RETAIL_BE",
    "IsPrivateLabel": false,
    "IsBiffe": false,
    "WeightconversionFactor": "300",
    "IsWeightArticle": true,
    "IsBio": false,
    "CountryOfOrigin": "ITALIË",
    "IsExclusivelySoldInLuxembourg": false,
    "OrderUnit": "P",
    "ShortName": "COLLA GRANA PAD.BL300W",
    "IsNew": false,
    "RecentQuanityOfStockUnits": "1",
    "LongName": "COLLA MAE.FORM. Grana Padano blok ±300g",
    "FicCode": "E"
  },
  {
    "productId": "8",
    "technicalArticleNumber": "13800",
    "commercialArticleNumber": "13800",
    "name": "margarine bakken&braden",
    "description": "*Bakken\n*Vetgehalte: 78 %",
    "brand": "BONI",
    "seoBrand": "Boni Selection",
    "thumbNail": "https://static.colruytgroup.com/images/200x200/std.lang.all/79/49/asset-1747949.jpg",
    "fullImage": "https://static.colruytgroup.com/images/500x500/std.lang.all/79/49/asset-1747949.jpg",
    "squareImage": "https://static.colruytgroup.com/images/500x500sq/std.lang.all/79/49/asset-1747949.jpg",
    "content": "1kg",
    "walkRouteSequenceNumber": 6038,
    "price": {
      "basicPrice": 2.75,
      "recommendedQuantity": "1.0",
      "measurementUnitPrice": 2.75,
      "measurementUnit": "K",
      "isRedPrice": false,
      "pricePerUOM": 2.75,
      "activationDate": "29-02-2024",
      "recordSource": "Offline",
      "isPromoActive": "N",
      "priceChangeCode": "H"
    },
    "isAvailable": true,
    "isPriceAvailable": true,
    "inPromo": false,
    "gtin": [
      "05400141070118",
      "05400141103731",
      "05400141120325",
      "15400141239154",
      "05400141238006",
      "05400141239157",
      "05400141138009"
    ],
    "topCategoryName": "Zuivel",
    "topCategoryId": "65",
    "businessDomain": "RETAIL_BE",
    "IsPrivateLabel": true,
    "IsBiffe": false,
    "WeightconversionFactor": "0",
    "IsWeightArticle": false,
    "nutriscoreLabel": "E",
    "IsBio": false,
    "CountryOfOrigin": "BELGIË",
    "IsExclusivelySoldInLuxembourg": false,
    "OrderUnit": "P",
    "ShortName": "BONI BAK/BRAAD 1 KG",
    "IsNew": false,
    "EcoscoreLabel": "B",
    "RecentQuanityOfStockUnits": "1,12",
    "LongName": "BONI margarine bakken&braden 1kg",
    "AlcoholVolume": "0",
    "FicCode": "I",
    "EcoscoreValue": "66"
  },
  {
    "productId": "13240",
    "technicalArticleNumber": "1222188",
    "commercialArticleNumber": "26327",
    "name": "yoghurt vanillesmaak",
    "description": "*Vol\n*Met aroma's\n*Extra bevorderend\nvoor de darmflora",
    "brand": "ACTIVIA",
    "seoBrand": "Danone Activia",
    "thumbNail": "https://static.colruytgroup.com/images/200x200/std.lang.all/63/45/asset-2356345.jpg",
    "fullImage": "https://static.colruytgroup.com/images/500x500/std.lang.all/63/45/asset-2356345.jpg",
    "squareImage": "https://static.colruytgroup.com/images/500x500sq/std.lang.all/63/45/asset-2356345.jpg",
    "content": "4x125g",
    "walkRouteSequenceNumber": 5683,
    "price": {
      "basicPrice": 1.99,
      "recommendedQuantity": "1.0",
      "quantityPrice": 1.5,
      "quantityPriceQuantity": "2.0",
      "measurementUnitPrice": 3.98,
      "measurementUnitQuantityPrice": 3,
      "measurementUnit": "K",
      "isRedPrice": false,
      "pricePerUOM": 3.98,
      "activationDate": "20-03-2024",
      "recordSource": "Offline",
      "isPromoActive": "Y",
      "priceChangeCode": "E",
      "quantityPricePerUOM": 3,
      "quantityActivationDate": "20-03-2024",
      "quantityPriceChangeCode": "H"
    },
    "isAvailable": true,
    "isPriceAvailable": true,
    "inPromo": false,
    "gtin": [
      "33033491351083",
      "03033491351082",
      "03033491139963"
    ],
    "topCategoryName": "Zuivel",
    "topCategoryId": "65",
    "businessDomain": "RETAIL_BE",
    "IsPrivateLabel": false,
    "IsBiffe": false,
    "WeightconversionFactor": "0",
    "IsWeightArticle": false,
    "nutriscoreLabel": "B",
    "IsBio": false,
    "CountryOfOrigin": "FRANKRIJK",
    "IsExclusivelySoldInLuxembourg": false,
    "OrderUnit": "P",
    "ShortName": "DAN ACT ARO VANI 4X125G",
    "InSeason": true,
    "IsNew": false,
    "EcoscoreLabel": "A",
    "RecentQuanityOfStockUnits": "1",
    "LongName": "ACTIVIA yoghurt vanillesmaak 4x125g",
    "AlcoholVolume": "0",
    "StartSeasonDate": "17/07/2023",
    "FicCode": "E",
    "EcoscoreValue": "99"
  },
  {
    "productId": "622402",
    "technicalArticleNumber": "4302891",
    "commercialArticleNumber": "23659",
    "name": "soja smeren",
    "brand": "ALPRO",
    "seoBrand": "Alpro",
    "thumbNail": "https://static.colruytgroup.com/images/200x200/std.lang.all/67/68/asset-2286768.jpg",
    "fullImage": "https://static.colruytgroup.com/images/500x500/std.lang.all/67/68/asset-2286768.jpg",
    "squareImage": "https://static.colruytgroup.com/images/500x500sq/std.lang.all/67/68/asset-2286768.jpg",
    "content": "500g",
    "walkRouteSequenceNumber": 6089,
    "price": {
      "basicPrice": 2.78,
      "recommendedQuantity": "1.0",
      "measurementUnitPrice": 5.56,
      "measurementUnit": "K",
      "isRedPrice": false,
      "pricePerUOM": 5.56,
      "activationDate": "20-02-2024",
      "recordSource": "Offline",
      "isPromoActive": "N",
      "priceChangeCode": "E"
    },
    "isAvailable": true,
    "isPriceAvailable": true,
    "inPromo": false,
    "gtin": [
      "05410093171320",
      "05410093171337"
    ],
    "topCategoryName": "Zuivel",
    "topCategoryId": "65",
    "businessDomain": "RETAIL_BE",
    "IsPrivateLabel": false,
    "IsBiffe": false,
    "WeightconversionFactor": "0",
    "IsWeightArticle": false,
    "nutriscoreLabel": "C",
    "IsBio": false,
    "CountryOfOrigin": "BELGIË",
    "IsExclusivelySoldInLuxembourg": false,
    "OrderUnit": "P",
    "ShortName": "ALPR SOJA SMEREN 500G",
    "InSeason": true,
    "IsNew": false,
    "EcoscoreLabel": "B",
    "RecentQuanityOfStockUnits": "1,8",
    "LongName": "ALPRO soja smeren 500g",
    "StartSeasonDate": "14/03/2023",
    "FicCode": "E",
    "EcoscoreValue": "64"
  },
  {
    "productId": "529378",
    "technicalArticleNumber": "4119044",
    "commercialArticleNumber": "7936",
    "name": "geitenkaas sneetjes",
    "description": "*Oorsprong:Nederland\n*Sneetjes\n*Gepasteuriseerde\ngeitenmelk\n*Vegetarisch",
    "brand": "BONI",
    "seoBrand": "Boni Selection",
    "thumbNail": "https://static.colruytgroup.com/images/200x200/std.lang.all/78/01/asset-3127801.jpg",
    "fullImage": "https://static.colruytgroup.com/images/500x500/std.lang.all/78/01/asset-3127801.jpg",
    "squareImage": "https://static.colruytgroup.com/images/500x500sq/std.lang.all/78/01/asset-3127801.jpg",
    "content": "200g",
    "walkRouteSequenceNumber": 6170,
    "price": {
      "basicPrice": 3.69,
      "recommendedQuantity": "1.0",
      "quantityPrice": 1.87,
      "quantityPriceQuantity": "4.0",
      "measurementUnitPrice": 18.45,
      "measurementUnitQuantityPrice": 9.35,
      "measurementUnit": "K",
      "isRedPrice": false,
      "pricePerUOM": 18.45,
      "activationDate": "20-03-2024",
      "recordSource": "Offline",
      "isPromoActive": "N",
      "priceChangeCode": "E",
      "quantityPricePerUOM": 9.35,
      "quantityActivationDate": "20-03-2024",
      "quantityPriceChangeCode": "L"
    },
    "isAvailable": true,
    "isPriceAvailable": true,
    "inPromo": false,
    "gtin": [
      "05400141413380",
      "05400141297829"
    ],
    "topCategoryName": "Zuivel",
    "topCategoryId": "65",
    "businessDomain": "RETAIL_BE",
    "IsPrivateLabel": true,
    "IsBiffe": false,
    "WeightconversionFactor": "0",
    "IsWeightArticle": false,
    "nutriscoreLabel": "C",
    "IsBio": false,
    "CountryOfOrigin": "NEDERLAND",
    "IsExclusivelySoldInLuxembourg": false,
    "OrderUnit": "P",
    "ShortName": "BONI GEITENK.SN. 200G",
    "IsNew": false,
    "EcoscoreLabel": "C",
    "RecentQuanityOfStockUnits": "1",
    "LongName": "BONI geitenkaas sneetjes 200g",
    "FicCode": "I",
    "EcoscoreValue": "50"
  },
  {
    "productId": "846145",
    "technicalArticleNumber": "4692597",
    "commercialArticleNumber": "13109",
    "name": "smeltk. natuur 8p",
    "description": "*Smeltkaas",
    "brand": "LA VACHE QUI RIT",
    "seoBrand": "La Vache Qui Rit",
    "thumbNail": "https://static.colruytgroup.com/images/200x200/std.lang.all/34/67/asset-3263467.jpg",
    "fullImage": "https://static.colruytgroup.com/images/500x500/std.lang.all/34/67/asset-3263467.jpg",
    "squareImage": "https://static.colruytgroup.com/images/500x500sq/std.lang.all/34/67/asset-3263467.jpg",
    "content": "120g",
    "walkRouteSequenceNumber": 6117,
    "price": {
      "basicPrice": 1.79,
      "recommendedQuantity": "1.0",
      "measurementUnitPrice": 14.92,
      "measurementUnit": "K",
      "isRedPrice": false,
      "pricePerUOM": 14.92,
      "activationDate": "28-02-2024",
      "recordSource": "Offline",
      "isPromoActive": "N",
      "priceChangeCode": "E"
    },
    "isAvailable": true,
    "isPriceAvailable": true,
    "inPromo": false,
    "gtin": [
      "03073781195026",
      "03073781195033"
    ],
    "topCategoryName": "Zuivel",
    "topCategoryId": "65",
    "businessDomain": "RETAIL_BE",
    "IsPrivateLabel": false,
    "IsBiffe": false,
    "WeightconversionFactor": "0",
    "IsWeightArticle": false,
    "nutriscoreLabel": "D",
    "IsBio": false,
    "CountryOfOrigin": "SLOWAKIJE",
    "IsExclusivelySoldInLuxembourg": false,
    "OrderUnit": "P",
    "ShortName": "LVQR SMELTK.NAT8ST 120G",
    "IsNew": false,
    "EcoscoreLabel": "D",
    "RecentQuanityOfStockUnits": "1,12",
    "LongName": "LA VACHE QUI RIT smeltk. natuur 8p 120g",
    "FicCode": "E",
    "EcoscoreValue": "39"
  },
  {
    "productId": "68313",
    "technicalArticleNumber": "2790822",
    "commercialArticleNumber": "46133",
    "name": "rijstpap vanille",
    "brand": "LA LAITIÈRE",
    "seoBrand": "Nestlé La Laitière",
    "thumbNail": "https://static.colruytgroup.com/images/200x200/std.lang.all/10/91/asset-961091.jpg",
    "fullImage": "https://static.colruytgroup.com/images/500x500/std.lang.all/10/91/asset-961091.jpg",
    "squareImage": "https://static.colruytgroup.com/images/500x500sq/std.lang.all/10/91/asset-961091.jpg",
    "content": "4x115g",
    "walkRouteSequenceNumber": 5980,
    "price": {
      "basicPrice": 2.19,
      "recommendedQuantity": "1.0",
      "measurementUnitPrice": 4.77,
      "measurementUnit": "K",
      "isRedPrice": false,
      "pricePerUOM": 4.77,
      "activationDate": "30-01-2024",
      "recordSource": "Offline",
      "isPromoActive": "N",
      "priceChangeCode": "H"
    },
    "isAvailable": true,
    "isPriceAvailable": true,
    "inPromo": false,
    "gtin": [
      "03023291797913",
      "03023290169957",
      "03023291231387",
      "03023292255030"
    ],
    "topCategoryName": "Zuivel",
    "topCategoryId": "65",
    "businessDomain": "RETAIL_BE",
    "IsPrivateLabel": false,
    "IsBiffe": false,
    "WeightconversionFactor": "0",
    "IsWeightArticle": false,
    "nutriscoreLabel": "C",
    "IsBio": false,
    "CountryOfOrigin": "FRANKRIJK",
    "IsExclusivelySoldInLuxembourg": false,
    "OrderUnit": "P",
    "ShortName": "LL RIJSTPAP 4X115G",
    "IsNew": false,
    "RecentQuanityOfStockUnits": "1",
    "LongName": "LA LAITIÈRE rijstpap vanille 4x115g",
    "AlcoholVolume": "0",
    "FicCode": "E"
  },
  {
    "productId": "143209",
    "technicalArticleNumber": "3287058",
    "commercialArticleNumber": "33764",
    "name": "roomdessert vanille",
    "brand": "DANETTE",
    "seoBrand": "Danette",
    "thumbNail": "https://static.colruytgroup.com/images/200x200/std.lang.all/43/28/asset-3394328.jpg",
    "fullImage": "https://static.colruytgroup.com/images/500x500/std.lang.all/43/28/asset-3394328.jpg",
    "squareImage": "https://static.colruytgroup.com/images/500x500sq/std.lang.all/43/28/asset-3394328.jpg",
    "content": "4x125g",
    "walkRouteSequenceNumber": 5969,
    "price": {
      "basicPrice": 2.19,
      "recommendedQuantity": "1.0",
      "measurementUnitPrice": 4.38,
      "measurementUnit": "K",
      "isRedPrice": false,
      "pricePerUOM": 4.38,
      "activationDate": "18-03-2024",
      "recordSource": "Offline",
      "isPromoActive": "N",
      "priceChangeCode": "H"
    },
    "isAvailable": true,
    "isPriceAvailable": true,
    "inPromo": false,
    "gtin": [
      "03033490906290"
    ],
    "topCategoryName": "Zuivel",
    "topCategoryId": "65",
    "businessDomain": "RETAIL_BE",
    "IsPrivateLabel": false,
    "IsBiffe": false,
    "WeightconversionFactor": "0",
    "IsWeightArticle": false,
    "nutriscoreLabel": "C",
    "IsBio": false,
    "CountryOfOrigin": "FRANKRIJK",
    "IsExclusivelySoldInLuxembourg": false,
    "OrderUnit": "P",
    "ShortName": "DANETTE VANILLE 4X125G",
    "IsNew": false,
    "EcoscoreLabel": "A",
    "RecentQuanityOfStockUnits": "1",
    "LongName": "DANETTE roomdessert vanille 4x125g",
    "AlcoholVolume": "0",
    "FicCode": "E",
    "EcoscoreValue": "100"
  },
  {
    "productId": "916517",
    "technicalArticleNumber": "4760821",
    "commercialArticleNumber": "10637",
    "name": "smeren olijfolie vlootje",
    "brand": "BERTOLLI",
    "seoBrand": "Bertolli",
    "thumbNail": "https://static.colruytgroup.com/images/200x200/std.lang.all/00/07/asset-3340007.jpg",
    "fullImage": "https://static.colruytgroup.com/images/500x500/std.lang.all/00/07/asset-3340007.jpg",
    "squareImage": "https://static.colruytgroup.com/images/500x500sq/std.lang.all/00/07/asset-3340007.jpg",
    "content": "250g",
    "walkRouteSequenceNumber": 5737,
    "price": {
      "basicPrice": 1.65,
      "recommendedQuantity": "1.0",
      "measurementUnitPrice": 6.6,
      "measurementUnit": "K",
      "isRedPrice": false,
      "pricePerUOM": 6.6,
      "activationDate": "28-02-2024",
      "recordSource": "Offline",
      "isPromoActive": "N",
      "priceChangeCode": "E"
    },
    "isAvailable": true,
    "isPriceAvailable": true,
    "inPromo": false,
    "gtin": [
      "08719200261792",
      "08719200261785"
    ],
    "topCategoryName": "Zuivel",
    "topCategoryId": "65",
    "businessDomain": "RETAIL_BE",
    "IsPrivateLabel": false,
    "IsBiffe": false,
    "WeightconversionFactor": "0",
    "IsWeightArticle": false,
    "nutriscoreLabel": "C",
    "IsBio": false,
    "CountryOfOrigin": "POLEN",
    "IsExclusivelySoldInLuxembourg": false,
    "OrderUnit": "P",
    "ShortName": "BERT MAR. OLIJFOLIE250G",
    "IsNew": false,
    "EcoscoreLabel": "C",
    "RecentQuanityOfStockUnits": "1,8",
    "LongName": "BERTOLLI smeren olijfolie vlootje 250g",
    "AlcoholVolume": "0",
    "FicCode": "E",
    "EcoscoreValue": "56"
  },
  {
    "productId": "529274",
    "technicalArticleNumber": "4118940",
    "commercialArticleNumber": "6979",
    "name": "kaas sneetjes Classic",
    "description": "*België\n*Halfharde kaas\n*Zacht, romig, fris\nmild, veggie\n*Lactosevrij",
    "brand": "PASSENDALE",
    "seoBrand": "Passendale",
    "thumbNail": "https://static.colruytgroup.com/images/200x200/std.lang.all/17/19/asset-2741719.jpg",
    "fullImage": "https://static.colruytgroup.com/images/500x500/std.lang.all/17/19/asset-2741719.jpg",
    "squareImage": "https://static.colruytgroup.com/images/500x500sq/std.lang.all/17/19/asset-2741719.jpg",
    "content": "350g",
    "walkRouteSequenceNumber": 6207,
    "price": {
      "basicPrice": 7.34,
      "recommendedQuantity": "1.0",
      "measurementUnitPrice": 20.98,
      "measurementUnit": "K",
      "isRedPrice": false,
      "pricePerUOM": 20.98,
      "activationDate": "15-03-2024",
      "recordSource": "Folder",
      "isPromoActive": "Y",
      "priceChangeCode": "E"
    },
    "isAvailable": true,
    "isPriceAvailable": true,
    "inPromo": true,
    "promotion": [
      {
        "techPromoId": "100847COLR",
        "promotionId": "100847",
        "promotionType": "3",
        "isPersonalized": "N",
        "publicationStartDate": "13-03-2024",
        "publicationEndDate": "26-03-2024"
      }
    ],
    "gtin": [
      "05400141419221",
      "05400141297508"
    ],
    "topCategoryName": "Zuivel",
    "topCategoryId": "65",
    "businessDomain": "RETAIL_BE",
    "IsPrivateLabel": false,
    "IsBiffe": false,
    "WeightconversionFactor": "0",
    "IsWeightArticle": false,
    "nutriscoreLabel": "D",
    "IsBio": false,
    "CountryOfOrigin": "BELGIË",
    "IsExclusivelySoldInLuxembourg": false,
    "OrderUnit": "P",
    "ShortName": "PASSEND.CLAS.SN.350G",
    "InSeason": true,
    "IsNew": false,
    "RecentQuanityOfStockUnits": "1",
    "LongName": "PASSENDALE kaas sneetjes Classic 350g",
    "StartSeasonDate": "08/11/2021",
    "FicCode": "I"
  },
  {
    "productId": "38637",
    "technicalArticleNumber": "1788497",
    "commercialArticleNumber": "34010",
    "name": "Cottage Cheese mager 3,9%vg",
    "description": "*Mager\n*Vetgehalte: 3,9 %",
    "brand": "DANONE",
    "seoBrand": "Danone",
    "thumbNail": "https://static.colruytgroup.com/images/200x200/std.lang.all/51/18/asset-2485118.jpg",
    "fullImage": "https://static.colruytgroup.com/images/500x500/std.lang.all/51/18/asset-2485118.jpg",
    "squareImage": "https://static.colruytgroup.com/images/500x500sq/std.lang.all/51/18/asset-2485118.jpg",
    "content": "200g",
    "walkRouteSequenceNumber": 5701,
    "price": {
      "basicPrice": 1.99,
      "recommendedQuantity": "1.0",
      "measurementUnitPrice": 9.95,
      "measurementUnit": "K",
      "isRedPrice": false,
      "pricePerUOM": 9.95,
      "activationDate": "13-03-2024",
      "recordSource": "Offline",
      "isPromoActive": "N",
      "priceChangeCode": "L"
    },
    "isAvailable": true,
    "isPriceAvailable": true,
    "inPromo": false,
    "gtin": [
      "04009700095077",
      "00000054016835",
      "05410146421259"
    ],
    "topCategoryName": "Zuivel",
    "topCategoryId": "65",
    "businessDomain": "RETAIL_BE",
    "IsPrivateLabel": false,
    "IsBiffe": false,
    "WeightconversionFactor": "0",
    "IsWeightArticle": false,
    "nutriscoreLabel": "B",
    "IsBio": false,
    "CountryOfOrigin": "DUITSLAND",
    "IsExclusivelySoldInLuxembourg": false,
    "OrderUnit": "P",
    "ShortName": "DANO COTTAGE CHEESE200G",
    "IsNew": false,
    "EcoscoreLabel": "B",
    "RecentQuanityOfStockUnits": "1",
    "LongName": "DANONE Cottage Cheese mager 3,9%vg 200g",
    "AlcoholVolume": "0",
    "FicCode": "E",
    "EcoscoreValue": "71"
  },
  {
    "productId": "50013",
    "technicalArticleNumber": "2477578",
    "commercialArticleNumber": "39140",
    "name": "Zwitserse Emmental geraspt",
    "description": "*Zwitserland\n*Geraspte kaas\n*Natuurlijk, fijn\n*O.b.v. rauwe melk",
    "brand": "BONI",
    "seoBrand": "Boni Selection",
    "thumbNail": "https://static.colruytgroup.com/images/200x200/std.lang.all/35/32/asset-1713532.jpg",
    "fullImage": "https://static.colruytgroup.com/images/500x500/std.lang.all/35/32/asset-1713532.jpg",
    "squareImage": "https://static.colruytgroup.com/images/500x500sq/std.lang.all/35/32/asset-1713532.jpg",
    "content": "250g",
    "walkRouteSequenceNumber": 5641,
    "price": {
      "basicPrice": 4.79,
      "recommendedQuantity": "1.0",
      "measurementUnitPrice": 19.16,
      "measurementUnit": "K",
      "isRedPrice": false,
      "pricePerUOM": 19.16,
      "activationDate": "29-11-2023",
      "isPromoActive": "N",
      "priceChangeCode": "H"
    },
    "isAvailable": true,
    "isPriceAvailable": true,
    "inPromo": false,
    "gtin": [
      "05400141041972",
      "05400141129038",
      "05400141117981"
    ],
    "topCategoryName": "Zuivel",
    "topCategoryId": "65",
    "businessDomain": "RETAIL_BE",
    "IsPrivateLabel": true,
    "IsBiffe": false,
    "WeightconversionFactor": "0",
    "IsWeightArticle": false,
    "nutriscoreLabel": "C",
    "IsBio": false,
    "CountryOfOrigin": "BELGIË",
    "IsExclusivelySoldInLuxembourg": false,
    "OrderUnit": "P",
    "ShortName": "BONI EMM.SUISSE RAP250G",
    "IsNew": false,
    "EcoscoreLabel": "C",
    "RecentQuanityOfStockUnits": "1",
    "LongName": "BONI Zwitserse Emmental geraspt 250g",
    "AlcoholVolume": "0",
    "FicCode": "I",
    "EcoscoreValue": "58"
  },
  {
    "productId": "28469",
    "technicalArticleNumber": "2175700",
    "commercialArticleNumber": "35895",
    "name": "melkdrank gerferm.orig.",
    "description": "*Extra bevorderend\nvoor de darmflora",
    "brand": "YAKULT",
    "seoBrand": "Yakult",
    "thumbNail": "https://static.colruytgroup.com/images/200x200/std.lang.all/09/05/asset-3320905.jpg",
    "fullImage": "https://static.colruytgroup.com/images/500x500/std.lang.all/09/05/asset-3320905.jpg",
    "squareImage": "https://static.colruytgroup.com/images/500x500sq/std.lang.all/09/05/asset-3320905.jpg",
    "content": "15x65ml",
    "walkRouteSequenceNumber": 5671,
    "price": {
      "basicPrice": 6.79,
      "recommendedQuantity": "1.0",
      "measurementUnitPrice": 6.97,
      "measurementUnit": "L",
      "isRedPrice": false,
      "pricePerUOM": 6.97,
      "activationDate": "02-02-2024",
      "recordSource": "Offline",
      "isPromoActive": "N",
      "priceChangeCode": "E"
    },
    "isAvailable": true,
    "isPriceAvailable": true,
    "inPromo": false,
    "gtin": [
      "08713108006028",
      "08713108002518",
      "08713108001528"
    ],
    "topCategoryName": "Zuivel",
    "topCategoryId": "65",
    "businessDomain": "RETAIL_BE",
    "IsPrivateLabel": false,
    "IsBiffe": false,
    "WeightconversionFactor": "0",
    "IsWeightArticle": false,
    "nutriscoreLabel": "E",
    "IsBio": false,
    "CountryOfOrigin": "NEDERLAND",
    "IsExclusivelySoldInLuxembourg": false,
    "OrderUnit": "P",
    "ShortName": "YAKULT DRANKJE 15X65ML",
    "IsNew": false,
    "EcoscoreLabel": "B",
    "RecentQuanityOfStockUnits": "1,4",
    "LongName": "YAKULT melkdrank gerferm.orig. 15x65ml",
    "AlcoholVolume": "0",
    "FicCode": "E",
    "EcoscoreValue": "71"
  },
  {
    "productId": "15874",
    "technicalArticleNumber": "1420122",
    "commercialArticleNumber": "28326",
    "name": "Mozzarella maxi",
    "description": "*Italië\n*Verse kaas\n*Fris, licht, mild\n*O.b.v. volle melk",
    "brand": "GALBANI",
    "seoBrand": "Galbani",
    "thumbNail": "https://static.colruytgroup.com/images/200x200/std.lang.all/21/51/asset-2172151.jpg",
    "fullImage": "https://static.colruytgroup.com/images/500x500/std.lang.all/21/51/asset-2172151.jpg",
    "squareImage": "https://static.colruytgroup.com/images/500x500sq/std.lang.all/21/51/asset-2172151.jpg",
    "content": "250g",
    "walkRouteSequenceNumber": 5237,
    "price": {
      "basicPrice": 2.68,
      "recommendedQuantity": "1.0",
      "measurementUnitPrice": 10.72,
      "measurementUnit": "K",
      "isRedPrice": false,
      "pricePerUOM": 10.72,
      "activationDate": "22-03-2024",
      "recordSource": "Offline",
      "isPromoActive": "N",
      "priceChangeCode": "L"
    },
    "isAvailable": true,
    "isPriceAvailable": true,
    "inPromo": false,
    "gtin": [
      "08000430135268",
      "08000430813784",
      "05413209990723"
    ],
    "topCategoryName": "Zuivel",
    "topCategoryId": "65",
    "businessDomain": "RETAIL_BE",
    "IsPrivateLabel": false,
    "IsBiffe": false,
    "WeightconversionFactor": "0",
    "IsWeightArticle": false,
    "nutriscoreLabel": "C",
    "IsBio": false,
    "CountryOfOrigin": "ITALIË",
    "IsExclusivelySoldInLuxembourg": false,
    "OrderUnit": "P",
    "ShortName": "GALB.MOZZARELLA MAXI250",
    "IsNew": false,
    "EcoscoreLabel": "D",
    "RecentQuanityOfStockUnits": "1,8",
    "LongName": "GALBANI Mozzarella maxi 250g",
    "AlcoholVolume": "0",
    "FicCode": "E",
    "EcoscoreValue": "38"
  },
  {
    "productId": "183319",
    "technicalArticleNumber": "3352659",
    "commercialArticleNumber": "5511",
    "name": "Original",
    "description": "*Nederland\n*Zacht\n*Romig\n*O.b.v. gepast. koe-\nmelk",
    "brand": "HEKS'NKAAS",
    "seoBrand": "Heks'nkaas",
    "thumbNail": "https://static.colruytgroup.com/images/200x200/std.lang.all/34/97/asset-2173497.jpg",
    "fullImage": "https://static.colruytgroup.com/images/500x500/std.lang.all/34/97/asset-2173497.jpg",
    "squareImage": "https://static.colruytgroup.com/images/500x500sq/std.lang.all/34/97/asset-2173497.jpg",
    "content": "200g",
    "walkRouteSequenceNumber": 4895,
    "price": {
      "basicPrice": 3.49,
      "recommendedQuantity": "1.0",
      "measurementUnitPrice": 17.45,
      "measurementUnit": "K",
      "isRedPrice": false,
      "pricePerUOM": 17.45,
      "activationDate": "13-03-2024",
      "isPromoActive": "Y",
      "priceChangeCode": "E"
    },
    "isAvailable": true,
    "isPriceAvailable": true,
    "inPromo": true,
    "promotion": [
      {
        "techPromoId": "100840COLR",
        "promotionId": "100840",
        "promotionType": "4",
        "isPersonalized": "N",
        "publicationStartDate": "13-03-2024",
        "publicationEndDate": "26-03-2024"
      }
    ],
    "gtin": [
      "08718719170151",
      "08718719170168",
      "08718719171592"
    ],
    "topCategoryName": "Zuivel",
    "topCategoryId": "65",
    "businessDomain": "RETAIL_BE",
    "IsPrivateLabel": false,
    "IsBiffe": false,
    "WeightconversionFactor": "0",
    "IsWeightArticle": false,
    "nutriscoreLabel": "D",
    "IsBio": false,
    "CountryOfOrigin": "NEDERLAND",
    "IsExclusivelySoldInLuxembourg": false,
    "OrderUnit": "P",
    "ShortName": "RE HEKS ORIGINAL 200G",
    "IsNew": false,
    "EcoscoreLabel": "C",
    "RecentQuanityOfStockUnits": "1",
    "LongName": "HEKS'NKAAS Original 200g",
    "AlcoholVolume": "0",
    "FicCode": "E",
    "EcoscoreValue": "54"
  },
  {
    "productId": "612359",
    "technicalArticleNumber": "4286206",
    "commercialArticleNumber": "20363",
    "name": "Oud Blok",
    "description": "*België\n*Harde kaas\n*Romig, vol\n*9 maanden gerijpt\n*O.b.v. gepast. melk",
    "brand": "BRUGGE",
    "seoBrand": "Brugge",
    "thumbNail": "https://static.colruytgroup.com/images/200x200/std.lang.all/31/71/asset-2263171.jpg",
    "fullImage": "https://static.colruytgroup.com/images/500x500/std.lang.all/31/71/asset-2263171.jpg",
    "squareImage": "https://static.colruytgroup.com/images/500x500sq/std.lang.all/31/71/asset-2263171.jpg",
    "content": "±375g",
    "walkRouteSequenceNumber": 6185,
    "price": {
      "basicPrice": 20.9,
      "recommendedQuantity": "0.3",
      "unit": "K",
      "measurementUnitPrice": 20.9,
      "measurementUnit": "K",
      "isRedPrice": false,
      "pricePerUOM": 20.9,
      "activationDate": "13-03-2024",
      "isPromoActive": "Y",
      "priceChangeCode": "E"
    },
    "isAvailable": true,
    "isPriceAvailable": true,
    "inPromo": true,
    "promotion": [
      {
        "techPromoId": "100828COLR",
        "promotionId": "100828",
        "promotionType": "3",
        "isPersonalized": "N",
        "publicationStartDate": "13-03-2024",
        "publicationEndDate": "26-03-2024"
      }
    ],
    "gtin": [
      "15400141415053",
      "95400141415059",
      "05400141415056"
    ],
    "topCategoryName": "Zuivel",
    "topCategoryId": "65",
    "businessDomain": "RETAIL_BE",
    "IsPrivateLabel": false,
    "IsBiffe": false,
    "WeightconversionFactor": "375",
    "IsWeightArticle": true,
    "nutriscoreLabel": "D",
    "IsBio": false,
    "CountryOfOrigin": "BELGIË",
    "IsExclusivelySoldInLuxembourg": false,
    "OrderUnit": "P",
    "ShortName": "BRUGGE OUD BLOK+-375GW",
    "IsNew": false,
    "EcoscoreLabel": "B",
    "RecentQuanityOfStockUnits": "1",
    "LongName": "BRUGGE Oud Blok ±375g",
    "FicCode": "I",
    "EcoscoreValue": "62"
  },
  {
    "productId": "282842",
    "technicalArticleNumber": "3646146",
    "commercialArticleNumber": "30942",
    "name": "Original look&f.kruid.",
    "description": "*Duitsland\n*Verse kaas\n*Met kruiden en look",
    "brand": "PHILADELPHIA",
    "seoBrand": "Philadelphia",
    "thumbNail": "https://static.colruytgroup.com/images/200x200/std.lang.all/35/60/asset-3013560.jpg",
    "fullImage": "https://static.colruytgroup.com/images/500x500/std.lang.all/35/60/asset-3013560.jpg",
    "squareImage": "https://static.colruytgroup.com/images/500x500sq/std.lang.all/35/60/asset-3013560.jpg",
    "content": "300g",
    "walkRouteSequenceNumber": 4878,
    "price": {
      "basicPrice": 2.8,
      "recommendedQuantity": "1.0",
      "measurementUnitPrice": 9.34,
      "measurementUnit": "K",
      "isRedPrice": false,
      "pricePerUOM": 9.34,
      "activationDate": "18-03-2024",
      "recordSource": "Folder",
      "isPromoActive": "Y",
      "priceChangeCode": "H"
    },
    "isAvailable": true,
    "isPriceAvailable": true,
    "inPromo": true,
    "promotion": [
      {
        "techPromoId": "100860COLR",
        "promotionId": "100860",
        "promotionType": "4",
        "isPersonalized": "N",
        "publicationStartDate": "13-03-2024",
        "publicationEndDate": "26-03-2024"
      }
    ],
    "gtin": [
      "07622210579317",
      "07622210710604",
      "07622210579294"
    ],
    "topCategoryName": "Zuivel",
    "topCategoryId": "65",
    "businessDomain": "RETAIL_BE",
    "IsPrivateLabel": false,
    "IsBiffe": false,
    "WeightconversionFactor": "0",
    "IsWeightArticle": false,
    "nutriscoreLabel": "D",
    "IsBio": false,
    "CountryOfOrigin": "DUITSLAND",
    "IsExclusivelySoldInLuxembourg": false,
    "OrderUnit": "P",
    "ShortName": "PHILADEL KRUIDEN 300G",
    "IsNew": false,
    "RecentQuanityOfStockUnits": "1,8",
    "LongName": "PHILADELPHIA Original look&f.kruid. 300g",
    "AlcoholVolume": "0",
    "FicCode": "E"
  },
  {
    "productId": "46543",
    "technicalArticleNumber": "2509757",
    "commercialArticleNumber": "12750",
    "name": "Emmental geraspt",
    "description": "*Duitsland\n*Geraspte kaas\n*O.b.v. bio gepast.\nmelk\n*Vegetarisch",
    "brand": "BONI BIO",
    "seoBrand": "Boni Selection Bio",
    "thumbNail": "https://static.colruytgroup.com/images/200x200/std.lang.all/09/66/asset-2070966.jpg",
    "fullImage": "https://static.colruytgroup.com/images/500x500/std.lang.all/09/66/asset-2070966.jpg",
    "squareImage": "https://static.colruytgroup.com/images/500x500sq/std.lang.all/09/66/asset-2070966.jpg",
    "content": "250g",
    "walkRouteSequenceNumber": 5638,
    "price": {
      "basicPrice": 2.91,
      "recommendedQuantity": "1.0",
      "measurementUnitPrice": 11.64,
      "measurementUnit": "K",
      "isRedPrice": false,
      "pricePerUOM": 11.64,
      "activationDate": "20-03-2024",
      "recordSource": "Folder",
      "isPromoActive": "N",
      "priceChangeCode": "L"
    },
    "isAvailable": true,
    "isPriceAvailable": true,
    "inPromo": false,
    "gtin": [
      "05400141806229",
      "05400141355000",
      "05400141115857",
      "05400141268430",
      "05400141269116"
    ],
    "topCategoryName": "Zuivel",
    "topCategoryId": "65",
    "businessDomain": "RETAIL_BE",
    "IsPrivateLabel": true,
    "IsBiffe": false,
    "WeightconversionFactor": "0",
    "IsWeightArticle": false,
    "nutriscoreLabel": "C",
    "IsBio": true,
    "CountryOfOrigin": "BELGIË",
    "IsExclusivelySoldInLuxembourg": false,
    "OrderUnit": "P",
    "ShortName": "BS BIO EM.RASP 250GR",
    "IsNew": false,
    "EcoscoreLabel": "B",
    "RecentQuanityOfStockUnits": "1",
    "LongName": "BONI BIO Emmental geraspt 250g",
    "AlcoholVolume": "0",
    "FicCode": "I",
    "EcoscoreValue": "71"
  },
  {
    "productId": "689335",
    "technicalArticleNumber": "4414953",
    "commercialArticleNumber": "13543",
    "name": "feta classic",
    "description": "*Griekenland",
    "brand": "SALAKIS",
    "seoBrand": "Salakis",
    "thumbNail": "https://static.colruytgroup.com/images/200x200/std.lang.all/11/14/asset-2421114.jpg",
    "fullImage": "https://static.colruytgroup.com/images/500x500/std.lang.all/11/14/asset-2421114.jpg",
    "squareImage": "https://static.colruytgroup.com/images/500x500sq/std.lang.all/11/14/asset-2421114.jpg",
    "content": "150g",
    "walkRouteSequenceNumber": 5218,
    "price": {
      "basicPrice": 3.58,
      "recommendedQuantity": "1.0",
      "measurementUnitPrice": 23.87,
      "measurementUnit": "K",
      "isRedPrice": false,
      "pricePerUOM": 23.87,
      "activationDate": "17-10-2023",
      "recordSource": "Offline",
      "isPromoActive": "N",
      "priceChangeCode": "E"
    },
    "isAvailable": true,
    "isPriceAvailable": true,
    "inPromo": false,
    "gtin": [
      "05413209992574",
      "05413209992581"
    ],
    "topCategoryName": "Zuivel",
    "topCategoryId": "65",
    "businessDomain": "RETAIL_BE",
    "IsPrivateLabel": false,
    "IsBiffe": false,
    "WeightconversionFactor": "0",
    "IsWeightArticle": false,
    "nutriscoreLabel": "E",
    "IsBio": false,
    "CountryOfOrigin": "GRIEKENLAND",
    "IsExclusivelySoldInLuxembourg": false,
    "OrderUnit": "P",
    "ShortName": "SALA FETA CLASSIC 150G",
    "IsNew": false,
    "EcoscoreLabel": "E",
    "RecentQuanityOfStockUnits": "1",
    "LongName": "SALAKIS feta classic 150g",
    "FicCode": "E",
    "EcoscoreValue": "8"
  },
  {
    "productId": "3967",
    "technicalArticleNumber": "1006110",
    "commercialArticleNumber": "26186",
    "name": "Petit Boni fruit",
    "description": "*Halfvol\n*Vetgehalte: 3,4 %\n*Met toegevoegde\nvitamines",
    "brand": "BONI",
    "seoBrand": "Boni Selection",
    "thumbNail": "https://static.colruytgroup.com/images/200x200/std.lang.all/41/71/asset-3224171.jpg",
    "fullImage": "https://static.colruytgroup.com/images/500x500/std.lang.all/41/71/asset-3224171.jpg",
    "squareImage": "https://static.colruytgroup.com/images/500x500sq/std.lang.all/41/71/asset-3224171.jpg",
    "content": "12x50g",
    "walkRouteSequenceNumber": 5866,
    "price": {
      "basicPrice": 2.35,
      "recommendedQuantity": "1.0",
      "measurementUnitPrice": 3.92,
      "measurementUnit": "K",
      "isRedPrice": false,
      "pricePerUOM": 3.92,
      "activationDate": "14-11-2023",
      "recordSource": "Offline",
      "isPromoActive": "N",
      "priceChangeCode": "E"
    },
    "isAvailable": true,
    "isPriceAvailable": true,
    "inPromo": false,
    "gtin": [
      "05400141978780",
      "15400141978787",
      "15400141989707",
      "05400141036015",
      "05400141261868",
      "05400141417050",
      "05400141503128",
      "15400141503125",
      "05400141238754"
    ],
    "topCategoryName": "Zuivel",
    "topCategoryId": "65",
    "businessDomain": "RETAIL_BE",
    "IsPrivateLabel": true,
    "IsBiffe": false,
    "WeightconversionFactor": "0",
    "IsWeightArticle": false,
    "nutriscoreLabel": "C",
    "IsBio": false,
    "CountryOfOrigin": "FRANKRIJK",
    "IsExclusivelySoldInLuxembourg": false,
    "OrderUnit": "P",
    "ShortName": "BONI S PT FRUIT 12X50G",
    "IsNew": false,
    "EcoscoreLabel": "A",
    "RecentQuanityOfStockUnits": "1,8",
    "LongName": "BONI Petit Boni fruit 12x50g",
    "AlcoholVolume": "0",
    "FicCode": "I",
    "EcoscoreValue": "89"
  },
  {
    "productId": "344754",
    "technicalArticleNumber": "3830211",
    "commercialArticleNumber": "14103",
    "name": "jonge kaas sneden",
    "description": "*België\n*Jong",
    "brand": "PASSENDALE",
    "seoBrand": "Passendale",
    "thumbNail": "https://static.colruytgroup.com/images/200x200/std.lang.all/45/61/asset-2314561.jpg",
    "fullImage": "https://static.colruytgroup.com/images/500x500/std.lang.all/45/61/asset-2314561.jpg",
    "squareImage": "https://static.colruytgroup.com/images/500x500sq/std.lang.all/45/61/asset-2314561.jpg",
    "content": "300g",
    "walkRouteSequenceNumber": 6190,
    "price": {
      "basicPrice": 7.86,
      "recommendedQuantity": "1.0",
      "measurementUnitPrice": 26.2,
      "measurementUnit": "K",
      "isRedPrice": false,
      "pricePerUOM": 26.2,
      "activationDate": "21-03-2024",
      "recordSource": "Offline",
      "isPromoActive": "N",
      "priceChangeCode": "E"
    },
    "isAvailable": true,
    "isPriceAvailable": true,
    "inPromo": true,
    "promotion": [
      {
        "techPromoId": "100847COLR",
        "promotionId": "100847",
        "promotionType": "3",
        "isPersonalized": "N",
        "publicationStartDate": "13-03-2024",
        "publicationEndDate": "26-03-2024"
      }
    ],
    "gtin": [
      "05410942173017",
      "05410942173000"
    ],
    "topCategoryName": "Zuivel",
    "topCategoryId": "65",
    "businessDomain": "RETAIL_BE",
    "IsPrivateLabel": false,
    "IsBiffe": false,
    "WeightconversionFactor": "0",
    "IsWeightArticle": false,
    "nutriscoreLabel": "D",
    "IsBio": false,
    "CountryOfOrigin": "BELGIË",
    "IsExclusivelySoldInLuxembourg": false,
    "OrderUnit": "P",
    "ShortName": "PASS JONGE KAAS SN.300G",
    "IsNew": false,
    "RecentQuanityOfStockUnits": "1",
    "LongName": "PASSENDALE jonge kaas sneden 300g",
    "AlcoholVolume": "0",
    "FicCode": "E"
  },
  {
    "productId": "611478",
    "technicalArticleNumber": "4285082",
    "commercialArticleNumber": "9136",
    "name": "Geitenkaas gemalen",
    "description": "*Geitenkaas\n*Geraspte kaas\n*Vegetarisch",
    "brand": "BONI",
    "seoBrand": "Boni Selection",
    "thumbNail": "https://static.colruytgroup.com/images/200x200/std.lang.all/65/57/asset-2256557.jpg",
    "fullImage": "https://static.colruytgroup.com/images/500x500/std.lang.all/65/57/asset-2256557.jpg",
    "squareImage": "https://static.colruytgroup.com/images/500x500sq/std.lang.all/65/57/asset-2256557.jpg",
    "content": "150g",
    "walkRouteSequenceNumber": 5629,
    "price": {
      "basicPrice": 2.29,
      "recommendedQuantity": "1.0",
      "quantityPrice": 1.83,
      "quantityPriceQuantity": "2.0",
      "measurementUnitPrice": 15.27,
      "measurementUnitQuantityPrice": 12.2,
      "measurementUnit": "K",
      "isRedPrice": false,
      "pricePerUOM": 15.27,
      "activationDate": "22-03-2024",
      "recordSource": "Offline",
      "isPromoActive": "N",
      "priceChangeCode": "E",
      "quantityPricePerUOM": 12.2,
      "quantityActivationDate": "22-03-2024",
      "quantityPriceChangeCode": "E"
    },
    "isAvailable": true,
    "isPriceAvailable": true,
    "inPromo": false,
    "gtin": [
      "05400141414554",
      "05400141950373"
    ],
    "topCategoryName": "Zuivel",
    "topCategoryId": "65",
    "businessDomain": "RETAIL_BE",
    "IsPrivateLabel": true,
    "IsBiffe": false,
    "WeightconversionFactor": "0",
    "IsWeightArticle": false,
    "nutriscoreLabel": "C",
    "IsBio": false,
    "CountryOfOrigin": "BELGIË",
    "IsExclusivelySoldInLuxembourg": false,
    "OrderUnit": "P",
    "ShortName": "BONI GEITKAAS GEMAL150G",
    "IsNew": false,
    "EcoscoreLabel": "D",
    "RecentQuanityOfStockUnits": "1",
    "LongName": "BONI Geitenkaas gemalen 150g",
    "FicCode": "I",
    "EcoscoreValue": "29"
  },
  {
    "productId": "115714",
    "technicalArticleNumber": "3003595",
    "commercialArticleNumber": "7660",
    "name": "smeerkaas gruyère 6p",
    "description": "*Smeerkaas",
    "brand": "CHALET",
    "seoBrand": "Chalet",
    "thumbNail": "https://static.colruytgroup.com/images/200x200/std.lang.all/02/96/asset-380296.jpg",
    "fullImage": "https://static.colruytgroup.com/images/500x500/std.lang.all/02/96/asset-380296.jpg",
    "squareImage": "https://static.colruytgroup.com/images/500x500sq/std.lang.all/02/96/asset-380296.jpg",
    "content": "140g",
    "walkRouteSequenceNumber": 6134,
    "price": {
      "basicPrice": 6.55,
      "recommendedQuantity": "1.0",
      "measurementUnitPrice": 46.79,
      "measurementUnit": "K",
      "isRedPrice": false,
      "pricePerUOM": 46.79,
      "activationDate": "14-11-2023",
      "recordSource": "Offline",
      "isPromoActive": "N",
      "priceChangeCode": "E"
    },
    "isAvailable": true,
    "isPriceAvailable": true,
    "inPromo": false,
    "gtin": [
      "07610900045747",
      "07610900045839",
      "07610900050703"
    ],
    "topCategoryName": "Zuivel",
    "topCategoryId": "65",
    "businessDomain": "RETAIL_BE",
    "IsPrivateLabel": false,
    "IsBiffe": false,
    "WeightconversionFactor": "0",
    "IsWeightArticle": false,
    "nutriscoreLabel": "C",
    "IsBio": false,
    "CountryOfOrigin": "ZWITSERLAND",
    "IsExclusivelySoldInLuxembourg": false,
    "OrderUnit": "P",
    "ShortName": "CHALET GRUYERE 6P.140GR",
    "IsNew": false,
    "EcoscoreLabel": "B",
    "RecentQuanityOfStockUnits": "4,1",
    "LongName": "CHALET smeerkaas gruyère 6p 140g",
    "AlcoholVolume": "0",
    "FicCode": "E",
    "EcoscoreValue": "71"
  },
  {
    "productId": "106656",
    "technicalArticleNumber": "3125649",
    "commercialArticleNumber": "42892",
    "name": "gouda oud sneetjes",
    "description": "*Nederland\n*Harde kaas\n*Pittig\n*Oud",
    "brand": "OLD AMSTERDAM",
    "seoBrand": "Old Amsterdam",
    "thumbNail": "https://static.colruytgroup.com/images/200x200/std.lang.all/26/73/asset-3252673.jpg",
    "fullImage": "https://static.colruytgroup.com/images/500x500/std.lang.all/26/73/asset-3252673.jpg",
    "squareImage": "https://static.colruytgroup.com/images/500x500sq/std.lang.all/26/73/asset-3252673.jpg",
    "content": "±305g",
    "walkRouteSequenceNumber": 6197,
    "price": {
      "basicPrice": 25.73,
      "recommendedQuantity": "0.1",
      "unit": "K",
      "measurementUnitPrice": 25.73,
      "measurementUnit": "K",
      "isRedPrice": false,
      "pricePerUOM": 25.73,
      "activationDate": "18-03-2024",
      "recordSource": "Offline",
      "isPromoActive": "N",
      "priceChangeCode": "H"
    },
    "isAvailable": true,
    "isPriceAvailable": true,
    "inPromo": true,
    "promotion": [
      {
        "techPromoId": "100971COLR",
        "promotionId": "100971",
        "promotionType": "3",
        "isPersonalized": "N",
        "publicationStartDate": "13-03-2024",
        "publicationEndDate": "26-03-2024"
      }
    ],
    "gtin": [
      "08710243956768",
      "98710243133940",
      "98710243733942"
    ],
    "topCategoryName": "Zuivel",
    "topCategoryId": "65",
    "businessDomain": "RETAIL_BE",
    "IsPrivateLabel": false,
    "IsBiffe": false,
    "WeightconversionFactor": "300",
    "IsWeightArticle": true,
    "nutriscoreLabel": "E",
    "IsBio": false,
    "CountryOfOrigin": "BELGIË",
    "IsExclusivelySoldInLuxembourg": false,
    "OrderUnit": "P",
    "ShortName": "OLD AMSTERDAM SN+-305GW",
    "IsNew": false,
    "EcoscoreLabel": "B",
    "RecentQuanityOfStockUnits": "1",
    "LongName": "OLD AMSTERDAM gouda oud sneetjes ±305g",
    "AlcoholVolume": "0",
    "FicCode": "E",
    "EcoscoreValue": "63"
  },
  {
    "productId": "137324",
    "technicalArticleNumber": "3168827",
    "commercialArticleNumber": "18595",
    "name": "yogh.vol rietsuiker bio",
    "description": "*Vol\n*Standyoghurt\n*Gesuikerd",
    "brand": "PUR NATUR",
    "seoBrand": "Pur Natur",
    "thumbNail": "https://static.colruytgroup.com/images/200x200/std.lang.all/81/79/asset-3408179.jpg",
    "fullImage": "https://static.colruytgroup.com/images/500x500/std.lang.all/81/79/asset-3408179.jpg",
    "squareImage": "https://static.colruytgroup.com/images/500x500sq/std.lang.all/81/79/asset-3408179.jpg",
    "content": "6x125g",
    "walkRouteSequenceNumber": 5777,
    "price": {
      "basicPrice": 4.45,
      "recommendedQuantity": "1.0",
      "measurementUnitPrice": 5.94,
      "measurementUnit": "K",
      "isRedPrice": false,
      "pricePerUOM": 5.94,
      "activationDate": "14-03-2024",
      "recordSource": "Folder",
      "isPromoActive": "N",
      "priceChangeCode": "L"
    },
    "isAvailable": true,
    "isPriceAvailable": true,
    "inPromo": true,
    "promotion": [
      {
        "techPromoId": "100945COLR",
        "promotionId": "100945",
        "promotionType": "3",
        "isPersonalized": "N",
        "publicationStartDate": "13-03-2024",
        "publicationEndDate": "26-03-2024"
      }
    ],
    "gtin": [
      "05412971916726",
      "05412971016723",
      "05400141154375",
      "15400141972266"
    ],
    "topCategoryName": "Zuivel",
    "topCategoryId": "65",
    "businessDomain": "RETAIL_BE",
    "IsPrivateLabel": false,
    "IsBiffe": false,
    "WeightconversionFactor": "0",
    "IsWeightArticle": false,
    "nutriscoreLabel": "B",
    "IsBio": true,
    "CountryOfOrigin": "BELGIË",
    "IsExclusivelySoldInLuxembourg": false,
    "OrderUnit": "P",
    "ShortName": "PN YOG RI.SUI. BIO6X125",
    "InSeason": true,
    "IsNew": false,
    "EcoscoreLabel": "A",
    "RecentQuanityOfStockUnits": "1",
    "LongName": "PUR NATUR yogh.vol rietsuiker bio 6x125g",
    "AlcoholVolume": "0",
    "StartSeasonDate": "05/01/2021",
    "FicCode": "E",
    "EcoscoreValue": "100"
  },
  {
    "productId": "593386",
    "technicalArticleNumber": "4253123",
    "commercialArticleNumber": "21153",
    "name": "kokos natuur",
    "description": "*Plantaardig\nalternatief\nvoor yoghurt",
    "brand": "ALPRO",
    "seoBrand": "Alpro",
    "thumbNail": "https://static.colruytgroup.com/images/200x200/std.lang.all/37/70/asset-3373770.jpg",
    "fullImage": "https://static.colruytgroup.com/images/500x500/std.lang.all/37/70/asset-3373770.jpg",
    "squareImage": "https://static.colruytgroup.com/images/500x500sq/std.lang.all/37/70/asset-3373770.jpg",
    "content": "350g",
    "walkRouteSequenceNumber": 5852,
    "price": {
      "basicPrice": 3.59,
      "recommendedQuantity": "1.0",
      "measurementUnitPrice": 10.26,
      "measurementUnit": "K",
      "isRedPrice": false,
      "pricePerUOM": 10.26,
      "activationDate": "12-03-2024",
      "recordSource": "Offline",
      "isPromoActive": "N",
      "priceChangeCode": "E"
    },
    "isAvailable": true,
    "isPriceAvailable": true,
    "inPromo": false,
    "gtin": [
      "05411188131403",
      "05411188131380"
    ],
    "topCategoryName": "Zuivel",
    "topCategoryId": "65",
    "businessDomain": "RETAIL_BE",
    "IsPrivateLabel": false,
    "IsBiffe": false,
    "WeightconversionFactor": "0",
    "IsWeightArticle": false,
    "nutriscoreLabel": "C",
    "IsBio": false,
    "CountryOfOrigin": "BELGIË",
    "IsExclusivelySoldInLuxembourg": false,
    "OrderUnit": "P",
    "ShortName": "ALPR COCO PLAIN 350G",
    "IsNew": false,
    "EcoscoreLabel": "A",
    "RecentQuanityOfStockUnits": "1,6",
    "LongName": "ALPRO kokos natuur 350g",
    "FicCode": "E",
    "EcoscoreValue": "89"
  },
  {
    "productId": "1015429",
    "technicalArticleNumber": "4788210",
    "commercialArticleNumber": "1083",
    "name": "Crème Liégeois Chocolade",
    "brand": "DANETTE",
    "seoBrand": "Danette",
    "thumbNail": "https://static.colruytgroup.com/images/200x200/std.lang.all/20/86/asset-3442086.jpg",
    "fullImage": "https://static.colruytgroup.com/images/500x500/std.lang.all/20/86/asset-3442086.jpg",
    "squareImage": "https://static.colruytgroup.com/images/500x500sq/std.lang.all/20/86/asset-3442086.jpg",
    "content": "4x100g",
    "walkRouteSequenceNumber": 5920,
    "price": {
      "basicPrice": 3.49,
      "recommendedQuantity": "1.0",
      "measurementUnitPrice": 8.73,
      "measurementUnit": "K",
      "isRedPrice": false,
      "pricePerUOM": 8.73,
      "activationDate": "19-03-2024",
      "recordSource": "Offline",
      "isPromoActive": "N",
      "priceChangeCode": "H"
    },
    "isAvailable": true,
    "isPriceAvailable": true,
    "inPromo": false,
    "gtin": [
      "03033491377105"
    ],
    "topCategoryName": "Zuivel",
    "topCategoryId": "65",
    "businessDomain": "RETAIL_BE",
    "IsPrivateLabel": false,
    "IsBiffe": false,
    "WeightconversionFactor": "0",
    "IsWeightArticle": false,
    "nutriscoreLabel": "C",
    "IsBio": false,
    "CountryOfOrigin": "FRANKRIJK",
    "IsExclusivelySoldInLuxembourg": false,
    "OrderUnit": "P",
    "ShortName": "DANE CR.LIEGE.CH.4X100G",
    "IsNew": true,
    "EcoscoreLabel": "C",
    "RecentQuanityOfStockUnits": "1",
    "LongName": "DANETTE Crème Liégeois Chocolade 4x100g",
    "AlcoholVolume": "0",
    "FicCode": "I",
    "EcoscoreValue": "53"
  },
  {
    "productId": "907335",
    "technicalArticleNumber": "4758708",
    "commercialArticleNumber": "1406",
    "name": "Big Bottle Natuur",
    "brand": "ACTIMEL",
    "seoBrand": "Actimel",
    "thumbNail": "https://static.colruytgroup.com/images/200x200/std.lang.all/27/81/asset-3362781.jpg",
    "fullImage": "https://static.colruytgroup.com/images/500x500/std.lang.all/27/81/asset-3362781.jpg",
    "squareImage": "https://static.colruytgroup.com/images/500x500sq/std.lang.all/27/81/asset-3362781.jpg",
    "content": "645g",
    "walkRouteSequenceNumber": 5685,
    "price": {
      "basicPrice": 2.99,
      "recommendedQuantity": "1.0",
      "measurementUnitPrice": 4.64,
      "measurementUnit": "K",
      "isRedPrice": false,
      "pricePerUOM": 4.64,
      "activationDate": "05-03-2024",
      "recordSource": "Offline",
      "isPromoActive": "N",
      "priceChangeCode": "E"
    },
    "isAvailable": true,
    "isPriceAvailable": true,
    "inPromo": false,
    "gtin": [
      "03033491786167"
    ],
    "topCategoryName": "Zuivel",
    "topCategoryId": "65",
    "businessDomain": "RETAIL_BE",
    "IsPrivateLabel": false,
    "IsBiffe": false,
    "WeightconversionFactor": "0",
    "IsWeightArticle": false,
    "nutriscoreLabel": "B",
    "IsBio": false,
    "CountryOfOrigin": "BELGIË",
    "IsExclusivelySoldInLuxembourg": false,
    "OrderUnit": "P",
    "ShortName": "ACTI BIG BOT.NATUUR645G",
    "IsNew": false,
    "EcoscoreLabel": "B",
    "RecentQuanityOfStockUnits": "1,6",
    "LongName": "ACTIMEL Big Bottle Natuur 645g",
    "FicCode": "E",
    "EcoscoreValue": "67"
  },
  {
    "productId": "892945",
    "technicalArticleNumber": "4754911",
    "commercialArticleNumber": "5837",
    "name": "snack banaan",
    "brand": "LINDAHLS",
    "seoBrand": "Nestlé LINDAHLS",
    "thumbNail": "https://static.colruytgroup.com/images/200x200/std.lang.all/23/50/asset-3342350.jpg",
    "fullImage": "https://static.colruytgroup.com/images/500x500/std.lang.all/23/50/asset-3342350.jpg",
    "squareImage": "https://static.colruytgroup.com/images/500x500sq/std.lang.all/23/50/asset-3342350.jpg",
    "content": "40g",
    "walkRouteSequenceNumber": 5679,
    "price": {
      "basicPrice": 1.39,
      "recommendedQuantity": "1.0",
      "measurementUnitPrice": 34.75,
      "measurementUnit": "K",
      "isRedPrice": false,
      "pricePerUOM": 34.75,
      "activationDate": "20-02-2024",
      "recordSource": "Offline",
      "isPromoActive": "N",
      "priceChangeCode": "E"
    },
    "isAvailable": true,
    "isPriceAvailable": true,
    "inPromo": false,
    "gtin": [
      "08033629409765",
      "08033629401769"
    ],
    "topCategoryName": "Zuivel",
    "topCategoryId": "65",
    "businessDomain": "RETAIL_BE",
    "IsPrivateLabel": false,
    "IsBiffe": false,
    "WeightconversionFactor": "0",
    "IsWeightArticle": false,
    "nutriscoreLabel": "D",
    "IsBio": false,
    "CountryOfOrigin": "ZWEDEN",
    "IsExclusivelySoldInLuxembourg": false,
    "OrderUnit": "P",
    "ShortName": "LIND SNACK BANAAN 40G",
    "IsNew": false,
    "RecentQuanityOfStockUnits": "1",
    "LongName": "LINDAHLS snack banaan 40g",
    "FicCode": "E"
  },
  {
    "productId": "859977",
    "technicalArticleNumber": "4710635",
    "commercialArticleNumber": "4475",
    "name": "Light sneetjes",
    "brand": "FLANDRIEN",
    "seoBrand": "FLANDRIEN",
    "thumbNail": "https://static.colruytgroup.com/images/200x200/std.lang.all/57/35/asset-3195735.jpg",
    "fullImage": "https://static.colruytgroup.com/images/500x500/std.lang.all/57/35/asset-3195735.jpg",
    "squareImage": "https://static.colruytgroup.com/images/500x500sq/std.lang.all/57/35/asset-3195735.jpg",
    "content": "200g",
    "walkRouteSequenceNumber": 6237,
    "price": {
      "basicPrice": 4.19,
      "recommendedQuantity": "1.0",
      "measurementUnitPrice": 20.95,
      "measurementUnit": "K",
      "isRedPrice": false,
      "pricePerUOM": 20.95,
      "activationDate": "04-11-2023",
      "isPromoActive": "N",
      "priceChangeCode": "H"
    },
    "isAvailable": true,
    "isPriceAvailable": true,
    "inPromo": true,
    "promotion": [
      {
        "techPromoId": "100862COLR",
        "promotionId": "100862",
        "promotionType": "3",
        "isPersonalized": "N",
        "publicationStartDate": "13-03-2024",
        "publicationEndDate": "26-03-2024"
      }
    ],
    "gtin": [
      "15425021493020",
      "05425021493023"
    ],
    "topCategoryName": "Zuivel",
    "topCategoryId": "65",
    "businessDomain": "RETAIL_BE",
    "IsPrivateLabel": false,
    "IsBiffe": false,
    "WeightconversionFactor": "0",
    "IsWeightArticle": false,
    "nutriscoreLabel": "D",
    "IsBio": false,
    "CountryOfOrigin": "BELGIË",
    "IsExclusivelySoldInLuxembourg": false,
    "OrderUnit": "P",
    "ShortName": "FLAN LIGHT SNEETJES200G",
    "IsNew": false,
    "EcoscoreLabel": "D",
    "RecentQuanityOfStockUnits": "1",
    "LongName": "FLANDRIEN Light sneetjes 200g",
    "FicCode": "E",
    "EcoscoreValue": "30"
  },
  {
    "productId": "83846",
    "technicalArticleNumber": "2960181",
    "commercialArticleNumber": "40706",
    "name": "verse kr.kaas vijgen&noten",
    "description": "*Frankrijk\n*Verse kaas\n*Met vijgen, noten",
    "brand": "BOURSIN",
    "seoBrand": "Boursin",
    "thumbNail": "https://static.colruytgroup.com/images/200x200/std.lang.all/20/59/asset-352059.jpg",
    "fullImage": "https://static.colruytgroup.com/images/500x500/std.lang.all/20/59/asset-352059.jpg",
    "squareImage": "https://static.colruytgroup.com/images/500x500sq/std.lang.all/20/59/asset-352059.jpg",
    "content": "150g",
    "walkRouteSequenceNumber": 4873,
    "price": {
      "basicPrice": 3.79,
      "recommendedQuantity": "1.0",
      "measurementUnitPrice": 25.27,
      "measurementUnit": "K",
      "isRedPrice": false,
      "pricePerUOM": 25.27,
      "activationDate": "02-01-2024",
      "recordSource": "Offline",
      "isPromoActive": "N",
      "priceChangeCode": "E"
    },
    "isAvailable": true,
    "isPriceAvailable": true,
    "inPromo": false,
    "gtin": [
      "03175461730098",
      "03175461735529",
      "03175460030090"
    ],
    "topCategoryName": "Zuivel",
    "topCategoryId": "65",
    "businessDomain": "RETAIL_BE",
    "IsPrivateLabel": false,
    "IsBiffe": false,
    "WeightconversionFactor": "0",
    "IsWeightArticle": false,
    "nutriscoreLabel": "D",
    "IsBio": false,
    "CountryOfOrigin": "FRANKRIJK",
    "IsExclusivelySoldInLuxembourg": false,
    "OrderUnit": "P",
    "ShortName": "BOURS.VIJG.NOTEN 150GR",
    "IsNew": false,
    "EcoscoreLabel": "B",
    "RecentQuanityOfStockUnits": "1",
    "LongName": "BOURSIN verse kr.kaas vijgen&noten 150g",
    "AlcoholVolume": "0",
    "FicCode": "E",
    "EcoscoreValue": "63"
  },
  {
    "productId": "131039",
    "technicalArticleNumber": "3232064",
    "commercialArticleNumber": "36019",
    "name": "yoghurt natuur",
    "description": "*Lactosevrij\n*Alternatief voor\nverse desserten",
    "brand": "DILEA ZERO LACTOSE",
    "seoBrand": "Dilea Zero Lactose",
    "thumbNail": "https://static.colruytgroup.com/images/200x200/std.lang.all/27/85/asset-3362785.jpg",
    "fullImage": "https://static.colruytgroup.com/images/500x500/std.lang.all/27/85/asset-3362785.jpg",
    "squareImage": "https://static.colruytgroup.com/images/500x500sq/std.lang.all/27/85/asset-3362785.jpg",
    "content": "4x125g",
    "walkRouteSequenceNumber": 5723,
    "price": {
      "basicPrice": 5.29,
      "recommendedQuantity": "1.0",
      "measurementUnitPrice": 10.58,
      "measurementUnit": "K",
      "isRedPrice": false,
      "pricePerUOM": 10.58,
      "activationDate": "13-03-2024",
      "isPromoActive": "Y",
      "priceChangeCode": "E"
    },
    "isAvailable": true,
    "isPriceAvailable": true,
    "inPromo": true,
    "promotion": [
      {
        "techPromoId": "100827COLR",
        "promotionId": "100827",
        "promotionType": "3",
        "isPersonalized": "N",
        "publicationStartDate": "13-03-2024",
        "publicationEndDate": "26-03-2024"
      }
    ],
    "gtin": [
      "15410298086709",
      "15410298086730",
      "05410298086702"
    ],
    "topCategoryName": "Zuivel",
    "topCategoryId": "65",
    "businessDomain": "RETAIL_BE",
    "IsPrivateLabel": false,
    "IsBiffe": false,
    "WeightconversionFactor": "0",
    "IsWeightArticle": false,
    "nutriscoreLabel": "A",
    "IsBio": false,
    "CountryOfOrigin": "BELGIË",
    "IsExclusivelySoldInLuxembourg": false,
    "OrderUnit": "P",
    "ShortName": "DILEA YOG NATUUR 4X125G",
    "IsNew": false,
    "EcoscoreLabel": "B",
    "RecentQuanityOfStockUnits": "1",
    "LongName": "DILEA ZERO LACTOSE yoghurt natuur 4x125g",
    "AlcoholVolume": "0",
    "FicCode": "E",
    "EcoscoreValue": "67"
  },
  {
    "productId": "44768",
    "technicalArticleNumber": "2545609",
    "commercialArticleNumber": "14590",
    "name": "kaas Le Doré De Lathuy",
    "description": "* België\n* Zachte kaas\n* Smeuïg, karaktervol\n* Rauwe melk\n* Biologisch",
    "brand": "BIOFERME",
    "seoBrand": "Bioferme",
    "thumbNail": "https://static.colruytgroup.com/images/200x200/std.lang.all/87/56/asset-698756.jpg",
    "fullImage": "https://static.colruytgroup.com/images/500x500/std.lang.all/87/56/asset-698756.jpg",
    "squareImage": "https://static.colruytgroup.com/images/500x500sq/std.lang.all/87/56/asset-698756.jpg",
    "content": "300g",
    "walkRouteSequenceNumber": 5142,
    "price": {
      "basicPrice": 6.69,
      "recommendedQuantity": "1.0",
      "measurementUnitPrice": 22.3,
      "measurementUnit": "K",
      "isRedPrice": false,
      "pricePerUOM": 22.3,
      "activationDate": "02-11-2023",
      "recordSource": "Online",
      "isPromoActive": "N",
      "priceChangeCode": "H"
    },
    "isAvailable": true,
    "isPriceAvailable": true,
    "inPromo": false,
    "gtin": [
      "05413444100079",
      "05413444100475"
    ],
    "topCategoryName": "Zuivel",
    "topCategoryId": "65",
    "businessDomain": "RETAIL_BE",
    "IsPrivateLabel": false,
    "IsBiffe": false,
    "WeightconversionFactor": "0",
    "IsWeightArticle": false,
    "nutriscoreLabel": "D",
    "IsBio": true,
    "CountryOfOrigin": "BELGIË",
    "IsExclusivelySoldInLuxembourg": false,
    "OrderUnit": "P",
    "ShortName": "BIO DORE DE LATHUY 300G",
    "InSeason": true,
    "IsNew": false,
    "EcoscoreLabel": "B",
    "RecentQuanityOfStockUnits": "1",
    "LongName": "BIOFERME kaas Le Doré De Lathuy 300g",
    "AlcoholVolume": "0",
    "StartSeasonDate": "21/05/2013",
    "FicCode": "E",
    "EcoscoreValue": "77"
  },
  {
    "productId": "778923",
    "technicalArticleNumber": "4572673",
    "commercialArticleNumber": "28588",
    "name": "provolone pikant",
    "description": "*Italie",
    "brand": "BRAZZALE",
    "seoBrand": "Brazzale",
    "thumbNail": "https://static.colruytgroup.com/images/200x200/std.lang.all/13/45/asset-3271345.jpg",
    "fullImage": "https://static.colruytgroup.com/images/500x500/std.lang.all/13/45/asset-3271345.jpg",
    "squareImage": "https://static.colruytgroup.com/images/500x500sq/std.lang.all/13/45/asset-3271345.jpg",
    "content": "300g",
    "walkRouteSequenceNumber": 5606,
    "price": {
      "basicPrice": 3.78,
      "recommendedQuantity": "1.0",
      "measurementUnitPrice": 12.6,
      "measurementUnit": "K",
      "isRedPrice": false,
      "pricePerUOM": 12.6,
      "activationDate": "05-03-2024",
      "isPromoActive": "N",
      "priceChangeCode": "L"
    },
    "isAvailable": true,
    "isPriceAvailable": true,
    "inPromo": false,
    "gtin": [
      "08025700000909"
    ],
    "topCategoryName": "Zuivel",
    "topCategoryId": "65",
    "businessDomain": "RETAIL_BE",
    "IsPrivateLabel": false,
    "IsBiffe": false,
    "WeightconversionFactor": "0",
    "IsWeightArticle": false,
    "IsBio": false,
    "CountryOfOrigin": "TSJECHIË (REPUBLIEK)",
    "IsExclusivelySoldInLuxembourg": false,
    "OrderUnit": "P",
    "ShortName": "BRAZ PROVO. PIKANT 300G",
    "IsNew": false,
    "RecentQuanityOfStockUnits": "1",
    "LongName": "BRAZZALE provolone pikant 300g",
    "FicCode": "E"
  },
  {
    "productId": "2143",
    "technicalArticleNumber": "26764",
    "commercialArticleNumber": "26764",
    "name": "gouda jong bol Belgisch",
    "description": "*België\n*Halfharde kaas\n*Romig, zacht\n*Jong",
    "brand": "BONI",
    "seoBrand": "Boni Selection",
    "thumbNail": "https://static.colruytgroup.com/images/200x200/std.lang.all/54/24/asset-855424.jpg",
    "fullImage": "https://static.colruytgroup.com/images/500x500/std.lang.all/54/24/asset-855424.jpg",
    "squareImage": "https://static.colruytgroup.com/images/500x500sq/std.lang.all/54/24/asset-855424.jpg",
    "content": "±1,8kg",
    "walkRouteSequenceNumber": 5647,
    "price": {
      "basicPrice": 12.4,
      "recommendedQuantity": "1.7",
      "unit": "K",
      "measurementUnitPrice": 12.4,
      "measurementUnit": "K",
      "isRedPrice": false,
      "pricePerUOM": 12.4,
      "activationDate": "21-11-2023",
      "isPromoActive": "N",
      "priceChangeCode": "H"
    },
    "isAvailable": true,
    "isPriceAvailable": true,
    "inPromo": false,
    "gtin": [
      "95400141023308",
      "95400141503206",
      "95413721708007",
      "05400141284928",
      "05400141023305",
      "95400141464439"
    ],
    "topCategoryName": "Zuivel",
    "topCategoryId": "65",
    "businessDomain": "RETAIL_BE",
    "IsPrivateLabel": true,
    "IsBiffe": false,
    "WeightconversionFactor": "1800",
    "IsWeightArticle": true,
    "nutriscoreLabel": "C",
    "IsBio": false,
    "CountryOfOrigin": "BELGIË",
    "IsExclusivelySoldInLuxembourg": false,
    "OrderUnit": "P",
    "ShortName": "HC BONI BEL.GOU.J+-1K8W",
    "IsNew": false,
    "EcoscoreLabel": "D",
    "RecentQuanityOfStockUnits": "1",
    "LongName": "BONI gouda jong bol Belgisch ±1,8kg",
    "AlcoholVolume": "0",
    "FicCode": "I",
    "EcoscoreValue": "33"
  },
  {
    "productId": "334628",
    "technicalArticleNumber": "3805784",
    "commercialArticleNumber": "20963",
    "name": "volle yog.fram.bio glas",
    "description": "*Vol\n*Met frambozen",
    "brand": "PUR NATUR",
    "seoBrand": "Pur Natur",
    "thumbNail": "https://static.colruytgroup.com/images/200x200/std.lang.all/07/49/asset-2690749.jpg",
    "fullImage": "https://static.colruytgroup.com/images/500x500/std.lang.all/07/49/asset-2690749.jpg",
    "squareImage": "https://static.colruytgroup.com/images/500x500sq/std.lang.all/07/49/asset-2690749.jpg",
    "content": "4x150g",
    "walkRouteSequenceNumber": 5780,
    "price": {
      "basicPrice": 5.96,
      "recommendedQuantity": "1.0",
      "measurementUnitPrice": 9.94,
      "measurementUnit": "K",
      "isRedPrice": false,
      "pricePerUOM": 9.94,
      "activationDate": "28-02-2024",
      "recordSource": "Offline",
      "isPromoActive": "N",
      "priceChangeCode": "H"
    },
    "isAvailable": true,
    "isPriceAvailable": true,
    "inPromo": false,
    "gtin": [
      "05412971146604",
      "05412971946600"
    ],
    "topCategoryName": "Zuivel",
    "topCategoryId": "65",
    "businessDomain": "RETAIL_BE",
    "IsPrivateLabel": false,
    "IsBiffe": false,
    "WeightconversionFactor": "0",
    "IsWeightArticle": false,
    "nutriscoreLabel": "C",
    "IsBio": true,
    "CountryOfOrigin": "BELGIË",
    "IsExclusivelySoldInLuxembourg": false,
    "OrderUnit": "P",
    "ShortName": "PN Y.VOL FRAM.BIO4X150G",
    "IsNew": false,
    "EcoscoreLabel": "A",
    "RecentQuanityOfStockUnits": "1",
    "LongName": "PUR NATUR volle yog.fram.bio glas 4x150g",
    "AlcoholVolume": "0",
    "FicCode": "E",
    "EcoscoreValue": "100"
  },
  {
    "productId": "865873",
    "technicalArticleNumber": "4718136",
    "commercialArticleNumber": "5205",
    "name": "aardbei - lemon",
    "brand": "LINDAHLS",
    "seoBrand": "Nestlé LINDAHLS",
    "thumbNail": "https://static.colruytgroup.com/images/200x200/std.lang.all/41/66/asset-3224166.jpg",
    "fullImage": "https://static.colruytgroup.com/images/500x500/std.lang.all/41/66/asset-3224166.jpg",
    "squareImage": "https://static.colruytgroup.com/images/500x500sq/std.lang.all/41/66/asset-3224166.jpg",
    "content": "2x160g",
    "walkRouteSequenceNumber": 5818,
    "price": {
      "basicPrice": 2.67,
      "recommendedQuantity": "1.0",
      "measurementUnitPrice": 8.35,
      "measurementUnit": "K",
      "isRedPrice": false,
      "pricePerUOM": 8.35,
      "activationDate": "29-02-2024",
      "recordSource": "Offline",
      "isPromoActive": "N",
      "priceChangeCode": "H"
    },
    "isAvailable": true,
    "isPriceAvailable": true,
    "inPromo": false,
    "gtin": [
      "03023290069042"
    ],
    "topCategoryName": "Zuivel",
    "topCategoryId": "65",
    "businessDomain": "RETAIL_BE",
    "IsPrivateLabel": false,
    "IsBiffe": false,
    "WeightconversionFactor": "0",
    "IsWeightArticle": false,
    "nutriscoreLabel": "A",
    "IsBio": false,
    "CountryOfOrigin": "ZWEDEN",
    "IsExclusivelySoldInLuxembourg": false,
    "OrderUnit": "P",
    "ShortName": "LIND AARDB.LEMON 2X160G",
    "IsNew": false,
    "RecentQuanityOfStockUnits": "1",
    "LongName": "LINDAHLS aardbei - lemon 2x160g",
    "FicCode": "E"
  },
  {
    "productId": "35696",
    "technicalArticleNumber": "1908423",
    "commercialArticleNumber": "35233",
    "name": "sja-biesl",
    "description": "*Frankrijk\n*Verse kaas\n*Met Sjalot,\nbieslook",
    "brand": "PAYSAN BRETON MADAME LOÏK",
    "seoBrand": "Paysan Breton Madame Loïk",
    "thumbNail": "https://static.colruytgroup.com/images/200x200/std.lang.all/85/74/asset-3178574.jpg",
    "fullImage": "https://static.colruytgroup.com/images/500x500/std.lang.all/85/74/asset-3178574.jpg",
    "squareImage": "https://static.colruytgroup.com/images/500x500sq/std.lang.all/85/74/asset-3178574.jpg",
    "content": "150g",
    "walkRouteSequenceNumber": 4889,
    "price": {
      "basicPrice": 2.99,
      "recommendedQuantity": "1.0",
      "measurementUnitPrice": 19.94,
      "measurementUnit": "K",
      "isRedPrice": false,
      "pricePerUOM": 19.94,
      "activationDate": "20-02-2024",
      "recordSource": "Offline",
      "isPromoActive": "N",
      "priceChangeCode": "E"
    },
    "isAvailable": true,
    "isPriceAvailable": true,
    "inPromo": false,
    "gtin": [
      "13236240070402",
      "03236240070405",
      "83236240070401"
    ],
    "topCategoryName": "Zuivel",
    "topCategoryId": "65",
    "businessDomain": "RETAIL_BE",
    "IsPrivateLabel": false,
    "IsBiffe": false,
    "WeightconversionFactor": "0",
    "IsWeightArticle": false,
    "nutriscoreLabel": "D",
    "IsBio": false,
    "CountryOfOrigin": "FRANKRIJK",
    "IsExclusivelySoldInLuxembourg": false,
    "OrderUnit": "P",
    "ShortName": "MADL SJALOT BIES 150",
    "InSeason": true,
    "IsNew": false,
    "EcoscoreLabel": "D",
    "RecentQuanityOfStockUnits": "1",
    "LongName": "PAYSAN BRETON MADAME LOÏK sja-biesl 150g",
    "AlcoholVolume": "0",
    "StartSeasonDate": "22/04/2013",
    "FicCode": "E",
    "EcoscoreValue": "36"
  },
  {
    "productId": "348681",
    "technicalArticleNumber": "3848592",
    "commercialArticleNumber": "20795",
    "name": "Mild&Creamy vanille",
    "description": "*Plantaardig\nalternatief\nvoor yoghurt",
    "brand": "ALPRO",
    "seoBrand": "Alpro",
    "thumbNail": "https://ecgproductmw.colruytgroup.com/ecgproductmw/noPicForArticle_2.jpg",
    "fullImage": "https://ecgproductmw.colruytgroup.com/ecgproductmw/noPicForArticle_5.jpg",
    "squareImage": "https://ecgproductmw.colruytgroup.com/ecgproductmw/noPicForArticle_5.jpg",
    "content": "750g",
    "walkRouteSequenceNumber": 5855,
    "price": {
      "basicPrice": 3.29,
      "recommendedQuantity": "1.0",
      "measurementUnitPrice": 4.39,
      "measurementUnit": "K",
      "isRedPrice": false,
      "pricePerUOM": 4.39,
      "activationDate": "14-03-2024",
      "recordSource": "Offline",
      "isPromoActive": "N",
      "priceChangeCode": "H"
    },
    "isAvailable": true,
    "isPriceAvailable": true,
    "inPromo": false,
    "gtin": [
      "05411188112983",
      "05411188110712"
    ],
    "topCategoryName": "Zuivel",
    "topCategoryId": "65",
    "businessDomain": "RETAIL_BE",
    "IsPrivateLabel": false,
    "IsBiffe": false,
    "WeightconversionFactor": "0",
    "IsWeightArticle": false,
    "nutriscoreLabel": "A",
    "IsBio": false,
    "CountryOfOrigin": "BELGIË",
    "IsExclusivelySoldInLuxembourg": false,
    "OrderUnit": "P",
    "ShortName": "ALPR MILD CR.VANIL.750G",
    "IsNew": false,
    "EcoscoreLabel": "A",
    "RecentQuanityOfStockUnits": "1,4",
    "LongName": "ALPRO Mild&Creamy vanille 750g",
    "AlcoholVolume": "0",
    "FicCode": "E",
    "EcoscoreValue": "90"
  },
  {
    "productId": "635816",
    "technicalArticleNumber": "4325504",
    "commercialArticleNumber": "20174",
    "name": "drinkyoghurt natuur",
    "brand": "BENECOL",
    "seoBrand": "Benecol",
    "thumbNail": "https://static.colruytgroup.com/images/200x200/std.lang.all/91/36/asset-2519136.jpg",
    "fullImage": "https://static.colruytgroup.com/images/500x500/std.lang.all/91/36/asset-2519136.jpg",
    "squareImage": "https://static.colruytgroup.com/images/500x500sq/std.lang.all/91/36/asset-2519136.jpg",
    "content": "8x67,5g",
    "walkRouteSequenceNumber": 5688,
    "price": {
      "basicPrice": 8.39,
      "recommendedQuantity": "1.0",
      "measurementUnitPrice": 15.54,
      "measurementUnit": "K",
      "isRedPrice": false,
      "pricePerUOM": 15.54,
      "activationDate": "14-02-2024",
      "recordSource": "Offline",
      "isPromoActive": "N",
      "priceChangeCode": "E"
    },
    "isAvailable": true,
    "isPriceAvailable": true,
    "inPromo": false,
    "gtin": [
      "06411200211877",
      "06411200111870"
    ],
    "topCategoryName": "Zuivel",
    "topCategoryId": "65",
    "businessDomain": "RETAIL_BE",
    "IsPrivateLabel": false,
    "IsBiffe": false,
    "WeightconversionFactor": "0",
    "IsWeightArticle": false,
    "nutriscoreLabel": "C",
    "IsBio": false,
    "CountryOfOrigin": "ZWITSERLAND",
    "IsExclusivelySoldInLuxembourg": false,
    "OrderUnit": "P",
    "ShortName": "BENEC NATUUR 8X67.5G",
    "IsNew": false,
    "EcoscoreLabel": "A",
    "RecentQuanityOfStockUnits": "1,5",
    "LongName": "BENECOL drinkyoghurt natuur 8x67,5g",
    "AlcoholVolume": "0",
    "FicCode": "E",
    "EcoscoreValue": "94"
  },
  {
    "productId": "473221",
    "technicalArticleNumber": "4066695",
    "commercialArticleNumber": "1459",
    "name": "chocolademousse",
    "brand": "BONI",
    "seoBrand": "Boni Selection",
    "thumbNail": "https://static.colruytgroup.com/images/200x200/std.lang.all/12/89/asset-2781289.jpg",
    "fullImage": "https://static.colruytgroup.com/images/500x500/std.lang.all/12/89/asset-2781289.jpg",
    "squareImage": "https://static.colruytgroup.com/images/500x500sq/std.lang.all/12/89/asset-2781289.jpg",
    "content": "250g",
    "walkRouteSequenceNumber": 5939,
    "price": {
      "basicPrice": 3.49,
      "recommendedQuantity": "1.0",
      "measurementUnitPrice": 13.96,
      "measurementUnit": "K",
      "isRedPrice": false,
      "pricePerUOM": 13.96,
      "activationDate": "17-11-2023",
      "isPromoActive": "N",
      "priceChangeCode": "E"
    },
    "isAvailable": true,
    "isPriceAvailable": true,
    "inPromo": false,
    "gtin": [
      "15400141269502",
      "05400141269505",
      "05400141835960"
    ],
    "topCategoryName": "Zuivel",
    "topCategoryId": "65",
    "businessDomain": "RETAIL_BE",
    "IsPrivateLabel": true,
    "IsBiffe": false,
    "WeightconversionFactor": "0",
    "IsWeightArticle": false,
    "nutriscoreLabel": "E",
    "IsBio": false,
    "CountryOfOrigin": "BELGIË",
    "IsExclusivelySoldInLuxembourg": false,
    "OrderUnit": "P",
    "ShortName": "BONI CHOCOLADEMOUS.250G",
    "IsNew": false,
    "EcoscoreLabel": "C",
    "RecentQuanityOfStockUnits": "1,6",
    "LongName": "BONI chocolademousse 250g",
    "FicCode": "I",
    "EcoscoreValue": "41"
  },
  {
    "productId": "36560",
    "technicalArticleNumber": "1864058",
    "commercialArticleNumber": "26177",
    "name": "9 sneetjes",
    "description": "*Frankrijk\n*Zachte kaas\n*Oranje korst\n*Smeuïg, karaktervol",
    "brand": "CHAUMES",
    "seoBrand": "Chaumes",
    "thumbNail": "https://static.colruytgroup.com/images/200x200/std.lang.all/31/09/asset-743109.jpg",
    "fullImage": "https://static.colruytgroup.com/images/500x500/std.lang.all/31/09/asset-743109.jpg",
    "squareImage": "https://static.colruytgroup.com/images/500x500sq/std.lang.all/31/09/asset-743109.jpg",
    "content": "150g",
    "walkRouteSequenceNumber": 4911,
    "price": {
      "basicPrice": 4.99,
      "recommendedQuantity": "1.0",
      "measurementUnitPrice": 33.27,
      "measurementUnit": "K",
      "isRedPrice": false,
      "pricePerUOM": 33.27,
      "activationDate": "06-01-2024",
      "recordSource": "Offline",
      "isPromoActive": "N",
      "priceChangeCode": "E"
    },
    "isAvailable": true,
    "isPriceAvailable": true,
    "inPromo": false,
    "gtin": [
      "03090291517469",
      "03090291516295"
    ],
    "topCategoryName": "Zuivel",
    "topCategoryId": "65",
    "businessDomain": "RETAIL_BE",
    "IsPrivateLabel": false,
    "IsBiffe": false,
    "WeightconversionFactor": "0",
    "IsWeightArticle": false,
    "nutriscoreLabel": "D",
    "IsBio": false,
    "CountryOfOrigin": "FRANKRIJK",
    "IsExclusivelySoldInLuxembourg": false,
    "OrderUnit": "P",
    "ShortName": "CHAUMES 9 SNEETJES 150G",
    "IsNew": false,
    "RecentQuanityOfStockUnits": "1",
    "LongName": "CHAUMES 9 sneetjes 150g",
    "AlcoholVolume": "0",
    "FicCode": "E"
  },
  {
    "productId": "687064",
    "technicalArticleNumber": "4411177",
    "commercialArticleNumber": "25392",
    "name": "magere yoghurt bio",
    "brand": "PUR NATUR",
    "seoBrand": "Pur Natur",
    "thumbNail": "https://static.colruytgroup.com/images/200x200/std.lang.all/81/77/asset-3408177.jpg",
    "fullImage": "https://static.colruytgroup.com/images/500x500/std.lang.all/81/77/asset-3408177.jpg",
    "squareImage": "https://static.colruytgroup.com/images/500x500sq/std.lang.all/81/77/asset-3408177.jpg",
    "content": "1kg",
    "walkRouteSequenceNumber": 5821,
    "price": {
      "basicPrice": 4.55,
      "recommendedQuantity": "1.0",
      "measurementUnitPrice": 4.55,
      "measurementUnit": "K",
      "isRedPrice": false,
      "pricePerUOM": 4.55,
      "activationDate": "13-03-2024",
      "isPromoActive": "Y",
      "priceChangeCode": "E"
    },
    "isAvailable": true,
    "isPriceAvailable": true,
    "inPromo": true,
    "promotion": [
      {
        "techPromoId": "100945COLR",
        "promotionId": "100945",
        "promotionType": "3",
        "isPersonalized": "N",
        "publicationStartDate": "13-03-2024",
        "publicationEndDate": "26-03-2024"
      }
    ],
    "gtin": [
      "05412971016228"
    ],
    "topCategoryName": "Zuivel",
    "topCategoryId": "65",
    "businessDomain": "RETAIL_BE",
    "IsPrivateLabel": false,
    "IsBiffe": false,
    "WeightconversionFactor": "0",
    "IsWeightArticle": false,
    "nutriscoreLabel": "A",
    "IsBio": true,
    "CountryOfOrigin": "BELGIË",
    "IsExclusivelySoldInLuxembourg": false,
    "OrderUnit": "P",
    "ShortName": "PURN MAGERE YOGHURT 1KG",
    "IsNew": false,
    "EcoscoreLabel": "A",
    "RecentQuanityOfStockUnits": "1",
    "LongName": "PUR NATUR magere yoghurt bio 1kg",
    "FicCode": "E",
    "EcoscoreValue": "100"
  },
  {
    "productId": "101954",
    "technicalArticleNumber": "3095213",
    "commercialArticleNumber": "40381",
    "name": "slagroom vol",
    "brand": "CARLSBOURG",
    "seoBrand": "Carlsbourg",
    "thumbNail": "https://static.colruytgroup.com/images/200x200/nl_be/01/20/asset-890120.jpg",
    "fullImage": "https://static.colruytgroup.com/images/500x500/nl_be/01/20/asset-890120.jpg",
    "squareImage": "https://static.colruytgroup.com/images/500x500sq/nl_be/01/20/asset-890120.jpg",
    "content": "25cl",
    "walkRouteSequenceNumber": 6018,
    "price": {
      "basicPrice": 4.29,
      "recommendedQuantity": "1.0",
      "quantityPrice": 3.3,
      "quantityPriceQuantity": "2.0",
      "measurementUnitPrice": 17.16,
      "measurementUnitQuantityPrice": 13.2,
      "measurementUnit": "L",
      "isRedPrice": false,
      "pricePerUOM": 17.16,
      "activationDate": "21-03-2024",
      "recordSource": "Offline",
      "isPromoActive": "N",
      "priceChangeCode": "E",
      "quantityPricePerUOM": 13.2,
      "quantityActivationDate": "21-03-2024",
      "quantityPriceChangeCode": "H"
    },
    "isAvailable": true,
    "isPriceAvailable": true,
    "inPromo": false,
    "gtin": [
      "05411156009642",
      "05411156009659"
    ],
    "topCategoryName": "Zuivel",
    "topCategoryId": "65",
    "businessDomain": "RETAIL_BE",
    "IsPrivateLabel": false,
    "IsBiffe": false,
    "WeightconversionFactor": "0",
    "IsWeightArticle": false,
    "nutriscoreLabel": "E",
    "IsBio": false,
    "CountryOfOrigin": "BELGIË",
    "IsExclusivelySoldInLuxembourg": false,
    "OrderUnit": "P",
    "ShortName": "CAR. ROOM SPUITBUS 25CL",
    "IsNew": false,
    "RecentQuanityOfStockUnits": "1",
    "LongName": "CARLSBOURG slagroom vol 25cl",
    "AlcoholVolume": "0",
    "FicCode": "E"
  },
  {
    "productId": "865866",
    "technicalArticleNumber": "4718125",
    "commercialArticleNumber": "5096",
    "name": "mousse chocolade",
    "brand": "DANONE HIPRO",
    "seoBrand": "Danone Hipro",
    "thumbNail": "https://static.colruytgroup.com/images/200x200/std.lang.all/38/44/asset-3373844.jpg",
    "fullImage": "https://static.colruytgroup.com/images/500x500/std.lang.all/38/44/asset-3373844.jpg",
    "squareImage": "https://static.colruytgroup.com/images/500x500sq/std.lang.all/38/44/asset-3373844.jpg",
    "content": "200g",
    "walkRouteSequenceNumber": 5938,
    "price": {
      "basicPrice": 2.59,
      "recommendedQuantity": "1.0",
      "measurementUnitPrice": 12.95,
      "measurementUnit": "K",
      "isRedPrice": false,
      "pricePerUOM": 12.95,
      "activationDate": "20-02-2024",
      "recordSource": "Offline",
      "isPromoActive": "N",
      "priceChangeCode": "E"
    },
    "isAvailable": true,
    "isPriceAvailable": true,
    "inPromo": false,
    "gtin": [
      "03033491915017"
    ],
    "topCategoryName": "Zuivel",
    "topCategoryId": "65",
    "businessDomain": "RETAIL_BE",
    "IsPrivateLabel": false,
    "IsBiffe": false,
    "WeightconversionFactor": "0",
    "IsWeightArticle": false,
    "nutriscoreLabel": "A",
    "IsBio": false,
    "CountryOfOrigin": "DUITSLAND",
    "IsExclusivelySoldInLuxembourg": false,
    "OrderUnit": "P",
    "ShortName": "HIPR MOUS.CHOCOLADE200G",
    "IsNew": false,
    "EcoscoreLabel": "D",
    "RecentQuanityOfStockUnits": "1",
    "LongName": "DANONE HIPRO mousse chocolade 200g",
    "FicCode": "E",
    "EcoscoreValue": "22"
  },
  {
    "productId": "563219",
    "technicalArticleNumber": "4202642",
    "commercialArticleNumber": "15608",
    "name": "kokosnoot",
    "description": "*Mager\n*Met aroma's",
    "brand": "YOPLAIT PERLE DE LAIT",
    "seoBrand": "Yoplait Perle De Lait",
    "thumbNail": "https://static.colruytgroup.com/images/200x200/std.lang.all/35/39/asset-3393539.jpg",
    "fullImage": "https://static.colruytgroup.com/images/500x500/std.lang.all/35/39/asset-3393539.jpg",
    "squareImage": "https://static.colruytgroup.com/images/500x500sq/std.lang.all/35/39/asset-3393539.jpg",
    "content": "4x125g",
    "walkRouteSequenceNumber": 5878,
    "price": {
      "basicPrice": 3.49,
      "recommendedQuantity": "1.0",
      "quantityPrice": 2.5,
      "quantityPriceQuantity": "2.0",
      "measurementUnitPrice": 6.98,
      "measurementUnitQuantityPrice": 5,
      "measurementUnit": "K",
      "isRedPrice": false,
      "pricePerUOM": 6.98,
      "activationDate": "19-03-2024",
      "recordSource": "Offline",
      "isPromoActive": "N",
      "priceChangeCode": "E",
      "quantityPricePerUOM": 5,
      "quantityActivationDate": "19-03-2024",
      "quantityPriceChangeCode": "H"
    },
    "isAvailable": true,
    "isPriceAvailable": true,
    "inPromo": false,
    "gtin": [
      "03329770080126",
      "03329770065017",
      "03329770065024",
      "13329770080178"
    ],
    "topCategoryName": "Zuivel",
    "topCategoryId": "65",
    "businessDomain": "RETAIL_BE",
    "IsPrivateLabel": false,
    "IsBiffe": false,
    "WeightconversionFactor": "0",
    "IsWeightArticle": false,
    "nutriscoreLabel": "C",
    "IsBio": false,
    "CountryOfOrigin": "FRANKRIJK",
    "IsExclusivelySoldInLuxembourg": false,
    "OrderUnit": "P",
    "ShortName": "YOP PERL.LAIT KOKO4X125",
    "IsNew": false,
    "EcoscoreLabel": "B",
    "RecentQuanityOfStockUnits": "1",
    "LongName": "YOPLAIT PERLE DE LAIT kokosnoot 4x125g",
    "FicCode": "E",
    "EcoscoreValue": "63"
  },
  {
    "productId": "68493",
    "technicalArticleNumber": "2827949",
    "commercialArticleNumber": "14181",
    "name": "kaas halfhard blok",
    "description": "*België\n*Halfharde kaas\n*Zacht, pittig\n*O.b.v. gepast. melk",
    "brand": "DAMME",
    "seoBrand": "Damme",
    "thumbNail": "https://static.colruytgroup.com/images/200x200/std.lang.all/98/01/asset-2829801.jpg",
    "fullImage": "https://static.colruytgroup.com/images/500x500/std.lang.all/98/01/asset-2829801.jpg",
    "squareImage": "https://static.colruytgroup.com/images/500x500sq/std.lang.all/98/01/asset-2829801.jpg",
    "content": "±250g",
    "walkRouteSequenceNumber": 5158,
    "price": {
      "basicPrice": 19.9,
      "recommendedQuantity": "0.2",
      "unit": "K",
      "measurementUnitPrice": 19.9,
      "measurementUnit": "K",
      "isRedPrice": false,
      "pricePerUOM": 19.9,
      "activationDate": "12-03-2024",
      "isPromoActive": "N",
      "priceChangeCode": "H"
    },
    "isAvailable": true,
    "isPriceAvailable": true,
    "inPromo": true,
    "promotion": [
      {
        "techPromoId": "100910COLR",
        "promotionId": "100910",
        "promotionType": "3",
        "isPersonalized": "N",
        "publicationStartDate": "13-03-2024",
        "publicationEndDate": "26-03-2024"
      }
    ],
    "gtin": [
      "95400141405944",
      "95413362341014",
      "95413362345142",
      "05400141334579",
      "95413362345159",
      "05400141405941",
      "95400141334572",
      "05400141446685",
      "95400141446688"
    ],
    "topCategoryName": "Zuivel",
    "topCategoryId": "65",
    "businessDomain": "RETAIL_BE",
    "IsPrivateLabel": false,
    "IsBiffe": false,
    "WeightconversionFactor": "250",
    "IsWeightArticle": true,
    "nutriscoreLabel": "D",
    "IsBio": false,
    "CountryOfOrigin": "BELGIË",
    "IsExclusivelySoldInLuxembourg": false,
    "OrderUnit": "P",
    "ShortName": "DAMME KAAS +-250GW",
    "IsNew": false,
    "RecentQuanityOfStockUnits": "1",
    "LongName": "DAMME kaas halfhard blok ±250g",
    "AlcoholVolume": "0",
    "FicCode": "E"
  },
  {
    "productId": "640466",
    "technicalArticleNumber": "4333381",
    "commercialArticleNumber": "15412",
    "name": "Liegois vanil.madagas",
    "description": "*Melkdessert met\nnatuurlijk\nvanillearoma.",
    "brand": "LA LAITIÈRE",
    "seoBrand": "Nestlé La Laitière",
    "thumbNail": "https://static.colruytgroup.com/images/200x200/std.lang.all/67/75/asset-2286775.jpg",
    "fullImage": "https://static.colruytgroup.com/images/500x500/std.lang.all/67/75/asset-2286775.jpg",
    "squareImage": "https://static.colruytgroup.com/images/500x500sq/std.lang.all/67/75/asset-2286775.jpg",
    "content": "4x100g",
    "walkRouteSequenceNumber": 5941,
    "price": {
      "basicPrice": 3.69,
      "recommendedQuantity": "1.0",
      "measurementUnitPrice": 9.23,
      "measurementUnit": "K",
      "isRedPrice": false,
      "pricePerUOM": 9.23,
      "activationDate": "08-03-2024",
      "recordSource": "Offline",
      "isPromoActive": "N",
      "priceChangeCode": "H"
    },
    "isAvailable": true,
    "isPriceAvailable": true,
    "inPromo": false,
    "gtin": [
      "03023290047217",
      "03023290047224"
    ],
    "topCategoryName": "Zuivel",
    "topCategoryId": "65",
    "businessDomain": "RETAIL_BE",
    "IsPrivateLabel": false,
    "IsBiffe": false,
    "WeightconversionFactor": "0",
    "IsWeightArticle": false,
    "nutriscoreLabel": "C",
    "IsBio": false,
    "CountryOfOrigin": "FRANKRIJK",
    "IsExclusivelySoldInLuxembourg": false,
    "OrderUnit": "P",
    "ShortName": "LALA LIEG.MADAGAS4X100G",
    "IsNew": false,
    "RecentQuanityOfStockUnits": "1",
    "LongName": "LA LAITIÈRE Liegois vanil.madagas 4x100g",
    "FicCode": "E"
  },
  {
    "productId": "143176",
    "technicalArticleNumber": "3285265",
    "commercialArticleNumber": "8737",
    "name": "yoghurt aardbei",
    "description": "*Vol\n*Laagje van fruit",
    "brand": "CAMPINA",
    "seoBrand": "Campina",
    "thumbNail": "https://static.colruytgroup.com/images/200x200/std.lang.all/57/49/asset-1865749.jpg",
    "fullImage": "https://static.colruytgroup.com/images/500x500/std.lang.all/57/49/asset-1865749.jpg",
    "squareImage": "https://static.colruytgroup.com/images/500x500sq/std.lang.all/57/49/asset-1865749.jpg",
    "content": "150g",
    "walkRouteSequenceNumber": 5823,
    "price": {
      "basicPrice": 1.95,
      "recommendedQuantity": "1.0",
      "measurementUnitPrice": 13,
      "measurementUnit": "K",
      "isRedPrice": false,
      "pricePerUOM": 13,
      "activationDate": "17-11-2023",
      "recordSource": "Offline",
      "isPromoActive": "N",
      "priceChangeCode": "H"
    },
    "isAvailable": true,
    "isPriceAvailable": true,
    "inPromo": false,
    "gtin": [
      "08712800141471",
      "08712800541479"
    ],
    "topCategoryName": "Zuivel",
    "topCategoryId": "65",
    "businessDomain": "RETAIL_BE",
    "IsPrivateLabel": false,
    "IsBiffe": false,
    "WeightconversionFactor": "0",
    "IsWeightArticle": false,
    "nutriscoreLabel": "C",
    "IsBio": false,
    "CountryOfOrigin": "BELGIË",
    "IsExclusivelySoldInLuxembourg": false,
    "OrderUnit": "P",
    "ShortName": "CAMP YOGH AARDBEI 150G",
    "IsNew": false,
    "EcoscoreLabel": "A",
    "RecentQuanityOfStockUnits": "1,6",
    "LongName": "CAMPINA yoghurt aardbei 150g",
    "AlcoholVolume": "0",
    "FicCode": "E",
    "EcoscoreValue": "91"
  },
  {
    "productId": "196536",
    "technicalArticleNumber": "3409970",
    "commercialArticleNumber": "30302",
    "name": "verse kaas lactosevrij",
    "description": "*Duitsland\n*Zonder lactose",
    "brand": "PHILADELPHIA",
    "seoBrand": "Philadelphia",
    "thumbNail": "https://static.colruytgroup.com/images/200x200/std.lang.all/71/55/asset-2617155.jpg",
    "fullImage": "https://static.colruytgroup.com/images/500x500/std.lang.all/71/55/asset-2617155.jpg",
    "squareImage": "https://static.colruytgroup.com/images/500x500sq/std.lang.all/71/55/asset-2617155.jpg",
    "content": "175g",
    "walkRouteSequenceNumber": 4884,
    "price": {
      "basicPrice": 3.79,
      "recommendedQuantity": "1.0",
      "measurementUnitPrice": 21.66,
      "measurementUnit": "K",
      "isRedPrice": false,
      "pricePerUOM": 21.66,
      "activationDate": "19-03-2024",
      "recordSource": "Offline",
      "isPromoActive": "N",
      "priceChangeCode": "L"
    },
    "isAvailable": true,
    "isPriceAvailable": true,
    "inPromo": true,
    "promotion": [
      {
        "techPromoId": "100860COLR",
        "promotionId": "100860",
        "promotionType": "4",
        "isPersonalized": "N",
        "publicationStartDate": "13-03-2024",
        "publicationEndDate": "26-03-2024"
      }
    ],
    "gtin": [
      "07622210512215",
      "07622210512185"
    ],
    "topCategoryName": "Zuivel",
    "topCategoryId": "65",
    "businessDomain": "RETAIL_BE",
    "IsPrivateLabel": false,
    "IsBiffe": false,
    "WeightconversionFactor": "0",
    "IsWeightArticle": false,
    "nutriscoreLabel": "D",
    "IsBio": false,
    "CountryOfOrigin": "DUITSLAND",
    "IsExclusivelySoldInLuxembourg": false,
    "OrderUnit": "P",
    "ShortName": "PHILADELPHIA LACTVR 175",
    "IsNew": false,
    "RecentQuanityOfStockUnits": "1,10",
    "LongName": "PHILADELPHIA verse kaas lactosevrij 175g",
    "AlcoholVolume": "0",
    "FicCode": "E"
  },
  {
    "productId": "1121",
    "technicalArticleNumber": "16841",
    "commercialArticleNumber": "16841",
    "name": "smeerkaas original",
    "description": "*Smeerkaas\n*Romig, zacht",
    "brand": "LA VACHE QUI RIT",
    "seoBrand": "La Vache Qui Rit",
    "thumbNail": "https://static.colruytgroup.com/images/200x200/std.lang.all/66/01/asset-2326601.jpg",
    "fullImage": "https://static.colruytgroup.com/images/500x500/std.lang.all/66/01/asset-2326601.jpg",
    "squareImage": "https://static.colruytgroup.com/images/500x500sq/std.lang.all/66/01/asset-2326601.jpg",
    "content": "200g",
    "walkRouteSequenceNumber": 6121,
    "price": {
      "basicPrice": 5.35,
      "recommendedQuantity": "1.0",
      "measurementUnitPrice": 26.75,
      "measurementUnit": "K",
      "isRedPrice": false,
      "pricePerUOM": 26.75,
      "activationDate": "14-03-2024",
      "recordSource": "Offline",
      "isPromoActive": "N",
      "priceChangeCode": "E"
    },
    "isAvailable": true,
    "isPriceAvailable": true,
    "inPromo": false,
    "gtin": [
      "03073780779876",
      "03073781065336",
      "03073781065152"
    ],
    "topCategoryName": "Zuivel",
    "topCategoryId": "65",
    "businessDomain": "RETAIL_BE",
    "IsPrivateLabel": false,
    "IsBiffe": false,
    "WeightconversionFactor": "0",
    "IsWeightArticle": false,
    "nutriscoreLabel": "D",
    "IsBio": false,
    "CountryOfOrigin": "DUITSLAND",
    "IsExclusivelySoldInLuxembourg": false,
    "OrderUnit": "P",
    "ShortName": "VQR CREME DES CREME200G",
    "IsNew": false,
    "EcoscoreLabel": "D",
    "RecentQuanityOfStockUnits": "1,4",
    "LongName": "LA VACHE QUI RIT smeerkaas original 200g",
    "AlcoholVolume": "0",
    "FicCode": "E",
    "EcoscoreValue": "39"
  },
  {
    "productId": "3710",
    "technicalArticleNumber": "1003508",
    "commercialArticleNumber": "26716",
    "name": "boter mini ongezout.",
    "description": "*Vetgehalte: 82 %\n*Ongezouten\n*Belgisch",
    "brand": "CARLSBOURG",
    "seoBrand": "Carlsbourg",
    "thumbNail": "https://static.colruytgroup.com/images/200x200/std.lang.all/79/32/asset-857932.jpg",
    "fullImage": "https://static.colruytgroup.com/images/500x500/std.lang.all/79/32/asset-857932.jpg",
    "squareImage": "https://static.colruytgroup.com/images/500x500sq/std.lang.all/79/32/asset-857932.jpg",
    "content": "16x12,5g",
    "walkRouteSequenceNumber": 6073,
    "price": {
      "basicPrice": 6.29,
      "recommendedQuantity": "1.0",
      "measurementUnitPrice": 31.45,
      "measurementUnit": "K",
      "isRedPrice": false,
      "pricePerUOM": 31.45,
      "activationDate": "22-03-2024",
      "recordSource": "Offline",
      "isPromoActive": "N",
      "priceChangeCode": "H"
    },
    "isAvailable": true,
    "isPriceAvailable": true,
    "inPromo": false,
    "gtin": [
      "05411396001666",
      "05411396001673"
    ],
    "topCategoryName": "Zuivel",
    "topCategoryId": "65",
    "businessDomain": "RETAIL_BE",
    "IsPrivateLabel": false,
    "IsBiffe": false,
    "WeightconversionFactor": "0",
    "IsWeightArticle": false,
    "nutriscoreLabel": "E",
    "IsBio": false,
    "CountryOfOrigin": "FRANKRIJK",
    "IsExclusivelySoldInLuxembourg": false,
    "OrderUnit": "P",
    "ShortName": "CARLSB BOTER 16X12G5",
    "IsNew": false,
    "RecentQuanityOfStockUnits": "1,14",
    "LongName": "CARLSBOURG boter mini ongezout. 16x12,5g",
    "AlcoholVolume": "0",
    "FicCode": "E"
  },
  {
    "productId": "143178",
    "technicalArticleNumber": "3285267",
    "commercialArticleNumber": "8641",
    "name": "yoghurt perzik",
    "description": "*Vol\n*Laagje van fruit",
    "brand": "CAMPINA",
    "seoBrand": "Campina",
    "thumbNail": "https://static.colruytgroup.com/images/200x200/std.lang.all/57/50/asset-1865750.jpg",
    "fullImage": "https://static.colruytgroup.com/images/500x500/std.lang.all/57/50/asset-1865750.jpg",
    "squareImage": "https://static.colruytgroup.com/images/500x500sq/std.lang.all/57/50/asset-1865750.jpg",
    "content": "150g",
    "walkRouteSequenceNumber": 5824,
    "price": {
      "basicPrice": 1.95,
      "recommendedQuantity": "1.0",
      "measurementUnitPrice": 13,
      "measurementUnit": "K",
      "isRedPrice": false,
      "pricePerUOM": 13,
      "activationDate": "08-08-2023",
      "recordSource": "Offline",
      "isPromoActive": "N",
      "priceChangeCode": "H"
    },
    "isAvailable": true,
    "isPriceAvailable": true,
    "inPromo": false,
    "gtin": [
      "08712800141488",
      "08712800541486"
    ],
    "topCategoryName": "Zuivel",
    "topCategoryId": "65",
    "businessDomain": "RETAIL_BE",
    "IsPrivateLabel": false,
    "IsBiffe": false,
    "WeightconversionFactor": "0",
    "IsWeightArticle": false,
    "nutriscoreLabel": "C",
    "IsBio": false,
    "CountryOfOrigin": "DUITSLAND",
    "IsExclusivelySoldInLuxembourg": false,
    "OrderUnit": "P",
    "ShortName": "CAMP YOGH PERZIK 150G",
    "IsNew": false,
    "EcoscoreLabel": "A",
    "RecentQuanityOfStockUnits": "6,1",
    "LongName": "CAMPINA yoghurt perzik 150g",
    "AlcoholVolume": "0",
    "FicCode": "E",
    "EcoscoreValue": "90"
  },
  {
    "productId": "70965",
    "technicalArticleNumber": "2558557",
    "commercialArticleNumber": "15374",
    "name": "slagroom 40%vg brik",
    "description": "*Vetgehalte: 40 %\n*Romige toets in\nsoep, aardappelen en\nnagerechten/saus\ninkoken/slagroom",
    "brand": "INEX",
    "seoBrand": "Inex",
    "thumbNail": "https://static.colruytgroup.com/images/200x200/std.lang.all/13/29/asset-2461329.jpg",
    "fullImage": "https://static.colruytgroup.com/images/500x500/std.lang.all/13/29/asset-2461329.jpg",
    "squareImage": "https://static.colruytgroup.com/images/500x500sq/std.lang.all/13/29/asset-2461329.jpg",
    "content": "20cl",
    "walkRouteSequenceNumber": 6026,
    "price": {
      "basicPrice": 1.79,
      "recommendedQuantity": "1.0",
      "measurementUnitPrice": 8.95,
      "measurementUnit": "L",
      "isRedPrice": false,
      "pricePerUOM": 8.95,
      "activationDate": "15-12-2023",
      "recordSource": "Offline",
      "isPromoActive": "N",
      "priceChangeCode": "E"
    },
    "isAvailable": true,
    "isPriceAvailable": true,
    "inPromo": false,
    "gtin": [
      "15410441222213",
      "35410441222217",
      "05410441222278",
      "05410441222216"
    ],
    "topCategoryName": "Zuivel",
    "topCategoryId": "65",
    "businessDomain": "RETAIL_BE",
    "IsPrivateLabel": false,
    "IsBiffe": false,
    "WeightconversionFactor": "0",
    "IsWeightArticle": false,
    "nutriscoreLabel": "D",
    "IsBio": false,
    "CountryOfOrigin": "BELGIË",
    "IsExclusivelySoldInLuxembourg": false,
    "OrderUnit": "P",
    "ShortName": "INEX ROOM 20CL",
    "IsNew": false,
    "EcoscoreLabel": "A",
    "RecentQuanityOfStockUnits": "3,1,24",
    "LongName": "INEX slagroom 40%vg brik 20cl",
    "AlcoholVolume": "0",
    "FicCode": "E",
    "EcoscoreValue": "81"
  },
  {
    "productId": "857454",
    "technicalArticleNumber": "4707452",
    "commercialArticleNumber": "31523",
    "name": "met olijfolie",
    "description": "*Margarine\nsmeren olijfolie",
    "brand": "BECEL PROACTIV",
    "seoBrand": "Becel ProActiv",
    "thumbNail": "https://static.colruytgroup.com/images/200x200/std.lang.all/00/31/asset-3430031.jpg",
    "fullImage": "https://static.colruytgroup.com/images/500x500/std.lang.all/00/31/asset-3430031.jpg",
    "squareImage": "https://static.colruytgroup.com/images/500x500sq/std.lang.all/00/31/asset-3430031.jpg",
    "content": "225g",
    "walkRouteSequenceNumber": 6065,
    "price": {
      "basicPrice": 3.74,
      "recommendedQuantity": "1.0",
      "measurementUnitPrice": 16.63,
      "measurementUnit": "K",
      "isRedPrice": false,
      "pricePerUOM": 16.63,
      "activationDate": "14-03-2024",
      "recordSource": "Folder",
      "isPromoActive": "Y",
      "priceChangeCode": "L"
    },
    "isAvailable": true,
    "isPriceAvailable": true,
    "inPromo": true,
    "promotion": [
      {
        "techPromoId": "100878COLR",
        "promotionId": "100878",
        "promotionType": "3",
        "isPersonalized": "N",
        "publicationStartDate": "13-03-2024",
        "publicationEndDate": "26-03-2024"
      }
    ],
    "gtin": [
      "08719200252530",
      "08719200252547"
    ],
    "topCategoryName": "Zuivel",
    "topCategoryId": "65",
    "businessDomain": "RETAIL_BE",
    "IsPrivateLabel": false,
    "IsBiffe": false,
    "WeightconversionFactor": "0",
    "IsWeightArticle": false,
    "nutriscoreLabel": "C",
    "IsBio": false,
    "CountryOfOrigin": "NEDERLAND",
    "IsExclusivelySoldInLuxembourg": false,
    "OrderUnit": "P",
    "ShortName": "PROA MARG.OLIJFOLIE225G",
    "IsNew": false,
    "EcoscoreLabel": "B",
    "RecentQuanityOfStockUnits": "1,8",
    "LongName": "BECEL PROACTIV met olijfolie 225g",
    "FicCode": "E",
    "EcoscoreValue": "68"
  },
  {
    "productId": "858893",
    "technicalArticleNumber": "4709169",
    "commercialArticleNumber": "31732",
    "name": "mozarella geraspt",
    "brand": "BONI",
    "seoBrand": "Boni Selection",
    "thumbNail": "https://static.colruytgroup.com/images/200x200/std.lang.all/94/75/asset-3209475.jpg",
    "fullImage": "https://static.colruytgroup.com/images/500x500/std.lang.all/94/75/asset-3209475.jpg",
    "squareImage": "https://static.colruytgroup.com/images/500x500sq/std.lang.all/94/75/asset-3209475.jpg",
    "content": "1kg",
    "walkRouteSequenceNumber": 5634,
    "price": {
      "basicPrice": 8.89,
      "recommendedQuantity": "1.0",
      "measurementUnitPrice": 8.89,
      "measurementUnit": "K",
      "isRedPrice": false,
      "pricePerUOM": 8.89,
      "activationDate": "14-02-2024",
      "isPromoActive": "N",
      "priceChangeCode": "E"
    },
    "isAvailable": true,
    "isPriceAvailable": true,
    "inPromo": false,
    "gtin": [
      "05400141502329"
    ],
    "topCategoryName": "Zuivel",
    "topCategoryId": "65",
    "businessDomain": "RETAIL_BE",
    "IsPrivateLabel": true,
    "IsBiffe": false,
    "WeightconversionFactor": "0",
    "IsWeightArticle": false,
    "nutriscoreLabel": "C",
    "IsBio": false,
    "CountryOfOrigin": "BELGIË",
    "IsExclusivelySoldInLuxembourg": false,
    "OrderUnit": "P",
    "ShortName": "BONI MOZZAR GERASPT 1KG",
    "IsNew": false,
    "EcoscoreLabel": "B",
    "RecentQuanityOfStockUnits": "1",
    "LongName": "BONI mozarella geraspt 1kg",
    "FicCode": "I",
    "EcoscoreValue": "74"
  },
  {
    "productId": "730138",
    "technicalArticleNumber": "4487101",
    "commercialArticleNumber": "25695",
    "name": "blok",
    "description": "*Belgisch, romige\nboerd.kaas, pittige\ngeur en karakter\n*Gepasteuris. melk\n*Korst niet eetbaar",
    "brand": "PITTHEMNAER",
    "seoBrand": "Pitthemnaer",
    "thumbNail": "https://static.colruytgroup.com/images/200x200/std.lang.all/98/10/asset-2829810.jpg",
    "fullImage": "https://static.colruytgroup.com/images/500x500/std.lang.all/98/10/asset-2829810.jpg",
    "squareImage": "https://static.colruytgroup.com/images/500x500sq/std.lang.all/98/10/asset-2829810.jpg",
    "content": "±180g",
    "walkRouteSequenceNumber": 5160,
    "price": {
      "basicPrice": 19.9,
      "recommendedQuantity": "0.1",
      "unit": "K",
      "measurementUnitPrice": 19.9,
      "measurementUnit": "K",
      "isRedPrice": false,
      "pricePerUOM": 19.9,
      "activationDate": "02-11-2023",
      "isPromoActive": "N",
      "priceChangeCode": "E"
    },
    "isAvailable": true,
    "isPriceAvailable": true,
    "inPromo": false,
    "gtin": [
      "05400141636376",
      "95400141636195",
      "15400141636199"
    ],
    "topCategoryName": "Zuivel",
    "topCategoryId": "65",
    "businessDomain": "RETAIL_BE",
    "IsPrivateLabel": false,
    "IsBiffe": false,
    "WeightconversionFactor": "180",
    "IsWeightArticle": true,
    "nutriscoreLabel": "D",
    "IsBio": false,
    "CountryOfOrigin": "BELGIË",
    "IsExclusivelySoldInLuxembourg": false,
    "OrderUnit": "P",
    "ShortName": "PITT BLOK +-180GW",
    "IsNew": false,
    "EcoscoreLabel": "C",
    "RecentQuanityOfStockUnits": "1",
    "LongName": "PITTHEMNAER blok ±180g",
    "FicCode": "I",
    "EcoscoreValue": "40"
  },
  {
    "productId": "83905",
    "technicalArticleNumber": "2946368",
    "commercialArticleNumber": "36185",
    "name": "parmezaan geraspt",
    "description": "*Italië\n*Geraspte kaas",
    "brand": "PARMAREGGIO",
    "seoBrand": "Parmareggio",
    "thumbNail": "https://static.colruytgroup.com/images/200x200/std.lang.all/05/63/asset-2690563.jpg",
    "fullImage": "https://static.colruytgroup.com/images/500x500/std.lang.all/05/63/asset-2690563.jpg",
    "squareImage": "https://static.colruytgroup.com/images/500x500sq/std.lang.all/05/63/asset-2690563.jpg",
    "content": "100g",
    "walkRouteSequenceNumber": 6159,
    "price": {
      "basicPrice": 4.98,
      "recommendedQuantity": "1.0",
      "measurementUnitPrice": 49.8,
      "measurementUnit": "K",
      "isRedPrice": false,
      "pricePerUOM": 49.8,
      "activationDate": "05-03-2024",
      "recordSource": "Offline",
      "isPromoActive": "N",
      "priceChangeCode": "H"
    },
    "isAvailable": true,
    "isPriceAvailable": true,
    "inPromo": false,
    "gtin": [
      "08010721000144",
      "08010721992111"
    ],
    "topCategoryName": "Zuivel",
    "topCategoryId": "65",
    "businessDomain": "RETAIL_BE",
    "IsPrivateLabel": false,
    "IsBiffe": false,
    "WeightconversionFactor": "0",
    "IsWeightArticle": false,
    "nutriscoreLabel": "D",
    "IsBio": false,
    "CountryOfOrigin": "BELGIË",
    "IsExclusivelySoldInLuxembourg": false,
    "OrderUnit": "P",
    "ShortName": "PARMAREGGIO RASP 100GR",
    "IsNew": false,
    "EcoscoreLabel": "D",
    "RecentQuanityOfStockUnits": "1",
    "LongName": "PARMAREGGIO parmezaan geraspt 100g",
    "AlcoholVolume": "0",
    "FicCode": "E",
    "EcoscoreValue": "38"
  },
  {
    "productId": "22244",
    "technicalArticleNumber": "1955054",
    "commercialArticleNumber": "6176",
    "name": "dessert fondant",
    "description": "*België\n*Plantaardig alter-\nnatief voor verse\ndesserten",
    "brand": "ALPRO",
    "seoBrand": "Alpro",
    "thumbNail": "https://static.colruytgroup.com/images/200x200/std.lang.all/77/69/asset-3367769.jpg",
    "fullImage": "https://static.colruytgroup.com/images/500x500/std.lang.all/77/69/asset-3367769.jpg",
    "squareImage": "https://static.colruytgroup.com/images/500x500sq/std.lang.all/77/69/asset-3367769.jpg",
    "content": "4x125g",
    "walkRouteSequenceNumber": 6310,
    "price": {
      "basicPrice": 2.99,
      "recommendedQuantity": "2.0",
      "measurementUnitPrice": 5.98,
      "measurementUnit": "K",
      "isRedPrice": false,
      "pricePerUOM": 5.98,
      "activationDate": "13-03-2024",
      "recordSource": "Offline",
      "isPromoActive": "N",
      "priceChangeCode": "E"
    },
    "isAvailable": true,
    "isPriceAvailable": true,
    "inPromo": false,
    "gtin": [
      "05411188094166",
      "05411188094159",
      "05411188091622",
      "05411188091639",
      "05400141124675"
    ],
    "topCategoryName": "Zuivel",
    "topCategoryId": "65",
    "businessDomain": "RETAIL_BE",
    "IsPrivateLabel": false,
    "IsBiffe": false,
    "WeightconversionFactor": "0",
    "IsWeightArticle": false,
    "nutriscoreLabel": "C",
    "IsBio": false,
    "CountryOfOrigin": "BELGIË",
    "IsExclusivelySoldInLuxembourg": false,
    "OrderUnit": "P",
    "ShortName": "ALPRO DES FONDAN 4X125G",
    "IsNew": false,
    "EcoscoreLabel": "A",
    "RecentQuanityOfStockUnits": "6,2,1",
    "LongName": "ALPRO dessert fondant 4x125g",
    "AlcoholVolume": "0",
    "FicCode": "E",
    "EcoscoreValue": "98"
  },
  {
    "productId": "161830",
    "technicalArticleNumber": "3258313",
    "commercialArticleNumber": "8384",
    "name": "Greek Style natuur bio",
    "description": "*Vol\n*Standyoghurt",
    "brand": "PUR NATUR",
    "seoBrand": "Pur Natur",
    "thumbNail": "https://static.colruytgroup.com/images/200x200/std.lang.all/38/31/asset-3373831.jpg",
    "fullImage": "https://static.colruytgroup.com/images/500x500/std.lang.all/38/31/asset-3373831.jpg",
    "squareImage": "https://static.colruytgroup.com/images/500x500sq/std.lang.all/38/31/asset-3373831.jpg",
    "content": "700g",
    "walkRouteSequenceNumber": 5789,
    "price": {
      "basicPrice": 4.99,
      "recommendedQuantity": "1.0",
      "measurementUnitPrice": 7.13,
      "measurementUnit": "K",
      "isRedPrice": false,
      "pricePerUOM": 7.13,
      "activationDate": "13-03-2024",
      "isPromoActive": "Y",
      "priceChangeCode": "E"
    },
    "isAvailable": true,
    "isPriceAvailable": true,
    "inPromo": true,
    "promotion": [
      {
        "techPromoId": "100945COLR",
        "promotionId": "100945",
        "promotionType": "3",
        "isPersonalized": "N",
        "publicationStartDate": "13-03-2024",
        "publicationEndDate": "26-03-2024"
      }
    ],
    "gtin": [
      "05412971016853",
      "05412971916856"
    ],
    "topCategoryName": "Zuivel",
    "topCategoryId": "65",
    "businessDomain": "RETAIL_BE",
    "IsPrivateLabel": false,
    "IsBiffe": false,
    "WeightconversionFactor": "0",
    "IsWeightArticle": false,
    "IsBio": true,
    "CountryOfOrigin": "BELGIË",
    "IsExclusivelySoldInLuxembourg": false,
    "OrderUnit": "P",
    "ShortName": "PN GREEK YOGH BIO 700G",
    "IsNew": false,
    "EcoscoreLabel": "A",
    "RecentQuanityOfStockUnits": "1",
    "LongName": "PUR NATUR Greek Style natuur bio 700g",
    "AlcoholVolume": "0",
    "FicCode": "E",
    "EcoscoreValue": "100"
  },
  {
    "productId": "42658",
    "technicalArticleNumber": "2489434",
    "commercialArticleNumber": "39416",
    "name": "dessert koffie",
    "brand": "NESTLÉ LE VIENNOIS",
    "seoBrand": "Nestlé Le Viennois",
    "thumbNail": "https://static.colruytgroup.com/images/200x200/std.lang.all/15/35/asset-2041535.jpg",
    "fullImage": "https://static.colruytgroup.com/images/500x500/std.lang.all/15/35/asset-2041535.jpg",
    "squareImage": "https://static.colruytgroup.com/images/500x500sq/std.lang.all/15/35/asset-2041535.jpg",
    "content": "4x100g",
    "walkRouteSequenceNumber": 5943,
    "price": {
      "basicPrice": 3.49,
      "recommendedQuantity": "1.0",
      "measurementUnitPrice": 8.73,
      "measurementUnit": "K",
      "isRedPrice": false,
      "pricePerUOM": 8.73,
      "activationDate": "22-03-2024",
      "recordSource": "Offline",
      "isPromoActive": "N",
      "priceChangeCode": "H"
    },
    "isAvailable": true,
    "isPriceAvailable": true,
    "inPromo": false,
    "gtin": [
      "03023290050347",
      "03023291101352",
      "03023290021217",
      "03023290170090"
    ],
    "topCategoryName": "Zuivel",
    "topCategoryId": "65",
    "businessDomain": "RETAIL_BE",
    "IsPrivateLabel": false,
    "IsBiffe": false,
    "WeightconversionFactor": "0",
    "IsWeightArticle": false,
    "nutriscoreLabel": "C",
    "IsBio": false,
    "CountryOfOrigin": "FRANKRIJK",
    "IsExclusivelySoldInLuxembourg": false,
    "OrderUnit": "P",
    "ShortName": "NEST VIEN. CAFE 4X100G",
    "IsNew": false,
    "RecentQuanityOfStockUnits": "1",
    "LongName": "NESTLÉ LE VIENNOIS dessert koffie 4x100g",
    "AlcoholVolume": "0",
    "FicCode": "E"
  },
  {
    "productId": "81908",
    "technicalArticleNumber": "2944759",
    "commercialArticleNumber": "18088",
    "name": "verse kaas perzik",
    "description": "*Vetgehalte: 3,5 %",
    "brand": "BONI",
    "seoBrand": "Boni Selection",
    "thumbNail": "https://static.colruytgroup.com/images/200x200/std.lang.all/18/17/asset-3031817.jpg",
    "fullImage": "https://static.colruytgroup.com/images/500x500/std.lang.all/18/17/asset-3031817.jpg",
    "squareImage": "https://static.colruytgroup.com/images/500x500sq/std.lang.all/18/17/asset-3031817.jpg",
    "content": "180g",
    "walkRouteSequenceNumber": 5888,
    "price": {
      "basicPrice": 0.552,
      "recommendedQuantity": "1.0",
      "measurementUnitPrice": 3.07,
      "measurementUnit": "K",
      "isRedPrice": false,
      "pricePerUOM": 3.07,
      "activationDate": "22-03-2024",
      "recordSource": "Offline",
      "isPromoActive": "N",
      "priceChangeCode": "H"
    },
    "isAvailable": true,
    "isPriceAvailable": true,
    "inPromo": false,
    "gtin": [
      "15400141979081",
      "15400141293965",
      "05400141236880",
      "05400141238617",
      "05400141293968",
      "15400141238614"
    ],
    "topCategoryName": "Zuivel",
    "topCategoryId": "65",
    "businessDomain": "RETAIL_BE",
    "IsPrivateLabel": true,
    "IsBiffe": false,
    "WeightconversionFactor": "0",
    "IsWeightArticle": false,
    "nutriscoreLabel": "B",
    "IsBio": false,
    "CountryOfOrigin": "FRANKRIJK",
    "IsExclusivelySoldInLuxembourg": false,
    "OrderUnit": "P",
    "ShortName": "BONI KAAS PERZIK 180G",
    "IsNew": false,
    "EcoscoreLabel": "A",
    "RecentQuanityOfStockUnits": "1,8",
    "LongName": "BONI verse kaas perzik 180g",
    "AlcoholVolume": "0",
    "FicCode": "I",
    "EcoscoreValue": "98"
  },
  {
    "productId": "2149",
    "technicalArticleNumber": "26800",
    "commercialArticleNumber": "26800",
    "name": "kaasblokjes olie glas",
    "description": "*Denemarken\n*Koemelk\n*Mild\n*O.b.v. melk in\nplantaardige olie",
    "brand": "APETINA",
    "seoBrand": "Apetina",
    "thumbNail": "https://static.colruytgroup.com/images/200x200/std.lang.all/81/38/asset-2428138.jpg",
    "fullImage": "https://static.colruytgroup.com/images/500x500/std.lang.all/81/38/asset-2428138.jpg",
    "squareImage": "https://static.colruytgroup.com/images/500x500sq/std.lang.all/81/38/asset-2428138.jpg",
    "content": "265g",
    "walkRouteSequenceNumber": 5220,
    "price": {
      "basicPrice": 1.99,
      "recommendedQuantity": "1.0",
      "measurementUnitPrice": 13.27,
      "measurementUnit": "K",
      "isRedPrice": false,
      "pricePerUOM": 13.27,
      "activationDate": "29-11-2023",
      "recordSource": "Offline",
      "isPromoActive": "N",
      "priceChangeCode": "E"
    },
    "isAvailable": true,
    "isPriceAvailable": true,
    "inPromo": false,
    "gtin": [
      "05711953043031",
      "05711953068423",
      "05760466600439"
    ],
    "topCategoryName": "Zuivel",
    "topCategoryId": "65",
    "businessDomain": "RETAIL_BE",
    "IsPrivateLabel": false,
    "IsBiffe": false,
    "WeightconversionFactor": "0",
    "IsWeightArticle": false,
    "nutriscoreLabel": "E",
    "IsBio": false,
    "CountryOfOrigin": "DENEMARKEN",
    "IsExclusivelySoldInLuxembourg": false,
    "OrderUnit": "P",
    "ShortName": "ARLA APET BLOK OLIE265G",
    "IsNew": false,
    "EcoscoreLabel": "C",
    "RecentQuanityOfStockUnits": "1,6",
    "LongName": "APETINA kaasblokjes olie glas 265g",
    "AlcoholVolume": "0",
    "FicCode": "E",
    "EcoscoreValue": "54"
  },
  {
    "productId": "39663",
    "technicalArticleNumber": "1647126",
    "commercialArticleNumber": "27978",
    "name": "roomboter zeez.La Motte",
    "description": "*Vetgehalte: 80 %\n*Gezouten",
    "brand": "PRÉSIDENT",
    "seoBrand": "Président",
    "thumbNail": "https://static.colruytgroup.com/images/200x200/nl_be/99/18/asset-369918.jpg",
    "fullImage": "https://static.colruytgroup.com/images/500x500/nl_be/99/18/asset-369918.jpg",
    "squareImage": "https://static.colruytgroup.com/images/500x500sq/nl_be/99/18/asset-369918.jpg",
    "content": "250g",
    "walkRouteSequenceNumber": 6074,
    "price": {
      "basicPrice": 4.75,
      "recommendedQuantity": "1.0",
      "measurementUnitPrice": 19,
      "measurementUnit": "K",
      "isRedPrice": false,
      "pricePerUOM": 19,
      "activationDate": "20-03-2024",
      "recordSource": "Offline",
      "isPromoActive": "N",
      "priceChangeCode": "H"
    },
    "isAvailable": true,
    "isPriceAvailable": true,
    "inPromo": false,
    "gtin": [
      "03228021000084",
      "13155251206962",
      "03155251353614"
    ],
    "topCategoryName": "Zuivel",
    "topCategoryId": "65",
    "businessDomain": "RETAIL_BE",
    "IsPrivateLabel": false,
    "IsBiffe": false,
    "WeightconversionFactor": "0",
    "IsWeightArticle": false,
    "nutriscoreLabel": "E",
    "IsBio": false,
    "CountryOfOrigin": "FRANKRIJK",
    "IsExclusivelySoldInLuxembourg": false,
    "OrderUnit": "P",
    "ShortName": "PRES MOTTE ZOUT 250G",
    "IsNew": false,
    "EcoscoreLabel": "D",
    "RecentQuanityOfStockUnits": "1",
    "LongName": "PRÉSIDENT roomboter zeez.La Motte 250g",
    "AlcoholVolume": "0",
    "FicCode": "E",
    "EcoscoreValue": "20"
  },
  {
    "productId": "811239",
    "technicalArticleNumber": "4636266",
    "commercialArticleNumber": "6337",
    "name": "knoflook&f.kruiden",
    "description": "*Verse roomkaas met\nknoflook en fijne\nkruiden",
    "brand": "BOURSIN CUISINE",
    "seoBrand": "Boursin",
    "thumbNail": "https://static.colruytgroup.com/images/200x200/std.lang.all/22/12/asset-3212212.jpg",
    "fullImage": "https://static.colruytgroup.com/images/500x500/std.lang.all/22/12/asset-3212212.jpg",
    "squareImage": "https://static.colruytgroup.com/images/500x500sq/std.lang.all/22/12/asset-3212212.jpg",
    "content": "230g",
    "walkRouteSequenceNumber": 6025,
    "price": {
      "basicPrice": 3.15,
      "recommendedQuantity": "1.0",
      "measurementUnitPrice": 13.7,
      "measurementUnit": "K",
      "isRedPrice": false,
      "pricePerUOM": 13.7,
      "activationDate": "21-03-2024",
      "recordSource": "Offline",
      "isPromoActive": "N",
      "priceChangeCode": "H"
    },
    "isAvailable": true,
    "isPriceAvailable": true,
    "inPromo": false,
    "gtin": [
      "03073781181920",
      "03073781181913"
    ],
    "topCategoryName": "Zuivel",
    "topCategoryId": "65",
    "businessDomain": "RETAIL_BE",
    "IsPrivateLabel": false,
    "IsBiffe": false,
    "WeightconversionFactor": "0",
    "IsWeightArticle": false,
    "nutriscoreLabel": "D",
    "IsBio": false,
    "CountryOfOrigin": "BELGIË",
    "IsExclusivelySoldInLuxembourg": false,
    "OrderUnit": "P",
    "ShortName": "BOUR.CUI.L.F.KRUIDEN230",
    "IsNew": false,
    "EcoscoreLabel": "D",
    "RecentQuanityOfStockUnits": "1,6",
    "LongName": "BOURSIN CUISINE knoflook&f.kruiden 230g",
    "FicCode": "E",
    "EcoscoreValue": "36"
  },
  {
    "productId": "2155",
    "technicalArticleNumber": "26897",
    "commercialArticleNumber": "26897",
    "name": "Emmental Zwitserland blok",
    "description": "*Zwitserland\n*Halfharde kaas\n*Pittig\n*O.b.v. rauwe melk\n*Min.4 maand rijping",
    "brand": "BONI",
    "seoBrand": "Boni Selection",
    "thumbNail": "https://static.colruytgroup.com/images/200x200/std.lang.all/77/94/asset-3127794.jpg",
    "fullImage": "https://static.colruytgroup.com/images/500x500/std.lang.all/77/94/asset-3127794.jpg",
    "squareImage": "https://static.colruytgroup.com/images/500x500sq/std.lang.all/77/94/asset-3127794.jpg",
    "content": "±500g",
    "walkRouteSequenceNumber": 5663,
    "price": {
      "basicPrice": 18.76,
      "recommendedQuantity": "0.5",
      "unit": "K",
      "measurementUnitPrice": 18.76,
      "measurementUnit": "K",
      "isRedPrice": false,
      "pricePerUOM": 18.76,
      "activationDate": "13-02-2024",
      "recordSource": "Offline",
      "isPromoActive": "N",
      "priceChangeCode": "E"
    },
    "isAvailable": true,
    "isPriceAvailable": true,
    "inPromo": false,
    "gtin": [
      "05400141118001",
      "05400141128918",
      "95400141268976",
      "05400141041422"
    ],
    "topCategoryName": "Zuivel",
    "topCategoryId": "65",
    "businessDomain": "RETAIL_BE",
    "IsPrivateLabel": true,
    "IsBiffe": false,
    "WeightconversionFactor": "500",
    "IsWeightArticle": true,
    "nutriscoreLabel": "C",
    "IsBio": false,
    "CountryOfOrigin": "ZWITSERLAND",
    "IsExclusivelySoldInLuxembourg": false,
    "OrderUnit": "P",
    "ShortName": "BONI ZW EMMENT+-500GW",
    "IsNew": false,
    "EcoscoreLabel": "C",
    "RecentQuanityOfStockUnits": "1",
    "LongName": "BONI Emmental Zwitserland blok ±500g",
    "AlcoholVolume": "0",
    "FicCode": "I",
    "EcoscoreValue": "57"
  },
  {
    "productId": "482708",
    "technicalArticleNumber": "3998305",
    "commercialArticleNumber": "1110",
    "name": "bladerdeeg",
    "description": "*Vers bladerdeeg\n*Met margarine\n*Rond\n*Met bakpapier",
    "brand": "HERTA",
    "seoBrand": "Herta",
    "thumbNail": "https://static.colruytgroup.com/images/200x200/nl_be/80/50/asset-2368050.jpg",
    "fullImage": "https://static.colruytgroup.com/images/500x500/nl_be/80/50/asset-2368050.jpg",
    "squareImage": "https://static.colruytgroup.com/images/500x500sq/nl_be/80/50/asset-2368050.jpg",
    "content": "230g",
    "walkRouteSequenceNumber": 6056,
    "price": {
      "basicPrice": 1.89,
      "recommendedQuantity": "1.0",
      "measurementUnitPrice": 8.22,
      "measurementUnit": "K",
      "isRedPrice": false,
      "pricePerUOM": 8.22,
      "activationDate": "17-02-2024",
      "recordSource": "Offline",
      "isPromoActive": "N",
      "priceChangeCode": "E"
    },
    "isAvailable": true,
    "isPriceAvailable": true,
    "inPromo": true,
    "promotion": [
      {
        "techPromoId": "100936COLR",
        "promotionId": "100936",
        "promotionType": "3",
        "isPersonalized": "N",
        "publicationStartDate": "13-03-2024",
        "publicationEndDate": "26-03-2024"
      }
    ],
    "gtin": [
      "03154230600558",
      "03023296773943",
      "05410573002274",
      "03154230600541"
    ],
    "topCategoryName": "Bereidingen/Charcuterie/Vis/Veggie",
    "topCategoryId": "105",
    "businessDomain": "RETAIL_BE",
    "IsPrivateLabel": false,
    "IsBiffe": false,
    "WeightconversionFactor": "0",
    "IsWeightArticle": false,
    "nutriscoreLabel": "D",
    "IsBio": false,
    "CountryOfOrigin": "ZWITSERLAND",
    "IsExclusivelySoldInLuxembourg": false,
    "OrderUnit": "P",
    "ShortName": "HERT BLADERDEEG MAR230G",
    "IsNew": false,
    "RecentQuanityOfStockUnits": "1,10",
    "LongName": "HERTA bladerdeeg 230g",
    "FicCode": "E"
  },
  {
    "productId": "220896",
    "technicalArticleNumber": "3472385",
    "commercialArticleNumber": "30788",
    "name": "yoghurt mager nat.suiker",
    "description": "*Mager\n*Gesuikerd",
    "brand": "DANONE",
    "seoBrand": "Danone",
    "thumbNail": "https://static.colruytgroup.com/images/200x200/std.lang.all/43/25/asset-3394325.jpg",
    "fullImage": "https://static.colruytgroup.com/images/500x500/std.lang.all/43/25/asset-3394325.jpg",
    "squareImage": "https://static.colruytgroup.com/images/500x500sq/std.lang.all/43/25/asset-3394325.jpg",
    "content": "8x125g",
    "walkRouteSequenceNumber": 5731,
    "price": {
      "basicPrice": 3.35,
      "recommendedQuantity": "1.0",
      "measurementUnitPrice": 3.35,
      "measurementUnit": "K",
      "isRedPrice": false,
      "pricePerUOM": 3.35,
      "activationDate": "22-03-2024",
      "recordSource": "Offline",
      "isPromoActive": "N",
      "priceChangeCode": "H"
    },
    "isAvailable": true,
    "isPriceAvailable": true,
    "inPromo": false,
    "gtin": [
      "05410146417177",
      "15410146417174",
      "05410146406911"
    ],
    "topCategoryName": "Zuivel",
    "topCategoryId": "65",
    "businessDomain": "RETAIL_BE",
    "IsPrivateLabel": false,
    "IsBiffe": false,
    "WeightconversionFactor": "0",
    "IsWeightArticle": false,
    "nutriscoreLabel": "B",
    "IsBio": false,
    "CountryOfOrigin": "FRANKRIJK",
    "IsExclusivelySoldInLuxembourg": false,
    "OrderUnit": "P",
    "ShortName": "DAN NAT.GESUIK.8X125G",
    "IsNew": false,
    "EcoscoreLabel": "A",
    "RecentQuanityOfStockUnits": "1",
    "LongName": "DANONE yoghurt mager nat.suiker 8x125g",
    "AlcoholVolume": "0",
    "FicCode": "E",
    "EcoscoreValue": "97"
  },
  {
    "productId": "671002",
    "technicalArticleNumber": "4383929",
    "commercialArticleNumber": "24412",
    "name": "v.yogh.passievrucht",
    "description": "*Yoghurt op een\nbedje van\npassievruchten",
    "brand": "OIKOS",
    "seoBrand": "Oikos",
    "thumbNail": "https://static.colruytgroup.com/images/200x200/std.lang.all/64/34/asset-2356434.jpg",
    "fullImage": "https://static.colruytgroup.com/images/500x500/std.lang.all/64/34/asset-2356434.jpg",
    "squareImage": "https://static.colruytgroup.com/images/500x500sq/std.lang.all/64/34/asset-2356434.jpg",
    "content": "4x115g",
    "walkRouteSequenceNumber": 5902,
    "price": {
      "basicPrice": 3.99,
      "recommendedQuantity": "1.0",
      "measurementUnitPrice": 8.68,
      "measurementUnit": "K",
      "isRedPrice": false,
      "pricePerUOM": 8.68,
      "activationDate": "15-02-2024",
      "recordSource": "Offline",
      "isPromoActive": "N",
      "priceChangeCode": "E"
    },
    "isAvailable": true,
    "isPriceAvailable": true,
    "inPromo": false,
    "gtin": [
      "15410146419970",
      "05410146419973"
    ],
    "topCategoryName": "Zuivel",
    "topCategoryId": "65",
    "businessDomain": "RETAIL_BE",
    "IsPrivateLabel": false,
    "IsBiffe": false,
    "WeightconversionFactor": "0",
    "IsWeightArticle": false,
    "nutriscoreLabel": "C",
    "IsBio": false,
    "CountryOfOrigin": "DUITSLAND",
    "IsExclusivelySoldInLuxembourg": false,
    "OrderUnit": "P",
    "ShortName": "DANO OIK.PASSIEVR4X115G",
    "IsNew": false,
    "EcoscoreLabel": "A",
    "RecentQuanityOfStockUnits": "1",
    "LongName": "OIKOS v.yogh.passievrucht 4x115g",
    "FicCode": "E",
    "EcoscoreValue": "87"
  },
  {
    "productId": "784036",
    "technicalArticleNumber": "4583060",
    "commercialArticleNumber": "9186",
    "name": "parmigiano 24m montagne",
    "description": "*24 maand",
    "brand": "AMBROSI",
    "seoBrand": "Ambrosi",
    "thumbNail": "https://static.colruytgroup.com/images/200x200/std.lang.all/48/14/asset-2794814.jpg",
    "fullImage": "https://static.colruytgroup.com/images/500x500/std.lang.all/48/14/asset-2794814.jpg",
    "squareImage": "https://static.colruytgroup.com/images/500x500sq/std.lang.all/48/14/asset-2794814.jpg",
    "content": "200g",
    "walkRouteSequenceNumber": 5610,
    "price": {
      "basicPrice": 4,
      "recommendedQuantity": "1.0",
      "measurementUnitPrice": 20,
      "measurementUnit": "K",
      "isRedPrice": false,
      "pricePerUOM": 20,
      "activationDate": "19-03-2024",
      "recordSource": "Folder",
      "isPromoActive": "N",
      "priceChangeCode": "L"
    },
    "isAvailable": true,
    "isPriceAvailable": true,
    "inPromo": false,
    "gtin": [
      "08002503204659",
      "08002503204116",
      "18002503204113"
    ],
    "topCategoryName": "Zuivel",
    "topCategoryId": "65",
    "businessDomain": "RETAIL_BE",
    "IsPrivateLabel": false,
    "IsBiffe": false,
    "WeightconversionFactor": "0",
    "IsWeightArticle": false,
    "IsBio": false,
    "CountryOfOrigin": "ITALIË",
    "IsExclusivelySoldInLuxembourg": false,
    "OrderUnit": "P",
    "ShortName": "AMBR PARMIG. 24M 200G",
    "IsNew": false,
    "EcoscoreLabel": "D",
    "RecentQuanityOfStockUnits": "1",
    "LongName": "AMBROSI parmigiano 24m montagne 200g",
    "FicCode": "E",
    "EcoscoreValue": "27"
  },
  {
    "productId": "687251",
    "technicalArticleNumber": "4411547",
    "commercialArticleNumber": "25494",
    "name": "gouda oud blokjes",
    "description": "*Op basis van\nweidemelk\n*Nederland",
    "brand": "BONI",
    "seoBrand": "Boni Selection",
    "thumbNail": "https://static.colruytgroup.com/images/200x200/std.lang.all/99/28/asset-2419928.jpg",
    "fullImage": "https://static.colruytgroup.com/images/500x500/std.lang.all/99/28/asset-2419928.jpg",
    "squareImage": "https://static.colruytgroup.com/images/500x500sq/std.lang.all/99/28/asset-2419928.jpg",
    "content": "175g",
    "walkRouteSequenceNumber": 5597,
    "price": {
      "basicPrice": 2.79,
      "recommendedQuantity": "1.0",
      "measurementUnitPrice": 15.95,
      "measurementUnit": "K",
      "isRedPrice": false,
      "pricePerUOM": 15.95,
      "activationDate": "11-01-2024",
      "recordSource": "Offline",
      "isPromoActive": "N",
      "priceChangeCode": "L"
    },
    "isAvailable": true,
    "isPriceAvailable": true,
    "inPromo": false,
    "gtin": [
      "05400141940732",
      "05400141916928"
    ],
    "topCategoryName": "Zuivel",
    "topCategoryId": "65",
    "businessDomain": "RETAIL_BE",
    "IsPrivateLabel": true,
    "IsBiffe": false,
    "WeightconversionFactor": "0",
    "IsWeightArticle": false,
    "nutriscoreLabel": "C",
    "IsBio": false,
    "CountryOfOrigin": "NEDERLAND",
    "IsExclusivelySoldInLuxembourg": false,
    "OrderUnit": "P",
    "ShortName": "BONI GOUDA OUD KUBUS175",
    "IsNew": false,
    "EcoscoreLabel": "D",
    "RecentQuanityOfStockUnits": "1",
    "LongName": "BONI gouda oud blokjes 175g",
    "FicCode": "I",
    "EcoscoreValue": "28"
  },
  {
    "productId": "54320",
    "technicalArticleNumber": "2456107",
    "commercialArticleNumber": "37254",
    "name": "yoghurt mager natuur Bio",
    "description": "*Mager",
    "brand": "PUR NATUR",
    "seoBrand": "Pur Natur",
    "thumbNail": "https://static.colruytgroup.com/images/200x200/std.lang.all/94/41/asset-3449441.jpg",
    "fullImage": "https://static.colruytgroup.com/images/500x500/std.lang.all/94/41/asset-3449441.jpg",
    "squareImage": "https://static.colruytgroup.com/images/500x500sq/std.lang.all/94/41/asset-3449441.jpg",
    "content": "750g",
    "walkRouteSequenceNumber": 5794,
    "price": {
      "basicPrice": 3.29,
      "recommendedQuantity": "1.0",
      "measurementUnitPrice": 4.39,
      "measurementUnit": "K",
      "isRedPrice": false,
      "pricePerUOM": 4.39,
      "activationDate": "14-03-2024",
      "recordSource": "Offline",
      "isPromoActive": "N",
      "priceChangeCode": "E"
    },
    "isAvailable": true,
    "isPriceAvailable": true,
    "inPromo": true,
    "promotion": [
      {
        "techPromoId": "100945COLR",
        "promotionId": "100945",
        "promotionType": "3",
        "isPersonalized": "N",
        "publicationStartDate": "13-03-2024",
        "publicationEndDate": "26-03-2024"
      }
    ],
    "gtin": [
      "05400141381252",
      "05412971016358",
      "15400141999805"
    ],
    "topCategoryName": "Zuivel",
    "topCategoryId": "65",
    "businessDomain": "RETAIL_BE",
    "IsPrivateLabel": false,
    "IsBiffe": false,
    "WeightconversionFactor": "0",
    "IsWeightArticle": false,
    "nutriscoreLabel": "A",
    "IsBio": true,
    "CountryOfOrigin": "BELGIË",
    "IsExclusivelySoldInLuxembourg": false,
    "OrderUnit": "P",
    "ShortName": "PN BIO MAG NAT YOG 750G",
    "IsNew": false,
    "EcoscoreLabel": "A",
    "RecentQuanityOfStockUnits": "1",
    "LongName": "PUR NATUR yoghurt mager natuur Bio 750g",
    "AlcoholVolume": "0",
    "FicCode": "E",
    "EcoscoreValue": "100"
  },
  {
    "productId": "10668",
    "technicalArticleNumber": "1396642",
    "commercialArticleNumber": "26746",
    "name": "boter zeezout 20%vg",
    "description": "*Vetgehalte: 20 %\n*Gezouten\n*Belgisch",
    "brand": "BALADE SO LIGHT",
    "seoBrand": "Balade So Light",
    "thumbNail": "https://static.colruytgroup.com/images/200x200/nl_be/61/68/asset-1146168.jpg",
    "fullImage": "https://static.colruytgroup.com/images/500x500/nl_be/61/68/asset-1146168.jpg",
    "squareImage": "https://static.colruytgroup.com/images/500x500sq/nl_be/61/68/asset-1146168.jpg",
    "content": "250g",
    "walkRouteSequenceNumber": 6082,
    "price": {
      "basicPrice": 3.99,
      "recommendedQuantity": "1.0",
      "measurementUnitPrice": 15.96,
      "measurementUnit": "K",
      "isRedPrice": false,
      "pricePerUOM": 15.96,
      "activationDate": "27-02-2024",
      "recordSource": "Offline",
      "isPromoActive": "N",
      "priceChangeCode": "E"
    },
    "isAvailable": true,
    "isPriceAvailable": true,
    "inPromo": false,
    "gtin": [
      "05411156004302",
      "05411156002407",
      "05411396035937"
    ],
    "topCategoryName": "Zuivel",
    "topCategoryId": "65",
    "businessDomain": "RETAIL_BE",
    "IsPrivateLabel": false,
    "IsBiffe": false,
    "WeightconversionFactor": "0",
    "IsWeightArticle": false,
    "nutriscoreLabel": "E",
    "IsBio": false,
    "CountryOfOrigin": "BELGIË",
    "IsExclusivelySoldInLuxembourg": false,
    "OrderUnit": "P",
    "ShortName": "BALA SO LIGHT ZEEZ.250G",
    "IsNew": false,
    "RecentQuanityOfStockUnits": "1",
    "LongName": "BALADE SO LIGHT boter zeezout 20%vg 250g",
    "AlcoholVolume": "0",
    "FicCode": "E"
  },
  {
    "productId": "56834",
    "technicalArticleNumber": "2474888",
    "commercialArticleNumber": "38972",
    "name": "yoghurt mager exot.vrucht",
    "description": "*Mager\n*Met stukjes fruit",
    "brand": "DANONE",
    "seoBrand": "Danone",
    "thumbNail": "https://static.colruytgroup.com/images/200x200/std.lang.all/83/55/asset-3378355.jpg",
    "fullImage": "https://static.colruytgroup.com/images/500x500/std.lang.all/83/55/asset-3378355.jpg",
    "squareImage": "https://static.colruytgroup.com/images/500x500sq/std.lang.all/83/55/asset-3378355.jpg",
    "content": "4x125g",
    "walkRouteSequenceNumber": 5833,
    "price": {
      "basicPrice": 3.59,
      "recommendedQuantity": "1.0",
      "quantityPrice": 2,
      "quantityPriceQuantity": "2.0",
      "measurementUnitPrice": 7.18,
      "measurementUnitQuantityPrice": 4,
      "measurementUnit": "K",
      "isRedPrice": false,
      "pricePerUOM": 7.18,
      "activationDate": "16-03-2024",
      "isPromoActive": "Y",
      "priceChangeCode": "E",
      "quantityPricePerUOM": 4,
      "quantityActivationDate": "16-03-2024",
      "quantityPriceChangeCode": "E"
    },
    "isAvailable": true,
    "isPriceAvailable": true,
    "inPromo": false,
    "gtin": [
      "05410146418464",
      "05410146416309",
      "15410146418461"
    ],
    "topCategoryName": "Zuivel",
    "topCategoryId": "65",
    "businessDomain": "RETAIL_BE",
    "IsPrivateLabel": false,
    "IsBiffe": false,
    "WeightconversionFactor": "0",
    "IsWeightArticle": false,
    "nutriscoreLabel": "B",
    "IsBio": false,
    "CountryOfOrigin": "BELGIË",
    "IsExclusivelySoldInLuxembourg": false,
    "OrderUnit": "P",
    "ShortName": "DAN FRUI MAG EXO 4X125G",
    "InSeason": true,
    "IsNew": false,
    "EcoscoreLabel": "A",
    "RecentQuanityOfStockUnits": "1",
    "LongName": "DANONE yoghurt mager exot.vrucht 4x125g",
    "AlcoholVolume": "0",
    "StartSeasonDate": "04/04/2019",
    "FicCode": "E",
    "EcoscoreValue": "88"
  },
  {
    "productId": "584219",
    "technicalArticleNumber": "4238927",
    "commercialArticleNumber": "19053",
    "name": "cheddar geraspt",
    "description": "*Rijping 5 maand\n*Groot-Brittannië",
    "brand": "VACHE BLEUE",
    "seoBrand": "Vache Bleue",
    "thumbNail": "https://static.colruytgroup.com/images/200x200/std.lang.all/49/18/asset-2084918.jpg",
    "fullImage": "https://static.colruytgroup.com/images/500x500/std.lang.all/49/18/asset-2084918.jpg",
    "squareImage": "https://static.colruytgroup.com/images/500x500sq/std.lang.all/49/18/asset-2084918.jpg",
    "content": "150g",
    "walkRouteSequenceNumber": 5626,
    "price": {
      "basicPrice": 4.95,
      "recommendedQuantity": "1.0",
      "measurementUnitPrice": 33,
      "measurementUnit": "K",
      "isRedPrice": false,
      "pricePerUOM": 33,
      "activationDate": "14-03-2024",
      "recordSource": "Offline",
      "isPromoActive": "N",
      "priceChangeCode": "E"
    },
    "isAvailable": true,
    "isPriceAvailable": true,
    "inPromo": false,
    "gtin": [
      "05410298050529"
    ],
    "topCategoryName": "Zuivel",
    "topCategoryId": "65",
    "businessDomain": "RETAIL_BE",
    "IsPrivateLabel": false,
    "IsBiffe": false,
    "WeightconversionFactor": "0",
    "IsWeightArticle": false,
    "nutriscoreLabel": "D",
    "IsBio": false,
    "CountryOfOrigin": "VERENIGD KONINKRIJK",
    "IsExclusivelySoldInLuxembourg": false,
    "OrderUnit": "P",
    "ShortName": "VB CHEDDA.GERASPT150G",
    "IsNew": false,
    "EcoscoreLabel": "D",
    "RecentQuanityOfStockUnits": "1",
    "LongName": "VACHE BLEUE cheddar geraspt 150g",
    "FicCode": "E",
    "EcoscoreValue": "29"
  },
  {
    "productId": "12001",
    "technicalArticleNumber": "1377165",
    "commercialArticleNumber": "26350",
    "name": "yoghurt mager aardbei",
    "description": "*Mager\n*Met stukjes fruit",
    "brand": "DANONE",
    "seoBrand": "Danone",
    "thumbNail": "https://static.colruytgroup.com/images/200x200/std.lang.all/43/22/asset-3394322.jpg",
    "fullImage": "https://static.colruytgroup.com/images/500x500/std.lang.all/43/22/asset-3394322.jpg",
    "squareImage": "https://static.colruytgroup.com/images/500x500sq/std.lang.all/43/22/asset-3394322.jpg",
    "content": "4x125g",
    "walkRouteSequenceNumber": 5834,
    "price": {
      "basicPrice": 2.75,
      "recommendedQuantity": "1.0",
      "quantityPrice": 2,
      "quantityPriceQuantity": "2.0",
      "measurementUnitPrice": 5.5,
      "measurementUnitQuantityPrice": 4,
      "measurementUnit": "K",
      "isRedPrice": false,
      "pricePerUOM": 5.5,
      "activationDate": "15-03-2024",
      "isPromoActive": "Y",
      "priceChangeCode": "E",
      "quantityPricePerUOM": 4,
      "quantityActivationDate": "15-03-2024",
      "quantityPriceChangeCode": "E"
    },
    "isAvailable": true,
    "isPriceAvailable": true,
    "inPromo": false,
    "gtin": [
      "05410146416293",
      "05410146418471",
      "15410146418478",
      "04009700095374"
    ],
    "topCategoryName": "Zuivel",
    "topCategoryId": "65",
    "businessDomain": "RETAIL_BE",
    "IsPrivateLabel": false,
    "IsBiffe": false,
    "WeightconversionFactor": "0",
    "IsWeightArticle": false,
    "nutriscoreLabel": "B",
    "IsBio": false,
    "CountryOfOrigin": "BELGIË",
    "IsExclusivelySoldInLuxembourg": false,
    "OrderUnit": "P",
    "ShortName": "DAN FRU AARDB 4X125G",
    "InSeason": true,
    "IsNew": false,
    "EcoscoreLabel": "A",
    "RecentQuanityOfStockUnits": "1",
    "LongName": "DANONE yoghurt mager aardbei 4x125g",
    "AlcoholVolume": "0",
    "StartSeasonDate": "04/04/2019",
    "FicCode": "E",
    "EcoscoreValue": "89"
  },
  {
    "productId": "132910",
    "technicalArticleNumber": "3194798",
    "commercialArticleNumber": "23587",
    "name": "Griekse yoghurt vol natuur",
    "description": "*Vol",
    "brand": "BONI",
    "seoBrand": "Boni Selection",
    "thumbNail": "https://static.colruytgroup.com/images/200x200/std.lang.all/83/26/asset-2788326.jpg",
    "fullImage": "https://static.colruytgroup.com/images/500x500/std.lang.all/83/26/asset-2788326.jpg",
    "squareImage": "https://static.colruytgroup.com/images/500x500sq/std.lang.all/83/26/asset-2788326.jpg",
    "content": "2x170g",
    "walkRouteSequenceNumber": 5893,
    "price": {
      "basicPrice": 2.49,
      "recommendedQuantity": "1.0",
      "measurementUnitPrice": 7.33,
      "measurementUnit": "K",
      "isRedPrice": false,
      "pricePerUOM": 7.33,
      "activationDate": "04-10-2023",
      "isPromoActive": "N",
      "priceChangeCode": "E"
    },
    "isAvailable": true,
    "isPriceAvailable": true,
    "inPromo": false,
    "gtin": [
      "15400141793489",
      "15400141194484",
      "05400141194487",
      "05400141186550"
    ],
    "topCategoryName": "Zuivel",
    "topCategoryId": "65",
    "businessDomain": "RETAIL_BE",
    "IsPrivateLabel": true,
    "IsBiffe": false,
    "WeightconversionFactor": "0",
    "IsWeightArticle": false,
    "nutriscoreLabel": "C",
    "IsBio": false,
    "CountryOfOrigin": "GRIEKENLAND",
    "IsExclusivelySoldInLuxembourg": false,
    "OrderUnit": "P",
    "ShortName": "BONI GRIE YOG NAT 2X170",
    "IsNew": false,
    "EcoscoreLabel": "A",
    "RecentQuanityOfStockUnits": "1,4",
    "LongName": "BONI Griekse yoghurt vol natuur 2x170g",
    "AlcoholVolume": "0",
    "FicCode": "I",
    "EcoscoreValue": "91"
  },
  {
    "productId": "794388",
    "technicalArticleNumber": "4602637",
    "commercialArticleNumber": "12705",
    "name": "look fijne kruiden",
    "description": "*Verse roomkaas\nmet knoflook en\nfijne kruiden",
    "brand": "BOURSIN",
    "seoBrand": "Boursin",
    "thumbNail": "https://static.colruytgroup.com/images/200x200/std.lang.all/65/20/asset-2826520.jpg",
    "fullImage": "https://static.colruytgroup.com/images/500x500/std.lang.all/65/20/asset-2826520.jpg",
    "squareImage": "https://static.colruytgroup.com/images/500x500sq/std.lang.all/65/20/asset-2826520.jpg",
    "content": "80g",
    "walkRouteSequenceNumber": 4869,
    "price": {
      "basicPrice": 1.99,
      "recommendedQuantity": "1.0",
      "measurementUnitPrice": 24.88,
      "measurementUnit": "K",
      "isRedPrice": false,
      "pricePerUOM": 24.88,
      "activationDate": "30-01-2024",
      "recordSource": "Offline",
      "isPromoActive": "N",
      "priceChangeCode": "L"
    },
    "isAvailable": true,
    "isPriceAvailable": true,
    "inPromo": false,
    "gtin": [
      "03175460000024",
      "03175461000023"
    ],
    "topCategoryName": "Zuivel",
    "topCategoryId": "65",
    "businessDomain": "RETAIL_BE",
    "IsPrivateLabel": false,
    "IsBiffe": false,
    "WeightconversionFactor": "0",
    "IsWeightArticle": false,
    "nutriscoreLabel": "D",
    "IsBio": false,
    "CountryOfOrigin": "BELGIË",
    "IsExclusivelySoldInLuxembourg": false,
    "OrderUnit": "P",
    "ShortName": "BOURSIN KRUIDE 80GR",
    "IsNew": false,
    "EcoscoreLabel": "B",
    "RecentQuanityOfStockUnits": "1",
    "LongName": "BOURSIN look fijne kruiden 80g",
    "AlcoholVolume": "0",
    "FicCode": "E",
    "EcoscoreValue": "67"
  },
  {
    "productId": "2128",
    "technicalArticleNumber": "26709",
    "commercialArticleNumber": "26709",
    "name": "karneboter gezouten",
    "description": "*Melkerijboter\n*Vetgehalte: 82 %\n*Gezouten\n*Belgisch",
    "brand": "CARLSBOURG",
    "seoBrand": "Carlsbourg",
    "thumbNail": "https://static.colruytgroup.com/images/200x200/std.lang.all/98/68/asset-719868.jpg",
    "fullImage": "https://static.colruytgroup.com/images/500x500/std.lang.all/98/68/asset-719868.jpg",
    "squareImage": "https://static.colruytgroup.com/images/500x500sq/std.lang.all/98/68/asset-719868.jpg",
    "content": "250g",
    "walkRouteSequenceNumber": 6146,
    "price": {
      "basicPrice": 3.99,
      "recommendedQuantity": "1.0",
      "measurementUnitPrice": 15.96,
      "measurementUnit": "K",
      "isRedPrice": false,
      "pricePerUOM": 15.96,
      "activationDate": "05-01-2024",
      "recordSource": "Offline",
      "isPromoActive": "N",
      "priceChangeCode": "E"
    },
    "isAvailable": true,
    "isPriceAvailable": true,
    "inPromo": false,
    "gtin": [
      "05411156000410",
      "05411156000571"
    ],
    "topCategoryName": "Zuivel",
    "topCategoryId": "65",
    "businessDomain": "RETAIL_BE",
    "IsPrivateLabel": false,
    "IsBiffe": false,
    "WeightconversionFactor": "0",
    "IsWeightArticle": false,
    "nutriscoreLabel": "E",
    "IsBio": false,
    "CountryOfOrigin": "BELGIË",
    "IsExclusivelySoldInLuxembourg": false,
    "OrderUnit": "P",
    "ShortName": "CARLSB KARNEBO.ZOUT250G",
    "IsNew": false,
    "RecentQuanityOfStockUnits": "1,20",
    "LongName": "CARLSBOURG karneboter gezouten 250g",
    "AlcoholVolume": "0",
    "FicCode": "E"
  },
  {
    "productId": "93750",
    "technicalArticleNumber": "2895719",
    "commercialArticleNumber": "26997",
    "name": "flan karamel",
    "brand": "LA LAITIÈRE",
    "seoBrand": "Nestlé La Laitière",
    "thumbNail": "https://static.colruytgroup.com/images/200x200/std.lang.all/75/86/asset-1157586.jpg",
    "fullImage": "https://static.colruytgroup.com/images/500x500/std.lang.all/75/86/asset-1157586.jpg",
    "squareImage": "https://static.colruytgroup.com/images/500x500sq/std.lang.all/75/86/asset-1157586.jpg",
    "content": "4x100g",
    "walkRouteSequenceNumber": 5926,
    "price": {
      "basicPrice": 2.39,
      "recommendedQuantity": "1.0",
      "measurementUnitPrice": 5.98,
      "measurementUnit": "K",
      "isRedPrice": false,
      "pricePerUOM": 5.98,
      "activationDate": "14-02-2024",
      "recordSource": "Offline",
      "isPromoActive": "N",
      "priceChangeCode": "E"
    },
    "isAvailable": true,
    "isPriceAvailable": true,
    "inPromo": false,
    "gtin": [
      "03023290633458",
      "03023290119341"
    ],
    "topCategoryName": "Zuivel",
    "topCategoryId": "65",
    "businessDomain": "RETAIL_BE",
    "IsPrivateLabel": false,
    "IsBiffe": false,
    "WeightconversionFactor": "0",
    "IsWeightArticle": false,
    "nutriscoreLabel": "C",
    "IsBio": false,
    "CountryOfOrigin": "FRANKRIJK",
    "IsExclusivelySoldInLuxembourg": false,
    "OrderUnit": "P",
    "ShortName": "LL FLAN KARAM 4X100G",
    "IsNew": false,
    "RecentQuanityOfStockUnits": "1",
    "LongName": "LA LAITIÈRE flan karamel 4x100g",
    "AlcoholVolume": "0",
    "FicCode": "E"
  },
  {
    "productId": "2117",
    "technicalArticleNumber": "26638",
    "commercialArticleNumber": "26638",
    "name": "camembert rauw melk",
    "description": "*Frankrijk\n*Zachte kaas\n*Witschimmelkorst\n*Karaktervolle smaak\n*O.b.v. rauwe melk",
    "brand": "ISIGNY STE MÈRE",
    "seoBrand": "Isigny Ste Mère",
    "thumbNail": "https://static.colruytgroup.com/images/200x200/std.lang.all/58/21/asset-905821.jpg",
    "fullImage": "https://static.colruytgroup.com/images/500x500/std.lang.all/58/21/asset-905821.jpg",
    "squareImage": "https://static.colruytgroup.com/images/500x500sq/std.lang.all/58/21/asset-905821.jpg",
    "content": "250g",
    "walkRouteSequenceNumber": 5179,
    "price": {
      "basicPrice": 3.65,
      "recommendedQuantity": "1.0",
      "measurementUnitPrice": 14.6,
      "measurementUnit": "K",
      "isRedPrice": false,
      "pricePerUOM": 14.6,
      "activationDate": "02-01-2024",
      "isPromoActive": "N",
      "priceChangeCode": "E"
    },
    "isAvailable": true,
    "isPriceAvailable": true,
    "inPromo": false,
    "gtin": [
      "03254550039639",
      "23254550039633"
    ],
    "topCategoryName": "Zuivel",
    "topCategoryId": "65",
    "businessDomain": "RETAIL_BE",
    "IsPrivateLabel": false,
    "IsBiffe": false,
    "WeightconversionFactor": "0",
    "IsWeightArticle": false,
    "nutriscoreLabel": "D",
    "IsBio": false,
    "CountryOfOrigin": "FRANKRIJK",
    "IsExclusivelySoldInLuxembourg": false,
    "OrderUnit": "P",
    "ShortName": "ISIGNY CAMEMB. EXCEL250",
    "InSeason": true,
    "IsNew": false,
    "EcoscoreLabel": "D",
    "RecentQuanityOfStockUnits": "1",
    "LongName": "ISIGNY STE MÈRE camembert rauw melk 250g",
    "AlcoholVolume": "0",
    "StartSeasonDate": "06/03/2018",
    "FicCode": "E",
    "EcoscoreValue": "34"
  },
  {
    "productId": "113363",
    "technicalArticleNumber": "3052619",
    "commercialArticleNumber": "24250",
    "name": "&Fruits aardbei 0%",
    "description": "*Mager\n*Met stukjes fruit",
    "brand": "VITALINEA",
    "seoBrand": "Danone Vitalinea",
    "thumbNail": "https://static.colruytgroup.com/images/200x200/std.lang.all/66/32/asset-3376632.jpg",
    "fullImage": "https://static.colruytgroup.com/images/500x500/std.lang.all/66/32/asset-3376632.jpg",
    "squareImage": "https://static.colruytgroup.com/images/500x500sq/std.lang.all/66/32/asset-3376632.jpg",
    "content": "4x125g",
    "walkRouteSequenceNumber": 5751,
    "price": {
      "basicPrice": 3.19,
      "recommendedQuantity": "1.0",
      "measurementUnitPrice": 6.38,
      "measurementUnit": "K",
      "isRedPrice": false,
      "pricePerUOM": 6.38,
      "activationDate": "12-03-2024",
      "recordSource": "Offline",
      "isPromoActive": "N",
      "priceChangeCode": "E"
    },
    "isAvailable": true,
    "isPriceAvailable": true,
    "inPromo": false,
    "gtin": [
      "05410146405105",
      "55410146405100",
      "04009700096487"
    ],
    "topCategoryName": "Zuivel",
    "topCategoryId": "65",
    "businessDomain": "RETAIL_BE",
    "IsPrivateLabel": false,
    "IsBiffe": false,
    "WeightconversionFactor": "0",
    "IsWeightArticle": false,
    "nutriscoreLabel": "A",
    "IsBio": false,
    "CountryOfOrigin": "BELGIË",
    "IsExclusivelySoldInLuxembourg": false,
    "OrderUnit": "P",
    "ShortName": "DANO VITALIN.AARD4X125G",
    "InSeason": true,
    "IsNew": false,
    "EcoscoreLabel": "A",
    "RecentQuanityOfStockUnits": "1",
    "LongName": "VITALINEA &Fruits aardbei 0% 4x125g",
    "AlcoholVolume": "0",
    "StartSeasonDate": "08/08/2014",
    "FicCode": "E",
    "EcoscoreValue": "88"
  },
  {
    "productId": "103719",
    "technicalArticleNumber": "3104957",
    "commercialArticleNumber": "43460",
    "name": "perzik/ananas-passievrucht",
    "description": "*Plantaardig\nalternatief\nvoor yoghurt",
    "brand": "ALPRO",
    "seoBrand": "Alpro",
    "thumbNail": "https://static.colruytgroup.com/images/200x200/std.lang.all/66/05/asset-3376605.jpg",
    "fullImage": "https://static.colruytgroup.com/images/500x500/std.lang.all/66/05/asset-3376605.jpg",
    "squareImage": "https://static.colruytgroup.com/images/500x500sq/std.lang.all/66/05/asset-3376605.jpg",
    "content": "4x125g",
    "walkRouteSequenceNumber": 5861,
    "price": {
      "basicPrice": 3.69,
      "recommendedQuantity": "1.0",
      "measurementUnitPrice": 7.38,
      "measurementUnit": "K",
      "isRedPrice": false,
      "pricePerUOM": 7.38,
      "activationDate": "07-03-2024",
      "recordSource": "Offline",
      "isPromoActive": "N",
      "priceChangeCode": "E"
    },
    "isAvailable": true,
    "isPriceAvailable": true,
    "inPromo": false,
    "gtin": [
      "05411188107095",
      "05411188106876"
    ],
    "topCategoryName": "Zuivel",
    "topCategoryId": "65",
    "businessDomain": "RETAIL_BE",
    "IsPrivateLabel": false,
    "IsBiffe": false,
    "WeightconversionFactor": "0",
    "IsWeightArticle": false,
    "nutriscoreLabel": "B",
    "IsBio": false,
    "CountryOfOrigin": "BELGIË",
    "IsExclusivelySoldInLuxembourg": false,
    "OrderUnit": "P",
    "ShortName": "ALPRO EXO-PERZIK 4X125G",
    "IsNew": false,
    "EcoscoreLabel": "A",
    "RecentQuanityOfStockUnits": "1,6",
    "LongName": "ALPRO perzik/ananas-passievrucht 4x125g",
    "AlcoholVolume": "0",
    "FicCode": "E",
    "EcoscoreValue": "88"
  },
  {
    "productId": "22956",
    "technicalArticleNumber": "1955465",
    "commercialArticleNumber": "35520",
    "name": "yoghurt 0%vg aardbei",
    "description": "*Mager\n*Met stukjes fruit\n*Extra bevorderend\nvoor de darmflora",
    "brand": "ACTIVIA",
    "seoBrand": "Danone Activia",
    "thumbNail": "https://static.colruytgroup.com/images/200x200/std.lang.all/61/68/asset-2356168.jpg",
    "fullImage": "https://static.colruytgroup.com/images/500x500/std.lang.all/61/68/asset-2356168.jpg",
    "squareImage": "https://static.colruytgroup.com/images/500x500sq/std.lang.all/61/68/asset-2356168.jpg",
    "content": "4x125g",
    "walkRouteSequenceNumber": 5765,
    "price": {
      "basicPrice": 2.99,
      "recommendedQuantity": "1.0",
      "quantityPrice": 2,
      "quantityPriceQuantity": "2.0",
      "measurementUnitPrice": 5.98,
      "measurementUnitQuantityPrice": 4,
      "measurementUnit": "K",
      "isRedPrice": false,
      "pricePerUOM": 5.98,
      "activationDate": "15-03-2024",
      "isPromoActive": "Y",
      "priceChangeCode": "E",
      "quantityPricePerUOM": 4,
      "quantityActivationDate": "15-03-2024",
      "quantityPriceChangeCode": "E"
    },
    "isAvailable": true,
    "isPriceAvailable": true,
    "inPromo": false,
    "gtin": [
      "03033490907709",
      "05410146410406",
      "15410146419239",
      "05410146419232"
    ],
    "topCategoryName": "Zuivel",
    "topCategoryId": "65",
    "businessDomain": "RETAIL_BE",
    "IsPrivateLabel": false,
    "IsBiffe": false,
    "WeightconversionFactor": "0",
    "IsWeightArticle": false,
    "nutriscoreLabel": "A",
    "IsBio": false,
    "CountryOfOrigin": "BELGIË",
    "IsExclusivelySoldInLuxembourg": false,
    "OrderUnit": "P",
    "ShortName": "DAN ACT 0PC AARDB 4X125",
    "IsNew": false,
    "EcoscoreLabel": "A",
    "RecentQuanityOfStockUnits": "1",
    "LongName": "ACTIVIA yoghurt 0%vg aardbei 4x125g",
    "AlcoholVolume": "0",
    "FicCode": "E",
    "EcoscoreValue": "87"
  },
  {
    "productId": "764384",
    "technicalArticleNumber": "4545121",
    "commercialArticleNumber": "7452",
    "name": "lichte room 0% lactose",
    "description": "*18% VG",
    "brand": "BALADE",
    "seoBrand": "Balade",
    "thumbNail": "https://static.colruytgroup.com/images/200x200/nl_be/54/67/asset-2705467.jpg",
    "fullImage": "https://static.colruytgroup.com/images/500x500/nl_be/54/67/asset-2705467.jpg",
    "squareImage": "https://static.colruytgroup.com/images/500x500sq/nl_be/54/67/asset-2705467.jpg",
    "content": "25cl",
    "walkRouteSequenceNumber": 6000,
    "price": {
      "basicPrice": 3.35,
      "recommendedQuantity": "1.0",
      "measurementUnitPrice": 13.4,
      "measurementUnit": "L",
      "isRedPrice": false,
      "pricePerUOM": 13.4,
      "activationDate": "07-03-2024",
      "recordSource": "Offline",
      "isPromoActive": "N",
      "priceChangeCode": "H"
    },
    "isAvailable": true,
    "isPriceAvailable": true,
    "inPromo": false,
    "gtin": [
      "05411396036071",
      "05411396036088"
    ],
    "topCategoryName": "Zuivel",
    "topCategoryId": "65",
    "businessDomain": "RETAIL_BE",
    "IsPrivateLabel": false,
    "IsBiffe": false,
    "WeightconversionFactor": "0",
    "IsWeightArticle": false,
    "nutriscoreLabel": "D",
    "IsBio": false,
    "CountryOfOrigin": "SPANJE",
    "IsExclusivelySoldInLuxembourg": false,
    "OrderUnit": "P",
    "ShortName": "BALA LICHTROOM 0%LC25CL",
    "IsNew": false,
    "RecentQuanityOfStockUnits": "1,12",
    "LongName": "BALADE lichte room 0% lactose 25cl",
    "FicCode": "E"
  },
  {
    "productId": "14807",
    "technicalArticleNumber": "1422491",
    "commercialArticleNumber": "28334",
    "name": "&Fruits mix 0%",
    "description": "*Mager",
    "brand": "VITALINEA",
    "seoBrand": "Danone Vitalinea",
    "thumbNail": "https://static.colruytgroup.com/images/200x200/std.lang.all/63/46/asset-2356346.jpg",
    "fullImage": "https://static.colruytgroup.com/images/500x500/std.lang.all/63/46/asset-2356346.jpg",
    "squareImage": "https://static.colruytgroup.com/images/500x500sq/std.lang.all/63/46/asset-2356346.jpg",
    "content": "12x125g",
    "walkRouteSequenceNumber": 5753,
    "price": {
      "basicPrice": 6.79,
      "recommendedQuantity": "1.0",
      "measurementUnitPrice": 4.53,
      "measurementUnit": "K",
      "isRedPrice": false,
      "pricePerUOM": 4.53,
      "activationDate": "21-03-2024",
      "recordSource": "Offline",
      "isPromoActive": "N",
      "priceChangeCode": "H"
    },
    "isAvailable": true,
    "isPriceAvailable": true,
    "inPromo": false,
    "gtin": [
      "05410146407604",
      "05410146416026",
      "15410146416023"
    ],
    "topCategoryName": "Zuivel",
    "topCategoryId": "65",
    "businessDomain": "RETAIL_BE",
    "IsPrivateLabel": false,
    "IsBiffe": false,
    "WeightconversionFactor": "0",
    "IsWeightArticle": false,
    "nutriscoreLabel": "A",
    "IsBio": false,
    "CountryOfOrigin": "BELGIË",
    "IsExclusivelySoldInLuxembourg": false,
    "OrderUnit": "P",
    "ShortName": "VITAL.YOGH. FR. 12X125G",
    "IsNew": false,
    "EcoscoreLabel": "A",
    "RecentQuanityOfStockUnits": "1",
    "LongName": "VITALINEA &Fruits mix 0% 12x125g",
    "AlcoholVolume": "0",
    "FicCode": "E",
    "EcoscoreValue": "87"
  },
  {
    "productId": "529280",
    "technicalArticleNumber": "4118946",
    "commercialArticleNumber": "7160",
    "name": "jong belegen light",
    "description": "*Nederland\n*Halfharde kaas\n*Jong belegen\n*Abs. V.G.: 20%",
    "brand": "BEEMSTERLITE",
    "seoBrand": "Beemsterlite",
    "thumbNail": "https://static.colruytgroup.com/images/200x200/std.lang.all/05/89/asset-2850589.jpg",
    "fullImage": "https://static.colruytgroup.com/images/500x500/std.lang.all/05/89/asset-2850589.jpg",
    "squareImage": "https://static.colruytgroup.com/images/500x500sq/std.lang.all/05/89/asset-2850589.jpg",
    "content": "300g",
    "walkRouteSequenceNumber": 6243,
    "price": {
      "basicPrice": 5.99,
      "recommendedQuantity": "1.0",
      "measurementUnitPrice": 19.97,
      "measurementUnit": "K",
      "isRedPrice": false,
      "pricePerUOM": 19.97,
      "activationDate": "17-02-2024",
      "isPromoActive": "N",
      "priceChangeCode": "H"
    },
    "isAvailable": true,
    "isPriceAvailable": true,
    "inPromo": false,
    "gtin": [
      "05400141871272",
      "05400141951196",
      "05400141442410",
      "05400141297539"
    ],
    "topCategoryName": "Zuivel",
    "topCategoryId": "65",
    "businessDomain": "RETAIL_BE",
    "IsPrivateLabel": false,
    "IsBiffe": false,
    "WeightconversionFactor": "0",
    "IsWeightArticle": false,
    "nutriscoreLabel": "D",
    "IsBio": false,
    "CountryOfOrigin": "NEDERLAND",
    "IsExclusivelySoldInLuxembourg": false,
    "OrderUnit": "P",
    "ShortName": "BEEM JONG BEL.LI.SN300G",
    "IsNew": false,
    "EcoscoreLabel": "B",
    "RecentQuanityOfStockUnits": "1",
    "LongName": "BEEMSTERLITE jong belegen light 300g",
    "FicCode": "I",
    "EcoscoreValue": "63"
  },
  {
    "productId": "338291",
    "technicalArticleNumber": "3826995",
    "commercialArticleNumber": "21711",
    "name": "fruix yoghurt rode vrucht",
    "description": "*Vol\n*Met gemixt fruit",
    "brand": "DANONE",
    "seoBrand": "Danone Fruix",
    "thumbNail": "https://static.colruytgroup.com/images/200x200/std.lang.all/43/26/asset-3394326.jpg",
    "fullImage": "https://static.colruytgroup.com/images/500x500/std.lang.all/43/26/asset-3394326.jpg",
    "squareImage": "https://static.colruytgroup.com/images/500x500sq/std.lang.all/43/26/asset-3394326.jpg",
    "content": "8x125g",
    "walkRouteSequenceNumber": 5756,
    "price": {
      "basicPrice": 5.49,
      "recommendedQuantity": "1.0",
      "measurementUnitPrice": 5.49,
      "measurementUnit": "K",
      "isRedPrice": false,
      "pricePerUOM": 5.49,
      "activationDate": "13-03-2024",
      "recordSource": "Offline",
      "isPromoActive": "N",
      "priceChangeCode": "H"
    },
    "isAvailable": true,
    "isPriceAvailable": true,
    "inPromo": false,
    "gtin": [
      "05410146417122",
      "15410146417129"
    ],
    "topCategoryName": "Zuivel",
    "topCategoryId": "65",
    "businessDomain": "RETAIL_BE",
    "IsPrivateLabel": false,
    "IsBiffe": false,
    "WeightconversionFactor": "0",
    "IsWeightArticle": false,
    "nutriscoreLabel": "B",
    "IsBio": false,
    "CountryOfOrigin": "FRANKRIJK",
    "IsExclusivelySoldInLuxembourg": false,
    "OrderUnit": "P",
    "ShortName": "DANO FRUIX RODE V8X125G",
    "IsNew": false,
    "EcoscoreLabel": "A",
    "RecentQuanityOfStockUnits": "1",
    "LongName": "DANONE fruix yoghurt rode vrucht 8x125g",
    "AlcoholVolume": "0",
    "FicCode": "E",
    "EcoscoreValue": "93"
  },
  {
    "productId": "882111",
    "technicalArticleNumber": "4739851",
    "commercialArticleNumber": "7151",
    "name": "fun cheesestrings",
    "description": "*Zachte kaas\n*Mild\n*Kaassnack",
    "brand": "VACHE BLEUE",
    "seoBrand": "Vache Bleue",
    "thumbNail": "https://static.colruytgroup.com/images/200x200/std.lang.all/93/20/asset-3309320.jpg",
    "fullImage": "https://static.colruytgroup.com/images/500x500/std.lang.all/93/20/asset-3309320.jpg",
    "squareImage": "https://static.colruytgroup.com/images/500x500sq/std.lang.all/93/20/asset-3309320.jpg",
    "content": "4x21g",
    "walkRouteSequenceNumber": 4939,
    "price": {
      "basicPrice": 3.09,
      "recommendedQuantity": "1.0",
      "measurementUnitPrice": 36.79,
      "measurementUnit": "K",
      "isRedPrice": false,
      "pricePerUOM": 36.79,
      "activationDate": "13-03-2024",
      "recordSource": "Offline",
      "isPromoActive": "N",
      "priceChangeCode": "E"
    },
    "isAvailable": true,
    "isPriceAvailable": true,
    "inPromo": false,
    "gtin": [
      "05410298017560",
      "15410298017567"
    ],
    "topCategoryName": "Zuivel",
    "topCategoryId": "65",
    "businessDomain": "RETAIL_BE",
    "IsPrivateLabel": false,
    "IsBiffe": false,
    "WeightconversionFactor": "0",
    "IsWeightArticle": false,
    "nutriscoreLabel": "D",
    "IsBio": false,
    "CountryOfOrigin": "BELGIË",
    "IsExclusivelySoldInLuxembourg": false,
    "OrderUnit": "P",
    "ShortName": "VABL FUN CHEESE 4X21G",
    "IsNew": false,
    "EcoscoreLabel": "D",
    "RecentQuanityOfStockUnits": "1",
    "LongName": "VACHE BLEUE fun cheesestrings 4x21g",
    "AlcoholVolume": "0",
    "FicCode": "E",
    "EcoscoreValue": "30"
  },
  {
    "productId": "287909",
    "technicalArticleNumber": "3682757",
    "commercialArticleNumber": "41882",
    "name": "gouda jong mosterd blokjes",
    "description": "*Nederland\n*Halfharde kaas\n*Met mosterd\n*Jong\n*Blokjeskaas",
    "brand": "BONI",
    "seoBrand": "Boni Selection",
    "thumbNail": "https://static.colruytgroup.com/images/200x200/std.lang.all/67/90/asset-2786790.jpg",
    "fullImage": "https://static.colruytgroup.com/images/500x500/std.lang.all/67/90/asset-2786790.jpg",
    "squareImage": "https://static.colruytgroup.com/images/500x500sq/std.lang.all/67/90/asset-2786790.jpg",
    "content": "280g",
    "walkRouteSequenceNumber": 5595,
    "price": {
      "basicPrice": 6.13,
      "recommendedQuantity": "1.0",
      "measurementUnitPrice": 21.9,
      "measurementUnit": "K",
      "isRedPrice": false,
      "pricePerUOM": 21.9,
      "activationDate": "11-10-2023",
      "isPromoActive": "N",
      "priceChangeCode": "H"
    },
    "isAvailable": true,
    "isPriceAvailable": true,
    "inPromo": false,
    "gtin": [
      "05400141126785",
      "05400141129151",
      "05400141412642"
    ],
    "topCategoryName": "Zuivel",
    "topCategoryId": "65",
    "businessDomain": "RETAIL_BE",
    "IsPrivateLabel": true,
    "IsBiffe": false,
    "WeightconversionFactor": "0",
    "IsWeightArticle": false,
    "nutriscoreLabel": "C",
    "IsBio": false,
    "CountryOfOrigin": "NEDERLAND",
    "IsExclusivelySoldInLuxembourg": false,
    "OrderUnit": "P",
    "ShortName": "BONI GOUD MOS KUB 280 G",
    "IsNew": false,
    "EcoscoreLabel": "C",
    "RecentQuanityOfStockUnits": "1",
    "LongName": "BONI gouda jong mosterd blokjes 280g",
    "AlcoholVolume": "0",
    "FicCode": "I",
    "EcoscoreValue": "57"
  },
  {
    "productId": "337014",
    "technicalArticleNumber": "3832256",
    "commercialArticleNumber": "40050",
    "name": "koffie mousse",
    "brand": "BONI",
    "seoBrand": "Boni Selection",
    "thumbNail": "https://static.colruytgroup.com/images/200x200/std.lang.all/39/70/asset-3223970.jpg",
    "fullImage": "https://static.colruytgroup.com/images/500x500/std.lang.all/39/70/asset-3223970.jpg",
    "squareImage": "https://static.colruytgroup.com/images/500x500sq/std.lang.all/39/70/asset-3223970.jpg",
    "content": "75g",
    "walkRouteSequenceNumber": 5940,
    "price": {
      "basicPrice": 1.09,
      "recommendedQuantity": "1.0",
      "measurementUnitPrice": 14.54,
      "measurementUnit": "K",
      "isRedPrice": false,
      "pricePerUOM": 14.54,
      "activationDate": "15-02-2024",
      "recordSource": "Offline",
      "isPromoActive": "N",
      "priceChangeCode": "E"
    },
    "isAvailable": true,
    "isPriceAvailable": true,
    "inPromo": false,
    "gtin": [
      "05400141466782",
      "05400141293586",
      "05400141835946",
      "05400141233421",
      "15400141233428",
      "15400141293583",
      "15400141466789"
    ],
    "topCategoryName": "Zuivel",
    "topCategoryId": "65",
    "businessDomain": "RETAIL_BE",
    "IsPrivateLabel": true,
    "IsBiffe": false,
    "WeightconversionFactor": "0",
    "IsWeightArticle": false,
    "nutriscoreLabel": "E",
    "IsBio": false,
    "CountryOfOrigin": "BELGIË",
    "IsExclusivelySoldInLuxembourg": false,
    "OrderUnit": "P",
    "ShortName": "BONI KOFFIE MOUSSE 75G",
    "IsNew": false,
    "EcoscoreLabel": "C",
    "RecentQuanityOfStockUnits": "1,1",
    "LongName": "BONI koffie mousse 75g",
    "AlcoholVolume": "0",
    "FicCode": "I",
    "EcoscoreValue": "55"
  },
  {
    "productId": "812824",
    "technicalArticleNumber": "4638846",
    "commercialArticleNumber": "12016",
    "name": "verse kaas vol",
    "brand": "CAMPINA",
    "seoBrand": "Campina",
    "thumbNail": "https://static.colruytgroup.com/images/200x200/nl_be/80/49/asset-3018049.jpg",
    "fullImage": "https://static.colruytgroup.com/images/500x500/nl_be/80/49/asset-3018049.jpg",
    "squareImage": "https://static.colruytgroup.com/images/500x500sq/nl_be/80/49/asset-3018049.jpg",
    "content": "180g",
    "walkRouteSequenceNumber": 5709,
    "price": {
      "basicPrice": 1.9,
      "recommendedQuantity": "1.0",
      "measurementUnitPrice": 10.56,
      "measurementUnit": "K",
      "isRedPrice": false,
      "pricePerUOM": 10.56,
      "activationDate": "14-03-2024",
      "recordSource": "Offline",
      "isPromoActive": "N",
      "priceChangeCode": "L"
    },
    "isAvailable": true,
    "isPriceAvailable": true,
    "inPromo": false,
    "gtin": [
      "05410438043633",
      "05410438043671",
      "08712800000662",
      "08712800502715"
    ],
    "topCategoryName": "Zuivel",
    "topCategoryId": "65",
    "businessDomain": "RETAIL_BE",
    "IsPrivateLabel": false,
    "IsBiffe": false,
    "WeightconversionFactor": "0",
    "IsWeightArticle": false,
    "nutriscoreLabel": "B",
    "IsBio": false,
    "CountryOfOrigin": "BELGIË",
    "IsExclusivelySoldInLuxembourg": false,
    "OrderUnit": "P",
    "ShortName": "CAMP VERSE KAAS VOL180G",
    "IsNew": false,
    "EcoscoreLabel": "B",
    "RecentQuanityOfStockUnits": "1,6",
    "LongName": "CAMPINA verse kaas vol 180g",
    "FicCode": "E",
    "EcoscoreValue": "67"
  },
  {
    "productId": "502392",
    "technicalArticleNumber": "4051814",
    "commercialArticleNumber": "6646",
    "name": "aardbei",
    "description": "*Plantaardig\nalternatief\nvoor yoghurt",
    "brand": "ALPRO",
    "seoBrand": "Alpro",
    "thumbNail": "https://static.colruytgroup.com/images/200x200/std.lang.all/38/34/asset-3373834.jpg",
    "fullImage": "https://static.colruytgroup.com/images/500x500/std.lang.all/38/34/asset-3373834.jpg",
    "squareImage": "https://static.colruytgroup.com/images/500x500sq/std.lang.all/38/34/asset-3373834.jpg",
    "content": "500g",
    "walkRouteSequenceNumber": 5842,
    "price": {
      "basicPrice": 2.99,
      "recommendedQuantity": "1.0",
      "measurementUnitPrice": 5.98,
      "measurementUnit": "K",
      "isRedPrice": false,
      "pricePerUOM": 5.98,
      "activationDate": "13-03-2024",
      "recordSource": "Offline",
      "isPromoActive": "N",
      "priceChangeCode": "H"
    },
    "isAvailable": true,
    "isPriceAvailable": true,
    "inPromo": false,
    "gtin": [
      "05411188114543",
      "05411188114536"
    ],
    "topCategoryName": "Zuivel",
    "topCategoryId": "65",
    "businessDomain": "RETAIL_BE",
    "IsPrivateLabel": false,
    "IsBiffe": false,
    "WeightconversionFactor": "0",
    "IsWeightArticle": false,
    "nutriscoreLabel": "A",
    "IsBio": false,
    "CountryOfOrigin": "BELGIË",
    "IsExclusivelySoldInLuxembourg": false,
    "OrderUnit": "P",
    "ShortName": "ALPRO AARDBEI 500G",
    "IsNew": false,
    "EcoscoreLabel": "A",
    "RecentQuanityOfStockUnits": "6,1",
    "LongName": "ALPRO aardbei 500g",
    "FicCode": "E",
    "EcoscoreValue": "88"
  },
  {
    "productId": "93201",
    "technicalArticleNumber": "2878545",
    "commercialArticleNumber": "34809",
    "name": "&Fruits kers 0%",
    "description": "*Mager\n*Met aroma's",
    "brand": "VITALINEA",
    "seoBrand": "Danone Vitalinea",
    "thumbNail": "https://static.colruytgroup.com/images/200x200/std.lang.all/88/05/asset-3378805.jpg",
    "fullImage": "https://static.colruytgroup.com/images/500x500/std.lang.all/88/05/asset-3378805.jpg",
    "squareImage": "https://static.colruytgroup.com/images/500x500sq/std.lang.all/88/05/asset-3378805.jpg",
    "content": "4x125g",
    "walkRouteSequenceNumber": 5752,
    "price": {
      "basicPrice": 3.19,
      "recommendedQuantity": "1.0",
      "measurementUnitPrice": 6.38,
      "measurementUnit": "K",
      "isRedPrice": false,
      "pricePerUOM": 6.38,
      "activationDate": "12-03-2024",
      "recordSource": "Offline",
      "isPromoActive": "N",
      "priceChangeCode": "E"
    },
    "isAvailable": true,
    "isPriceAvailable": true,
    "inPromo": false,
    "gtin": [
      "05410146405686"
    ],
    "topCategoryName": "Zuivel",
    "topCategoryId": "65",
    "businessDomain": "RETAIL_BE",
    "IsPrivateLabel": false,
    "IsBiffe": false,
    "WeightconversionFactor": "0",
    "IsWeightArticle": false,
    "nutriscoreLabel": "A",
    "IsBio": false,
    "CountryOfOrigin": "BELGIË",
    "IsExclusivelySoldInLuxembourg": false,
    "OrderUnit": "P",
    "ShortName": "DAN VITA KERS 4X125G",
    "InSeason": true,
    "IsNew": false,
    "EcoscoreLabel": "A",
    "RecentQuanityOfStockUnits": "1",
    "LongName": "VITALINEA &Fruits kers 0% 4x125g",
    "AlcoholVolume": "0",
    "StartSeasonDate": "08/08/2014",
    "FicCode": "E",
    "EcoscoreValue": "88"
  },
  {
    "productId": "670970",
    "technicalArticleNumber": "4383897",
    "commercialArticleNumber": "24407",
    "name": "volle yogh.app-kan",
    "description": "*Vol\n*Yoghurt op een\nbedje van appel\nmet kaneel",
    "brand": "OIKOS",
    "seoBrand": "Oikos",
    "thumbNail": "https://static.colruytgroup.com/images/200x200/std.lang.all/38/35/asset-3373835.jpg",
    "fullImage": "https://static.colruytgroup.com/images/500x500/std.lang.all/38/35/asset-3373835.jpg",
    "squareImage": "https://static.colruytgroup.com/images/500x500sq/std.lang.all/38/35/asset-3373835.jpg",
    "content": "4x115g",
    "walkRouteSequenceNumber": 5900,
    "price": {
      "basicPrice": 3.99,
      "recommendedQuantity": "1.0",
      "measurementUnitPrice": 8.68,
      "measurementUnit": "K",
      "isRedPrice": false,
      "pricePerUOM": 8.68,
      "activationDate": "15-02-2024",
      "recordSource": "Offline",
      "isPromoActive": "N",
      "priceChangeCode": "E"
    },
    "isAvailable": true,
    "isPriceAvailable": true,
    "inPromo": false,
    "gtin": [
      "05410146419928"
    ],
    "topCategoryName": "Zuivel",
    "topCategoryId": "65",
    "businessDomain": "RETAIL_BE",
    "IsPrivateLabel": false,
    "IsBiffe": false,
    "WeightconversionFactor": "0",
    "IsWeightArticle": false,
    "nutriscoreLabel": "C",
    "IsBio": false,
    "CountryOfOrigin": "DUITSLAND",
    "IsExclusivelySoldInLuxembourg": false,
    "OrderUnit": "P",
    "ShortName": "DANO OIK.APP-KAN.4X115",
    "IsNew": false,
    "EcoscoreLabel": "B",
    "RecentQuanityOfStockUnits": "1",
    "LongName": "OIKOS volle yogh.app-kan 4x115g",
    "FicCode": "E",
    "EcoscoreValue": "79"
  },
  {
    "productId": "69748",
    "technicalArticleNumber": "2754908",
    "commercialArticleNumber": "42656",
    "name": "POP chocolade",
    "brand": "DANETTE",
    "seoBrand": "Danone Danette",
    "thumbNail": "https://static.colruytgroup.com/images/200x200/std.lang.all/64/68/asset-3376468.jpg",
    "fullImage": "https://static.colruytgroup.com/images/500x500/std.lang.all/64/68/asset-3376468.jpg",
    "squareImage": "https://static.colruytgroup.com/images/500x500sq/std.lang.all/64/68/asset-3376468.jpg",
    "content": "4x117g",
    "walkRouteSequenceNumber": 5963,
    "price": {
      "basicPrice": 3.99,
      "recommendedQuantity": "1.0",
      "measurementUnitPrice": 8.53,
      "measurementUnit": "K",
      "isRedPrice": false,
      "pricePerUOM": 8.53,
      "activationDate": "05-03-2024",
      "recordSource": "Offline",
      "isPromoActive": "N",
      "priceChangeCode": "H"
    },
    "isAvailable": true,
    "isPriceAvailable": true,
    "inPromo": false,
    "gtin": [
      "03033491012020",
      "33033491012021"
    ],
    "topCategoryName": "Zuivel",
    "topCategoryId": "65",
    "businessDomain": "RETAIL_BE",
    "IsPrivateLabel": false,
    "IsBiffe": false,
    "WeightconversionFactor": "0",
    "IsWeightArticle": false,
    "nutriscoreLabel": "C",
    "IsBio": false,
    "CountryOfOrigin": "FRANKRIJK",
    "IsExclusivelySoldInLuxembourg": false,
    "OrderUnit": "P",
    "ShortName": "DANO CHOCOL.POP 4X117G",
    "IsNew": false,
    "EcoscoreLabel": "A",
    "RecentQuanityOfStockUnits": "1",
    "LongName": "DANETTE POP chocolade 4x117g",
    "AlcoholVolume": "0",
    "FicCode": "E",
    "EcoscoreValue": "91"
  },
  {
    "productId": "263732",
    "technicalArticleNumber": "3586498",
    "commercialArticleNumber": "33076",
    "name": "gouda jong belegen blokjes",
    "description": "*Oorsprong:Nederland\n*Gepasteuriseerde\nkoemelk\n*Vegetarisch",
    "brand": "ECONOM",
    "seoBrand": "Econom",
    "thumbNail": "https://static.colruytgroup.com/images/200x200/std.lang.all/34/33/asset-3193433.jpg",
    "fullImage": "https://static.colruytgroup.com/images/500x500/std.lang.all/34/33/asset-3193433.jpg",
    "squareImage": "https://static.colruytgroup.com/images/500x500sq/std.lang.all/34/33/asset-3193433.jpg",
    "content": "1kg",
    "walkRouteSequenceNumber": 5608,
    "price": {
      "basicPrice": 13.17,
      "recommendedQuantity": "1.0",
      "measurementUnitPrice": 13.17,
      "measurementUnit": "K",
      "isRedPrice": false,
      "pricePerUOM": 13.17,
      "activationDate": "15-03-2024",
      "isPromoActive": "N",
      "priceChangeCode": "L"
    },
    "isAvailable": true,
    "isPriceAvailable": true,
    "inPromo": false,
    "gtin": [
      "15400141036616",
      "05400141586008",
      "05400141036619",
      "05400141440515"
    ],
    "topCategoryName": "Zuivel",
    "topCategoryId": "65",
    "businessDomain": "RETAIL_BE",
    "IsPrivateLabel": true,
    "IsBiffe": false,
    "WeightconversionFactor": "0",
    "IsWeightArticle": false,
    "nutriscoreLabel": "C",
    "IsBio": false,
    "CountryOfOrigin": "NEDERLAND",
    "IsExclusivelySoldInLuxembourg": false,
    "OrderUnit": "P",
    "ShortName": "HC ECON KUB.JONGBEL.1KG",
    "IsNew": false,
    "EcoscoreLabel": "B",
    "RecentQuanityOfStockUnits": "1",
    "LongName": "ECONOM gouda jong belegen blokjes 1kg",
    "AlcoholVolume": "0",
    "FicCode": "I",
    "EcoscoreValue": "63"
  },
  {
    "productId": "9982",
    "technicalArticleNumber": "1369349",
    "commercialArticleNumber": "26010",
    "name": "rijstpap van.",
    "brand": "LA LAITIÈRE",
    "seoBrand": "Nestlé La Laitière",
    "thumbNail": "https://static.colruytgroup.com/images/200x200/std.lang.all/08/01/asset-3240801.jpg",
    "fullImage": "https://static.colruytgroup.com/images/500x500/std.lang.all/08/01/asset-3240801.jpg",
    "squareImage": "https://static.colruytgroup.com/images/500x500sq/std.lang.all/08/01/asset-3240801.jpg",
    "content": "8x115g",
    "walkRouteSequenceNumber": 5972,
    "price": {
      "basicPrice": 4.49,
      "recommendedQuantity": "1.0",
      "measurementUnitPrice": 4.89,
      "measurementUnit": "K",
      "isRedPrice": false,
      "pricePerUOM": 4.89,
      "activationDate": "05-03-2024",
      "recordSource": "Offline",
      "isPromoActive": "N",
      "priceChangeCode": "L"
    },
    "isAvailable": true,
    "isPriceAvailable": true,
    "inPromo": false,
    "gtin": [
      "03023291798057",
      "03023290662014"
    ],
    "topCategoryName": "Zuivel",
    "topCategoryId": "65",
    "businessDomain": "RETAIL_BE",
    "IsPrivateLabel": false,
    "IsBiffe": false,
    "WeightconversionFactor": "0",
    "IsWeightArticle": false,
    "nutriscoreLabel": "C",
    "IsBio": false,
    "CountryOfOrigin": "FRANKRIJK",
    "IsExclusivelySoldInLuxembourg": false,
    "OrderUnit": "P",
    "ShortName": "LL RIJSTPAP MADAG.8X115",
    "IsNew": false,
    "RecentQuanityOfStockUnits": "1",
    "LongName": "LA LAITIÈRE rijstpap van. 8x115g",
    "AlcoholVolume": "0",
    "FicCode": "E"
  },
  {
    "productId": "15200",
    "technicalArticleNumber": "1620045",
    "commercialArticleNumber": "26167",
    "name": "Le Fondant Authentique",
    "description": "*Frankrijk\n*Zachte kaas\n*Oranje\nschimmelkorst\n*Microbieel stremsel",
    "brand": "CHAUMES",
    "seoBrand": "Chaumes",
    "thumbNail": "https://static.colruytgroup.com/images/200x200/std.lang.all/42/48/asset-554248.jpg",
    "fullImage": "https://static.colruytgroup.com/images/500x500/std.lang.all/42/48/asset-554248.jpg",
    "squareImage": "https://static.colruytgroup.com/images/500x500sq/std.lang.all/42/48/asset-554248.jpg",
    "content": "150g",
    "walkRouteSequenceNumber": 4912,
    "price": {
      "basicPrice": 3.99,
      "recommendedQuantity": "1.0",
      "measurementUnitPrice": 26.6,
      "measurementUnit": "K",
      "isRedPrice": false,
      "pricePerUOM": 26.6,
      "activationDate": "17-01-2024",
      "recordSource": "Offline",
      "isPromoActive": "N",
      "priceChangeCode": "L"
    },
    "isAvailable": true,
    "isPriceAvailable": true,
    "inPromo": false,
    "gtin": [
      "03090291431079",
      "03090291435077"
    ],
    "topCategoryName": "Zuivel",
    "topCategoryId": "65",
    "businessDomain": "RETAIL_BE",
    "IsPrivateLabel": false,
    "IsBiffe": false,
    "WeightconversionFactor": "0",
    "IsWeightArticle": false,
    "nutriscoreLabel": "D",
    "IsBio": false,
    "CountryOfOrigin": "FRANKRIJK",
    "IsExclusivelySoldInLuxembourg": false,
    "OrderUnit": "P",
    "ShortName": "CHAUMES FOND.AUTH.150GR",
    "IsNew": false,
    "RecentQuanityOfStockUnits": "1",
    "LongName": "CHAUMES Le Fondant Authentique 150g",
    "AlcoholVolume": "0",
    "FicCode": "E"
  },
  {
    "productId": "794978",
    "technicalArticleNumber": "4603940",
    "commercialArticleNumber": "14531",
    "name": "yoghurt vol",
    "description": "*Volle yoghurt\nmet vruchten",
    "brand": "DANONE",
    "seoBrand": "Danone",
    "thumbNail": "https://static.colruytgroup.com/images/200x200/std.lang.all/42/41/asset-3394241.jpg",
    "fullImage": "https://static.colruytgroup.com/images/500x500/std.lang.all/42/41/asset-3394241.jpg",
    "squareImage": "https://static.colruytgroup.com/images/500x500sq/std.lang.all/42/41/asset-3394241.jpg",
    "content": "8x125g",
    "walkRouteSequenceNumber": 5832,
    "price": {
      "basicPrice": 4.59,
      "recommendedQuantity": "1.0",
      "measurementUnitPrice": 4.59,
      "measurementUnit": "K",
      "isRedPrice": false,
      "pricePerUOM": 4.59,
      "activationDate": "04-04-2023",
      "recordSource": "Offline",
      "isPromoActive": "N",
      "priceChangeCode": "E"
    },
    "isAvailable": true,
    "isPriceAvailable": true,
    "inPromo": false,
    "gtin": [
      "15410146420617",
      "05410146420610",
      "25410146420614"
    ],
    "topCategoryName": "Zuivel",
    "topCategoryId": "65",
    "businessDomain": "RETAIL_BE",
    "IsPrivateLabel": false,
    "IsBiffe": false,
    "WeightconversionFactor": "0",
    "IsWeightArticle": false,
    "nutriscoreLabel": "B",
    "IsBio": false,
    "CountryOfOrigin": "BELGIË",
    "IsExclusivelySoldInLuxembourg": false,
    "OrderUnit": "P",
    "ShortName": "DAN.VOL FR.YOGH. 8X125G",
    "IsNew": false,
    "EcoscoreLabel": "A",
    "RecentQuanityOfStockUnits": "1",
    "LongName": "DANONE yoghurt vol 8x125g",
    "FicCode": "E",
    "EcoscoreValue": "93"
  },
  {
    "productId": "38667",
    "technicalArticleNumber": "1801474",
    "commercialArticleNumber": "34185",
    "name": "boter gezouten",
    "description": "*Vetgehalte: 82 %\n*Gezouten\n*Belgisch",
    "brand": "VEREECKE",
    "seoBrand": "Vereecke",
    "thumbNail": "https://static.colruytgroup.com/images/200x200/std.lang.all/88/04/asset-558804.jpg",
    "fullImage": "https://static.colruytgroup.com/images/500x500/std.lang.all/88/04/asset-558804.jpg",
    "squareImage": "https://static.colruytgroup.com/images/500x500sq/std.lang.all/88/04/asset-558804.jpg",
    "content": "250g",
    "walkRouteSequenceNumber": 6151,
    "price": {
      "basicPrice": 3.99,
      "recommendedQuantity": "1.0",
      "measurementUnitPrice": 15.96,
      "measurementUnit": "K",
      "isRedPrice": false,
      "pricePerUOM": 15.96,
      "activationDate": "15-11-2023",
      "isPromoActive": "N",
      "priceChangeCode": "E"
    },
    "isAvailable": true,
    "isPriceAvailable": true,
    "inPromo": true,
    "promotion": [
      {
        "techPromoId": "100987COLR",
        "promotionId": "100987",
        "promotionType": "3",
        "isPersonalized": "N",
        "publicationStartDate": "13-03-2024",
        "publicationEndDate": "26-03-2024"
      }
    ],
    "gtin": [
      "05410375005022",
      "05410375002519"
    ],
    "topCategoryName": "Zuivel",
    "topCategoryId": "65",
    "businessDomain": "RETAIL_BE",
    "IsPrivateLabel": false,
    "IsBiffe": false,
    "WeightconversionFactor": "0",
    "IsWeightArticle": false,
    "nutriscoreLabel": "E",
    "IsBio": false,
    "CountryOfOrigin": "NEDERLAND",
    "IsExclusivelySoldInLuxembourg": false,
    "OrderUnit": "P",
    "ShortName": "VEREECKE BOT.GEZ.250",
    "IsNew": false,
    "EcoscoreLabel": "C",
    "RecentQuanityOfStockUnits": "1",
    "LongName": "VEREECKE boter gezouten 250g",
    "AlcoholVolume": "0",
    "FicCode": "E",
    "EcoscoreValue": "55"
  },
  {
    "productId": "606890",
    "technicalArticleNumber": "4277247",
    "commercialArticleNumber": "23137",
    "name": "Balance pack",
    "description": "*Gefermenteerde\nmelkdrank",
    "brand": "YAKULT",
    "seoBrand": "Yakult",
    "thumbNail": "https://static.colruytgroup.com/images/200x200/std.lang.all/09/06/asset-3320906.jpg",
    "fullImage": "https://static.colruytgroup.com/images/500x500/std.lang.all/09/06/asset-3320906.jpg",
    "squareImage": "https://static.colruytgroup.com/images/500x500sq/std.lang.all/09/06/asset-3320906.jpg",
    "content": "8x65ml",
    "walkRouteSequenceNumber": 5686,
    "price": {
      "basicPrice": 3.29,
      "recommendedQuantity": "1.0",
      "measurementUnitPrice": 6.33,
      "measurementUnit": "L",
      "isRedPrice": false,
      "pricePerUOM": 6.33,
      "activationDate": "17-10-2023",
      "recordSource": "Offline",
      "isPromoActive": "N",
      "priceChangeCode": "E"
    },
    "isAvailable": true,
    "isPriceAvailable": true,
    "inPromo": false,
    "gtin": [
      "08713108014016",
      "08713108010810"
    ],
    "topCategoryName": "Zuivel",
    "topCategoryId": "65",
    "businessDomain": "RETAIL_BE",
    "IsPrivateLabel": false,
    "IsBiffe": false,
    "WeightconversionFactor": "0",
    "IsWeightArticle": false,
    "nutriscoreLabel": "D",
    "IsBio": false,
    "CountryOfOrigin": "JAPAN",
    "IsExclusivelySoldInLuxembourg": false,
    "OrderUnit": "P",
    "ShortName": "YAKULT BALANCE 8X65ML",
    "IsNew": false,
    "EcoscoreLabel": "B",
    "RecentQuanityOfStockUnits": "1",
    "LongName": "YAKULT Balance pack 8x65ml",
    "FicCode": "E",
    "EcoscoreValue": "70"
  },
  {
    "productId": "528932",
    "technicalArticleNumber": "4119080",
    "commercialArticleNumber": "8347",
    "name": "sneetjes",
    "description": "*België\n*Halfharde kaas\n*Jong, romig\n*vegetarisch",
    "brand": "AFFLIGEM",
    "seoBrand": "Affligem",
    "thumbNail": "https://static.colruytgroup.com/images/200x200/std.lang.all/81/62/asset-2868162.jpg",
    "fullImage": "https://static.colruytgroup.com/images/500x500/std.lang.all/81/62/asset-2868162.jpg",
    "squareImage": "https://static.colruytgroup.com/images/500x500sq/std.lang.all/81/62/asset-2868162.jpg",
    "content": "350g",
    "walkRouteSequenceNumber": 6194,
    "price": {
      "basicPrice": 4.95,
      "recommendedQuantity": "1.0",
      "measurementUnitPrice": 14.15,
      "measurementUnit": "K",
      "isRedPrice": true,
      "redPriceReason": "Promo",
      "pricePerUOM": 14.15,
      "activationDate": "13-03-2024",
      "isPromoActive": "Y",
      "priceChangeCode": "L"
    },
    "isAvailable": true,
    "isPriceAvailable": true,
    "inPromo": false,
    "gtin": [
      "05400141685978",
      "05400141297997"
    ],
    "topCategoryName": "Zuivel",
    "topCategoryId": "65",
    "businessDomain": "RETAIL_BE",
    "IsPrivateLabel": false,
    "IsBiffe": false,
    "WeightconversionFactor": "0",
    "IsWeightArticle": false,
    "IsBio": false,
    "CountryOfOrigin": "BELGIË",
    "IsExclusivelySoldInLuxembourg": false,
    "OrderUnit": "P",
    "ShortName": "AFFLIGEM SNEETJES 350G",
    "IsNew": false,
    "EcoscoreLabel": "D",
    "RecentQuanityOfStockUnits": "1",
    "LongName": "AFFLIGEM sneetjes 350g",
    "FicCode": "I",
    "EcoscoreValue": "37"
  },
  {
    "productId": "39654",
    "technicalArticleNumber": "1646751",
    "commercialArticleNumber": "26976",
    "name": "d'or kaas blok",
    "description": "*België\n*Harde kaas\n*Fruitig, vol, zoet\n*3 maanden gerijpt",
    "brand": "BRUGGE",
    "seoBrand": "Brugge",
    "thumbNail": "https://static.colruytgroup.com/images/200x200/std.lang.all/97/78/asset-2829778.jpg",
    "fullImage": "https://static.colruytgroup.com/images/500x500/std.lang.all/97/78/asset-2829778.jpg",
    "squareImage": "https://static.colruytgroup.com/images/500x500sq/std.lang.all/97/78/asset-2829778.jpg",
    "content": "±450g",
    "walkRouteSequenceNumber": 6180,
    "price": {
      "basicPrice": 25.95,
      "recommendedQuantity": "0.4",
      "unit": "K",
      "measurementUnitPrice": 25.95,
      "measurementUnit": "K",
      "isRedPrice": false,
      "pricePerUOM": 25.95,
      "activationDate": "13-03-2024",
      "recordSource": "Offline",
      "isPromoActive": "Y",
      "priceChangeCode": "E"
    },
    "isAvailable": true,
    "isPriceAvailable": true,
    "inPromo": true,
    "promotion": [
      {
        "techPromoId": "100828COLR",
        "promotionId": "100828",
        "promotionType": "3",
        "isPersonalized": "N",
        "publicationStartDate": "13-03-2024",
        "publicationEndDate": "26-03-2024"
      }
    ],
    "gtin": [
      "95400141413345",
      "05400141269758",
      "15400141413349",
      "05400141413342"
    ],
    "topCategoryName": "Zuivel",
    "topCategoryId": "65",
    "businessDomain": "RETAIL_BE",
    "IsPrivateLabel": false,
    "IsBiffe": false,
    "WeightconversionFactor": "450",
    "IsWeightArticle": true,
    "nutriscoreLabel": "D",
    "IsBio": false,
    "CountryOfOrigin": "BELGIË",
    "IsExclusivelySoldInLuxembourg": false,
    "OrderUnit": "P",
    "ShortName": "BRUGS D OR BLOK +-450GW",
    "IsNew": false,
    "EcoscoreLabel": "C",
    "RecentQuanityOfStockUnits": "1",
    "LongName": "BRUGGE d'or kaas blok ±450g",
    "AlcoholVolume": "0",
    "FicCode": "I",
    "EcoscoreValue": "59"
  },
  {
    "productId": "849066",
    "technicalArticleNumber": "4696458",
    "commercialArticleNumber": "30757",
    "name": "0% mango 25% proteine",
    "description": "*Melkspecialiteit om\nte drinken gearoma-\ntiseerd met mango-\nsmaak, met zoet-\nstoffen, 0% vet.",
    "brand": "DANONE HIPRO",
    "seoBrand": "Danone Hipro",
    "thumbNail": "https://static.colruytgroup.com/images/200x200/std.lang.all/66/60/asset-3376660.jpg",
    "fullImage": "https://static.colruytgroup.com/images/500x500/std.lang.all/66/60/asset-3376660.jpg",
    "squareImage": "https://static.colruytgroup.com/images/500x500sq/std.lang.all/66/60/asset-3376660.jpg",
    "content": "300g",
    "walkRouteSequenceNumber": 5796,
    "price": {
      "basicPrice": 2.69,
      "recommendedQuantity": "1.0",
      "measurementUnitPrice": 8.97,
      "measurementUnit": "K",
      "isRedPrice": false,
      "pricePerUOM": 8.97,
      "activationDate": "20-02-2024",
      "recordSource": "Offline",
      "isPromoActive": "N",
      "priceChangeCode": "E"
    },
    "isAvailable": true,
    "isPriceAvailable": true,
    "inPromo": false,
    "gtin": [
      "33033491729219",
      "03033491729218"
    ],
    "topCategoryName": "Zuivel",
    "topCategoryId": "65",
    "businessDomain": "RETAIL_BE",
    "IsPrivateLabel": false,
    "IsBiffe": false,
    "WeightconversionFactor": "0",
    "IsWeightArticle": false,
    "nutriscoreLabel": "A",
    "IsBio": false,
    "CountryOfOrigin": "SPANJE",
    "IsExclusivelySoldInLuxembourg": false,
    "OrderUnit": "P",
    "ShortName": "HIPR DR.YOG0% MANG 300G",
    "IsNew": false,
    "EcoscoreLabel": "B",
    "RecentQuanityOfStockUnits": "1,6",
    "LongName": "DANONE HIPRO 0% mango 25% proteine 300g",
    "FicCode": "E",
    "EcoscoreValue": "67"
  },
  {
    "productId": "51095",
    "technicalArticleNumber": "2194105",
    "commercialArticleNumber": "35974",
    "name": "roomdessert vanille",
    "brand": "DANETTE",
    "seoBrand": "Danone Danette",
    "thumbNail": "https://static.colruytgroup.com/images/200x200/std.lang.all/67/06/asset-3376706.jpg",
    "fullImage": "https://static.colruytgroup.com/images/500x500/std.lang.all/67/06/asset-3376706.jpg",
    "squareImage": "https://static.colruytgroup.com/images/500x500sq/std.lang.all/67/06/asset-3376706.jpg",
    "content": "8x125g",
    "walkRouteSequenceNumber": 5974,
    "price": {
      "basicPrice": 4.59,
      "recommendedQuantity": "1.0",
      "measurementUnitPrice": 4.59,
      "measurementUnit": "K",
      "isRedPrice": false,
      "pricePerUOM": 4.59,
      "activationDate": "22-03-2024",
      "recordSource": "Offline",
      "isPromoActive": "N",
      "priceChangeCode": "H"
    },
    "isAvailable": true,
    "isPriceAvailable": true,
    "inPromo": false,
    "gtin": [
      "15410146962476",
      "05410146962479"
    ],
    "topCategoryName": "Zuivel",
    "topCategoryId": "65",
    "businessDomain": "RETAIL_BE",
    "IsPrivateLabel": false,
    "IsBiffe": false,
    "WeightconversionFactor": "0",
    "IsWeightArticle": false,
    "nutriscoreLabel": "C",
    "IsBio": false,
    "CountryOfOrigin": "FRANKRIJK",
    "IsExclusivelySoldInLuxembourg": false,
    "OrderUnit": "P",
    "ShortName": "DANETTE VANILLE 8X125G",
    "IsNew": false,
    "EcoscoreLabel": "A",
    "RecentQuanityOfStockUnits": "1",
    "LongName": "DANETTE roomdessert vanille 8x125g",
    "AlcoholVolume": "0",
    "FicCode": "E",
    "EcoscoreValue": "100"
  },
  {
    "productId": "2151",
    "technicalArticleNumber": "26865",
    "commercialArticleNumber": "26865",
    "name": "gouda belegen bl.weide",
    "description": "*Nederland,weidemelk\n*Halfharde kaas, ro-\nmig, pittig, belegen\n*4 maanden gerijpt\n*Korst niet eetbaar",
    "brand": "BONI",
    "seoBrand": "Boni Selection",
    "thumbNail": "https://static.colruytgroup.com/images/200x200/std.lang.all/14/88/asset-3041488.jpg",
    "fullImage": "https://static.colruytgroup.com/images/500x500/std.lang.all/14/88/asset-3041488.jpg",
    "squareImage": "https://static.colruytgroup.com/images/500x500sq/std.lang.all/14/88/asset-3041488.jpg",
    "content": "±1kg",
    "walkRouteSequenceNumber": 5656,
    "price": {
      "basicPrice": 8.42,
      "recommendedQuantity": "1.0",
      "unit": "K",
      "measurementUnitPrice": 8.42,
      "measurementUnit": "K",
      "isRedPrice": false,
      "pricePerUOM": 8.42,
      "activationDate": "29-02-2024",
      "recordSource": "Offline",
      "isPromoActive": "N",
      "priceChangeCode": "L"
    },
    "isAvailable": true,
    "isPriceAvailable": true,
    "inPromo": false,
    "gtin": [
      "05400141117837",
      "05400141128895",
      "95400141960580",
      "05400141041514",
      "95400141268655",
      "95400141332752"
    ],
    "topCategoryName": "Zuivel",
    "topCategoryId": "65",
    "businessDomain": "RETAIL_BE",
    "IsPrivateLabel": true,
    "IsBiffe": false,
    "WeightconversionFactor": "1100",
    "IsWeightArticle": true,
    "nutriscoreLabel": "C",
    "IsBio": false,
    "CountryOfOrigin": "NEDERLAND",
    "IsExclusivelySoldInLuxembourg": false,
    "OrderUnit": "P",
    "ShortName": "BONI H.GOUD.BELEG+-1K1W",
    "IsNew": false,
    "EcoscoreLabel": "C",
    "RecentQuanityOfStockUnits": "1",
    "LongName": "BONI gouda belegen bl.weide ±1kg",
    "AlcoholVolume": "0",
    "FicCode": "I",
    "EcoscoreValue": "53"
  },
  {
    "productId": "7980",
    "technicalArticleNumber": "1175162",
    "commercialArticleNumber": "26726",
    "name": "boter 20%vg zacht",
    "description": "*Vetgehalte: 20 %\n*Ongezouten\n*Belgisch",
    "brand": "BALADE SO LIGHT",
    "seoBrand": "Balade So Light",
    "thumbNail": "https://static.colruytgroup.com/images/200x200/std.lang.all/61/67/asset-2436167.jpg",
    "fullImage": "https://static.colruytgroup.com/images/500x500/std.lang.all/61/67/asset-2436167.jpg",
    "squareImage": "https://static.colruytgroup.com/images/500x500sq/std.lang.all/61/67/asset-2436167.jpg",
    "content": "250g",
    "walkRouteSequenceNumber": 6081,
    "price": {
      "basicPrice": 3.9,
      "recommendedQuantity": "1.0",
      "measurementUnitPrice": 15.6,
      "measurementUnit": "K",
      "isRedPrice": false,
      "pricePerUOM": 15.6,
      "activationDate": "12-03-2024",
      "recordSource": "Offline",
      "isPromoActive": "N",
      "priceChangeCode": "L"
    },
    "isAvailable": true,
    "isPriceAvailable": true,
    "inPromo": false,
    "gtin": [
      "05411156004296",
      "05411156002384",
      "05411396035913"
    ],
    "topCategoryName": "Zuivel",
    "topCategoryId": "65",
    "businessDomain": "RETAIL_BE",
    "IsPrivateLabel": false,
    "IsBiffe": false,
    "WeightconversionFactor": "0",
    "IsWeightArticle": false,
    "nutriscoreLabel": "D",
    "IsBio": false,
    "CountryOfOrigin": "BELGIË",
    "IsExclusivelySoldInLuxembourg": false,
    "OrderUnit": "P",
    "ShortName": "SOLIGHT BOTER 20PC 250G",
    "IsNew": false,
    "RecentQuanityOfStockUnits": "1,12",
    "LongName": "BALADE SO LIGHT boter 20%vg zacht 250g",
    "AlcoholVolume": "0",
    "FicCode": "E"
  },
  {
    "productId": "20024",
    "technicalArticleNumber": "2236895",
    "commercialArticleNumber": "26005",
    "name": "geitenkaas bieslook",
    "description": "*Frankrijk\n*Geitenkaas\n*Romig, met bieslook",
    "brand": "CHAVROUX",
    "seoBrand": "Chavroux",
    "thumbNail": "https://static.colruytgroup.com/images/200x200/nl_be/31/96/asset-743196.jpg",
    "fullImage": "https://static.colruytgroup.com/images/500x500/nl_be/31/96/asset-743196.jpg",
    "squareImage": "https://static.colruytgroup.com/images/500x500sq/nl_be/31/96/asset-743196.jpg",
    "content": "150g",
    "walkRouteSequenceNumber": 4918,
    "price": {
      "basicPrice": 3.99,
      "recommendedQuantity": "1.0",
      "measurementUnitPrice": 26.6,
      "measurementUnit": "K",
      "isRedPrice": false,
      "pricePerUOM": 26.6,
      "activationDate": "05-03-2024",
      "recordSource": "Offline",
      "isPromoActive": "N",
      "priceChangeCode": "E"
    },
    "isAvailable": true,
    "isPriceAvailable": true,
    "inPromo": false,
    "gtin": [
      "03272770003216",
      "03272770321013",
      "03272770011464"
    ],
    "topCategoryName": "Zuivel",
    "topCategoryId": "65",
    "businessDomain": "RETAIL_BE",
    "IsPrivateLabel": false,
    "IsBiffe": false,
    "WeightconversionFactor": "0",
    "IsWeightArticle": false,
    "nutriscoreLabel": "C",
    "IsBio": false,
    "CountryOfOrigin": "FRANKRIJK",
    "IsExclusivelySoldInLuxembourg": false,
    "OrderUnit": "P",
    "ShortName": "CHAVROUX BIESLOOK 150G",
    "IsNew": false,
    "RecentQuanityOfStockUnits": "1",
    "LongName": "CHAVROUX geitenkaas bieslook 150g",
    "AlcoholVolume": "0",
    "FicCode": "E"
  },
  {
    "productId": "790929",
    "technicalArticleNumber": "4598261",
    "commercialArticleNumber": "1902",
    "name": "rode vruchten zond.toeg.suik.",
    "description": "*Alpro gefermenteerd\nsojaproduct, rode\nvruchten met dadels,\n*Zonder toegevoegde\nsuikers",
    "brand": "ALPRO",
    "seoBrand": "Alpro",
    "thumbNail": "https://static.colruytgroup.com/images/200x200/std.lang.all/37/79/asset-3373779.jpg",
    "fullImage": "https://static.colruytgroup.com/images/500x500/std.lang.all/37/79/asset-3373779.jpg",
    "squareImage": "https://static.colruytgroup.com/images/500x500sq/std.lang.all/37/79/asset-3373779.jpg",
    "content": "400g",
    "walkRouteSequenceNumber": 5851,
    "price": {
      "basicPrice": 3.09,
      "recommendedQuantity": "1.0",
      "measurementUnitPrice": 7.73,
      "measurementUnit": "K",
      "isRedPrice": false,
      "pricePerUOM": 7.73,
      "activationDate": "13-03-2024",
      "recordSource": "Offline",
      "isPromoActive": "N",
      "priceChangeCode": "H"
    },
    "isAvailable": true,
    "isPriceAvailable": true,
    "inPromo": false,
    "gtin": [
      "05411188136354",
      "05411188136347"
    ],
    "topCategoryName": "Zuivel",
    "topCategoryId": "65",
    "businessDomain": "RETAIL_BE",
    "IsPrivateLabel": false,
    "IsBiffe": false,
    "WeightconversionFactor": "0",
    "IsWeightArticle": false,
    "nutriscoreLabel": "A",
    "IsBio": false,
    "CountryOfOrigin": "BELGIË",
    "IsExclusivelySoldInLuxembourg": false,
    "OrderUnit": "P",
    "ShortName": "ALPR RO.VR.Z.TOE.SUI400",
    "IsNew": false,
    "EcoscoreLabel": "A",
    "RecentQuanityOfStockUnits": "1,6",
    "LongName": "ALPRO rode vruchten zond.toeg.suik. 400g",
    "FicCode": "E",
    "EcoscoreValue": "88"
  },
  {
    "productId": "830401",
    "technicalArticleNumber": "4669813",
    "commercialArticleNumber": "30153",
    "name": "mini 6st",
    "brand": "BABYBEL",
    "seoBrand": "Mini Babybel",
    "thumbNail": "https://static.colruytgroup.com/images/200x200/std.lang.all/00/11/asset-2940011.jpg",
    "fullImage": "https://static.colruytgroup.com/images/500x500/std.lang.all/00/11/asset-2940011.jpg",
    "squareImage": "https://static.colruytgroup.com/images/500x500sq/std.lang.all/00/11/asset-2940011.jpg",
    "content": "120g",
    "walkRouteSequenceNumber": 4941,
    "price": {
      "basicPrice": 4.15,
      "recommendedQuantity": "1.0",
      "measurementUnitPrice": 34.59,
      "measurementUnit": "K",
      "isRedPrice": false,
      "pricePerUOM": 34.59,
      "activationDate": "13-03-2024",
      "isPromoActive": "Y",
      "priceChangeCode": "E"
    },
    "isAvailable": true,
    "isPriceAvailable": true,
    "inPromo": true,
    "promotion": [
      {
        "techPromoId": "100841COLR",
        "promotionId": "100841",
        "promotionType": "3",
        "isPersonalized": "N",
        "publicationStartDate": "13-03-2024",
        "publicationEndDate": "26-03-2024"
      }
    ],
    "gtin": [
      "03073781190281",
      "03073781190274"
    ],
    "topCategoryName": "Zuivel",
    "topCategoryId": "65",
    "businessDomain": "RETAIL_BE",
    "IsPrivateLabel": false,
    "IsBiffe": false,
    "WeightconversionFactor": "0",
    "IsWeightArticle": false,
    "nutriscoreLabel": "D",
    "IsBio": false,
    "CountryOfOrigin": "FRANKRIJK",
    "IsExclusivelySoldInLuxembourg": false,
    "OrderUnit": "P",
    "ShortName": "BABY MINI KAAS 6ST 120G",
    "IsNew": false,
    "EcoscoreLabel": "B",
    "RecentQuanityOfStockUnits": "1",
    "LongName": "BABYBEL mini 6st 120g",
    "FicCode": "E",
    "EcoscoreValue": "65"
  },
  {
    "productId": "461936",
    "technicalArticleNumber": "4027755",
    "commercialArticleNumber": "5427",
    "name": "jong blokjes",
    "description": "*België\n*Harde jonge kaas\n*Kubus\no.b.v. gepasteu-\nriseerde melk",
    "brand": "BRUGGE",
    "seoBrand": "Brugge",
    "thumbNail": "https://static.colruytgroup.com/images/200x200/std.lang.all/17/07/asset-2841707.jpg",
    "fullImage": "https://static.colruytgroup.com/images/500x500/std.lang.all/17/07/asset-2841707.jpg",
    "squareImage": "https://static.colruytgroup.com/images/500x500sq/std.lang.all/17/07/asset-2841707.jpg",
    "content": "200g",
    "walkRouteSequenceNumber": 5600,
    "price": {
      "basicPrice": 8.6,
      "recommendedQuantity": "1.0",
      "measurementUnitPrice": 43,
      "measurementUnit": "K",
      "isRedPrice": false,
      "pricePerUOM": 43,
      "activationDate": "28-02-2024",
      "recordSource": "Offline",
      "isPromoActive": "N",
      "priceChangeCode": "E"
    },
    "isAvailable": true,
    "isPriceAvailable": true,
    "inPromo": false,
    "gtin": [
      "05400141421330",
      "05400141241709",
      "05400141344233",
      "25400141421334"
    ],
    "topCategoryName": "Zuivel",
    "topCategoryId": "65",
    "businessDomain": "RETAIL_BE",
    "IsPrivateLabel": false,
    "IsBiffe": false,
    "WeightconversionFactor": "0",
    "IsWeightArticle": false,
    "nutriscoreLabel": "D",
    "IsBio": false,
    "CountryOfOrigin": "BELGIË",
    "IsExclusivelySoldInLuxembourg": false,
    "OrderUnit": "P",
    "ShortName": "BRUG JONG KUBUS 200G",
    "IsNew": false,
    "EcoscoreLabel": "B",
    "RecentQuanityOfStockUnits": "1",
    "LongName": "BRUGGE jong blokjes 200g",
    "FicCode": "I",
    "EcoscoreValue": "61"
  },
  {
    "productId": "812602",
    "technicalArticleNumber": "4638422",
    "commercialArticleNumber": "14092",
    "name": "Reblochon de savoie",
    "description": "*Kaas geperste\nkorst gemaakt\nvan volle rauwe melk",
    "brand": "VERDANNET",
    "seoBrand": "Verdannet",
    "thumbNail": "https://static.colruytgroup.com/images/200x200/std.lang.all/41/07/asset-2994107.jpg",
    "fullImage": "https://static.colruytgroup.com/images/500x500/std.lang.all/41/07/asset-2994107.jpg",
    "squareImage": "https://static.colruytgroup.com/images/500x500sq/std.lang.all/41/07/asset-2994107.jpg",
    "content": "±250g",
    "walkRouteSequenceNumber": 5153,
    "price": {
      "basicPrice": 19.9,
      "recommendedQuantity": "1.0",
      "unit": "K",
      "measurementUnitPrice": 19.9,
      "measurementUnit": "K",
      "isRedPrice": false,
      "pricePerUOM": 19.9,
      "activationDate": "03-05-2023",
      "isPromoActive": "N",
      "priceChangeCode": "H"
    },
    "isAvailable": true,
    "isPriceAvailable": true,
    "inPromo": false,
    "gtin": [
      "03352430000691",
      "93352430000694"
    ],
    "topCategoryName": "Zuivel",
    "topCategoryId": "65",
    "businessDomain": "RETAIL_BE",
    "IsPrivateLabel": false,
    "IsBiffe": false,
    "WeightconversionFactor": "250",
    "IsWeightArticle": true,
    "IsBio": false,
    "CountryOfOrigin": "FRANKRIJK",
    "IsExclusivelySoldInLuxembourg": false,
    "OrderUnit": "P",
    "ShortName": "VERD REBL.SAVOIE+-250GW",
    "IsNew": false,
    "RecentQuanityOfStockUnits": "1",
    "LongName": "VERDANNET Reblochon de savoie ±250g",
    "FicCode": "E"
  },
  {
    "productId": "961838",
    "technicalArticleNumber": "4773241",
    "commercialArticleNumber": "33012",
    "name": "Gele Vruchten",
    "brand": "YOPLAIT PANIER",
    "seoBrand": "Yoplait Panier De Yoplait",
    "thumbNail": "https://static.colruytgroup.com/images/200x200/std.lang.all/35/37/asset-3393537.jpg",
    "fullImage": "https://static.colruytgroup.com/images/500x500/std.lang.all/35/37/asset-3393537.jpg",
    "squareImage": "https://static.colruytgroup.com/images/500x500sq/std.lang.all/35/37/asset-3393537.jpg",
    "content": "8x125g",
    "walkRouteSequenceNumber": 5677,
    "price": {
      "basicPrice": 4.7,
      "recommendedQuantity": "1.0",
      "measurementUnitPrice": 4.7,
      "measurementUnit": "K",
      "isRedPrice": false,
      "pricePerUOM": 4.7,
      "activationDate": "15-03-2024",
      "isPromoActive": "N",
      "priceChangeCode": "E"
    },
    "isAvailable": true,
    "isPriceAvailable": true,
    "inPromo": false,
    "gtin": [
      "03329770086159"
    ],
    "topCategoryName": "Zuivel",
    "topCategoryId": "65",
    "businessDomain": "RETAIL_BE",
    "IsPrivateLabel": false,
    "IsBiffe": false,
    "WeightconversionFactor": "0",
    "IsWeightArticle": false,
    "nutriscoreLabel": "B",
    "IsBio": false,
    "CountryOfOrigin": "FRANKRIJK",
    "IsExclusivelySoldInLuxembourg": false,
    "OrderUnit": "P",
    "ShortName": "YOPL PAN GELE VR.8X125G",
    "IsNew": false,
    "EcoscoreLabel": "B",
    "RecentQuanityOfStockUnits": "1",
    "LongName": "YOPLAIT PANIER Gele Vruchten 8x125g",
    "FicCode": "E",
    "EcoscoreValue": "63"
  },
  {
    "productId": "670984",
    "technicalArticleNumber": "4383911",
    "commercialArticleNumber": "24409",
    "name": "gezouten karamel",
    "description": "*Yoghurt op een\nbedje van karamel\nmet gezouten boter",
    "brand": "OIKOS",
    "seoBrand": "Oikos",
    "thumbNail": "https://static.colruytgroup.com/images/200x200/std.lang.all/64/31/asset-2356431.jpg",
    "fullImage": "https://static.colruytgroup.com/images/500x500/std.lang.all/64/31/asset-2356431.jpg",
    "squareImage": "https://static.colruytgroup.com/images/500x500sq/std.lang.all/64/31/asset-2356431.jpg",
    "content": "4x115g",
    "walkRouteSequenceNumber": 5899,
    "price": {
      "basicPrice": 3.99,
      "recommendedQuantity": "1.0",
      "measurementUnitPrice": 8.68,
      "measurementUnit": "K",
      "isRedPrice": false,
      "pricePerUOM": 8.68,
      "activationDate": "15-02-2024",
      "recordSource": "Offline",
      "isPromoActive": "N",
      "priceChangeCode": "E"
    },
    "isAvailable": true,
    "isPriceAvailable": true,
    "inPromo": false,
    "gtin": [
      "05410146420016"
    ],
    "topCategoryName": "Zuivel",
    "topCategoryId": "65",
    "businessDomain": "RETAIL_BE",
    "IsPrivateLabel": false,
    "IsBiffe": false,
    "WeightconversionFactor": "0",
    "IsWeightArticle": false,
    "nutriscoreLabel": "C",
    "IsBio": false,
    "CountryOfOrigin": "DUITSLAND",
    "IsExclusivelySoldInLuxembourg": false,
    "OrderUnit": "P",
    "ShortName": "DANO OIK. KARAM.4X115",
    "IsNew": false,
    "EcoscoreLabel": "A",
    "RecentQuanityOfStockUnits": "1",
    "LongName": "OIKOS gezouten karamel 4x115g",
    "FicCode": "E",
    "EcoscoreValue": "97"
  },
  {
    "productId": "890443",
    "technicalArticleNumber": "4751185",
    "commercialArticleNumber": "10885",
    "name": "light",
    "brand": "BECEL",
    "seoBrand": "Becel",
    "thumbNail": "https://static.colruytgroup.com/images/200x200/std.lang.all/00/01/asset-3340001.jpg",
    "fullImage": "https://static.colruytgroup.com/images/500x500/std.lang.all/00/01/asset-3340001.jpg",
    "squareImage": "https://static.colruytgroup.com/images/500x500sq/std.lang.all/00/01/asset-3340001.jpg",
    "content": "500g",
    "walkRouteSequenceNumber": 5738,
    "price": {
      "basicPrice": 2.99,
      "recommendedQuantity": "1.0",
      "measurementUnitPrice": 5.98,
      "measurementUnit": "K",
      "isRedPrice": false,
      "pricePerUOM": 5.98,
      "activationDate": "17-02-2024",
      "recordSource": "Offline",
      "isPromoActive": "N",
      "priceChangeCode": "E"
    },
    "isAvailable": true,
    "isPriceAvailable": true,
    "inPromo": false,
    "gtin": [
      "08719200263802",
      "08719200263598"
    ],
    "topCategoryName": "Zuivel",
    "topCategoryId": "65",
    "businessDomain": "RETAIL_BE",
    "IsPrivateLabel": false,
    "IsBiffe": false,
    "WeightconversionFactor": "0",
    "IsWeightArticle": false,
    "nutriscoreLabel": "C",
    "IsBio": false,
    "CountryOfOrigin": "DUITSLAND",
    "IsExclusivelySoldInLuxembourg": false,
    "OrderUnit": "P",
    "ShortName": "BECE MARGA LIGHT 500G",
    "IsNew": false,
    "EcoscoreLabel": "B",
    "RecentQuanityOfStockUnits": "1,8",
    "LongName": "BECEL light 500g",
    "FicCode": "E",
    "EcoscoreValue": "63"
  },
  {
    "productId": "739850",
    "technicalArticleNumber": "4504046",
    "commercialArticleNumber": "23890",
    "name": "soyaproduct ongezoet",
    "description": "*Gefermenteerd\nsojaproduct",
    "brand": "BONI",
    "seoBrand": "Boni Selection",
    "thumbNail": "https://static.colruytgroup.com/images/200x200/std.lang.all/35/69/asset-3183569.jpg",
    "fullImage": "https://static.colruytgroup.com/images/500x500/std.lang.all/35/69/asset-3183569.jpg",
    "squareImage": "https://static.colruytgroup.com/images/500x500sq/std.lang.all/35/69/asset-3183569.jpg",
    "content": "500g",
    "walkRouteSequenceNumber": 5858,
    "price": {
      "basicPrice": 1.49,
      "recommendedQuantity": "1.0",
      "measurementUnitPrice": 2.98,
      "measurementUnit": "K",
      "isRedPrice": false,
      "pricePerUOM": 2.98,
      "activationDate": "14-03-2024",
      "recordSource": "Offline",
      "isPromoActive": "N",
      "priceChangeCode": "L"
    },
    "isAvailable": true,
    "isPriceAvailable": true,
    "inPromo": false,
    "gtin": [
      "05400141893168",
      "05400141888034",
      "15400141888031",
      "15400141893165"
    ],
    "topCategoryName": "Zuivel",
    "topCategoryId": "65",
    "businessDomain": "RETAIL_BE",
    "IsPrivateLabel": true,
    "IsBiffe": false,
    "WeightconversionFactor": "0",
    "IsWeightArticle": false,
    "nutriscoreLabel": "A",
    "IsBio": false,
    "CountryOfOrigin": "DUITSLAND",
    "IsExclusivelySoldInLuxembourg": false,
    "OrderUnit": "P",
    "ShortName": "BONI SOYA ONGEZOET 500G",
    "IsNew": false,
    "EcoscoreLabel": "A",
    "RecentQuanityOfStockUnits": "1,6",
    "LongName": "BONI soyaproduct ongezoet 500g",
    "FicCode": "I",
    "EcoscoreValue": "100"
  },
  {
    "productId": "522899",
    "technicalArticleNumber": "4108178",
    "commercialArticleNumber": "8658",
    "name": "geitenkaas buche",
    "description": "*Geitenkaas van\ngepasteuriseerde melk",
    "brand": "CHAVROUX",
    "seoBrand": "Chavroux",
    "thumbNail": "https://static.colruytgroup.com/images/200x200/std.lang.all/38/92/asset-1813892.jpg",
    "fullImage": "https://static.colruytgroup.com/images/500x500/std.lang.all/38/92/asset-1813892.jpg",
    "squareImage": "https://static.colruytgroup.com/images/500x500sq/std.lang.all/38/92/asset-1813892.jpg",
    "content": "150g",
    "walkRouteSequenceNumber": 4915,
    "price": {
      "basicPrice": 3.89,
      "recommendedQuantity": "1.0",
      "measurementUnitPrice": 25.94,
      "measurementUnit": "K",
      "isRedPrice": false,
      "pricePerUOM": 25.94,
      "activationDate": "05-03-2024",
      "recordSource": "Offline",
      "isPromoActive": "N",
      "priceChangeCode": "E"
    },
    "isAvailable": true,
    "isPriceAvailable": true,
    "inPromo": false,
    "gtin": [
      "03614070059355",
      "03614075935012"
    ],
    "topCategoryName": "Zuivel",
    "topCategoryId": "65",
    "businessDomain": "RETAIL_BE",
    "IsPrivateLabel": false,
    "IsBiffe": false,
    "WeightconversionFactor": "0",
    "IsWeightArticle": false,
    "nutriscoreLabel": "D",
    "IsBio": false,
    "CountryOfOrigin": "FRANKRIJK",
    "IsExclusivelySoldInLuxembourg": false,
    "OrderUnit": "P",
    "ShortName": "CHAV GEITENK.BUCHE 150G",
    "IsNew": false,
    "RecentQuanityOfStockUnits": "1,6",
    "LongName": "CHAVROUX geitenkaas buche 150g",
    "FicCode": "E"
  },
  {
    "productId": "161826",
    "technicalArticleNumber": "3258300",
    "commercialArticleNumber": "31599",
    "name": "natuur met kokosnoot",
    "description": "*Plantaardig\nalternatief\nvoor yoghurt",
    "brand": "ALPRO",
    "seoBrand": "Alpro",
    "thumbNail": "https://static.colruytgroup.com/images/200x200/std.lang.all/66/80/asset-3376680.jpg",
    "fullImage": "https://static.colruytgroup.com/images/500x500/std.lang.all/66/80/asset-3376680.jpg",
    "squareImage": "https://static.colruytgroup.com/images/500x500sq/std.lang.all/66/80/asset-3376680.jpg",
    "content": "500g",
    "walkRouteSequenceNumber": 5841,
    "price": {
      "basicPrice": 3.55,
      "recommendedQuantity": "1.0",
      "measurementUnitPrice": 7.1,
      "measurementUnit": "K",
      "isRedPrice": false,
      "pricePerUOM": 7.1,
      "activationDate": "13-03-2024",
      "recordSource": "Offline",
      "isPromoActive": "N",
      "priceChangeCode": "H"
    },
    "isAvailable": true,
    "isPriceAvailable": true,
    "inPromo": false,
    "gtin": [
      "05411188119098",
      "05411188119104"
    ],
    "topCategoryName": "Zuivel",
    "topCategoryId": "65",
    "businessDomain": "RETAIL_BE",
    "IsPrivateLabel": false,
    "IsBiffe": false,
    "WeightconversionFactor": "0",
    "IsWeightArticle": false,
    "nutriscoreLabel": "A",
    "IsBio": false,
    "CountryOfOrigin": "BELGIË",
    "IsExclusivelySoldInLuxembourg": false,
    "OrderUnit": "P",
    "ShortName": "ALPRO NATU.COC.500G",
    "IsNew": false,
    "EcoscoreLabel": "A",
    "RecentQuanityOfStockUnits": "1,6",
    "LongName": "ALPRO natuur met kokosnoot 500g",
    "AlcoholVolume": "0",
    "FicCode": "E",
    "EcoscoreValue": "87"
  },
  {
    "productId": "566655",
    "technicalArticleNumber": "4208858",
    "commercialArticleNumber": "1737",
    "name": "panna cotta rode vruchten",
    "brand": "BONI",
    "seoBrand": "Boni Selection",
    "thumbNail": "https://static.colruytgroup.com/images/200x200/std.lang.all/23/50/asset-2132350.jpg",
    "fullImage": "https://static.colruytgroup.com/images/500x500/std.lang.all/23/50/asset-2132350.jpg",
    "squareImage": "https://static.colruytgroup.com/images/500x500sq/std.lang.all/23/50/asset-2132350.jpg",
    "content": "2x120g",
    "walkRouteSequenceNumber": 5929,
    "price": {
      "basicPrice": 3.29,
      "recommendedQuantity": "1.0",
      "measurementUnitPrice": 13.71,
      "measurementUnit": "K",
      "isRedPrice": false,
      "pricePerUOM": 13.71,
      "activationDate": "14-02-2024",
      "isPromoActive": "N",
      "priceChangeCode": "E"
    },
    "isAvailable": true,
    "isPriceAvailable": true,
    "inPromo": false,
    "gtin": [
      "05400141441437",
      "05400141928419",
      "05400141345131",
      "15400141928416"
    ],
    "topCategoryName": "Zuivel",
    "topCategoryId": "65",
    "businessDomain": "RETAIL_BE",
    "IsPrivateLabel": true,
    "IsBiffe": false,
    "WeightconversionFactor": "0",
    "IsWeightArticle": false,
    "nutriscoreLabel": "D",
    "IsBio": false,
    "CountryOfOrigin": "FRANKRIJK",
    "IsExclusivelySoldInLuxembourg": false,
    "OrderUnit": "P",
    "ShortName": "BONI PAN.COT.RO.VR2X120",
    "IsNew": false,
    "EcoscoreLabel": "A",
    "RecentQuanityOfStockUnits": "1",
    "LongName": "BONI panna cotta rode vruchten 2x120g",
    "FicCode": "I",
    "EcoscoreValue": "95"
  },
  {
    "productId": "242492",
    "technicalArticleNumber": "3555500",
    "commercialArticleNumber": "34090",
    "name": "kaas Savoie blok",
    "description": "*Frankrijk\n*Rauwe koemelk",
    "brand": "BONI",
    "seoBrand": "Boni Selection",
    "thumbNail": "https://static.colruytgroup.com/images/200x200/std.lang.all/81/82/asset-3448182.jpg",
    "fullImage": "https://static.colruytgroup.com/images/500x500/std.lang.all/81/82/asset-3448182.jpg",
    "squareImage": "https://static.colruytgroup.com/images/500x500sq/std.lang.all/81/82/asset-3448182.jpg",
    "content": "±330g",
    "walkRouteSequenceNumber": 5653,
    "price": {
      "basicPrice": 18.5,
      "recommendedQuantity": "0.3",
      "unit": "K",
      "measurementUnitPrice": 18.5,
      "measurementUnit": "K",
      "isRedPrice": false,
      "pricePerUOM": 18.5,
      "activationDate": "02-03-2024",
      "isPromoActive": "N",
      "priceChangeCode": "H"
    },
    "isAvailable": true,
    "isPriceAvailable": true,
    "inPromo": false,
    "gtin": [
      "05400141132373",
      "95400141132376",
      "95400141034458"
    ],
    "topCategoryName": "Zuivel",
    "topCategoryId": "65",
    "businessDomain": "RETAIL_BE",
    "IsPrivateLabel": true,
    "IsBiffe": false,
    "WeightconversionFactor": "330",
    "IsWeightArticle": true,
    "nutriscoreLabel": "C",
    "IsBio": false,
    "CountryOfOrigin": "FRANKRIJK",
    "IsExclusivelySoldInLuxembourg": false,
    "OrderUnit": "P",
    "ShortName": "BONI SAVOIE 8M +-330GW",
    "IsNew": false,
    "EcoscoreLabel": "C",
    "RecentQuanityOfStockUnits": "1",
    "LongName": "BONI kaas Savoie blok ±330g",
    "AlcoholVolume": "0",
    "FicCode": "I",
    "EcoscoreValue": "57"
  },
  {
    "productId": "13387",
    "technicalArticleNumber": "1308331",
    "commercialArticleNumber": "26299",
    "name": "dan'up aardbei",
    "description": "*Gesuikerd\n*Met vruchtenpulp",
    "brand": "DANONE",
    "seoBrand": "Danone Dan'Up",
    "thumbNail": "https://static.colruytgroup.com/images/200x200/nl_be/83/83/asset-1128383.jpg",
    "fullImage": "https://static.colruytgroup.com/images/500x500/nl_be/83/83/asset-1128383.jpg",
    "squareImage": "https://static.colruytgroup.com/images/500x500sq/nl_be/83/83/asset-1128383.jpg",
    "content": "600ml",
    "walkRouteSequenceNumber": 5745,
    "price": {
      "basicPrice": 3.39,
      "recommendedQuantity": "1.0",
      "measurementUnitPrice": 5.65,
      "measurementUnit": "K",
      "isRedPrice": false,
      "pricePerUOM": 5.65,
      "activationDate": "07-03-2024",
      "recordSource": "Offline",
      "isPromoActive": "N",
      "priceChangeCode": "E"
    },
    "isAvailable": true,
    "isPriceAvailable": true,
    "inPromo": false,
    "gtin": [
      "05410146965388",
      "05410146406669",
      "45410146406667",
      "15410146406666"
    ],
    "topCategoryName": "Zuivel",
    "topCategoryId": "65",
    "businessDomain": "RETAIL_BE",
    "IsPrivateLabel": false,
    "IsBiffe": false,
    "WeightconversionFactor": "0",
    "IsWeightArticle": false,
    "nutriscoreLabel": "B",
    "IsBio": false,
    "CountryOfOrigin": "BELGIË",
    "IsExclusivelySoldInLuxembourg": false,
    "OrderUnit": "P",
    "ShortName": "DANUP AARDBEI 600G",
    "IsNew": false,
    "EcoscoreLabel": "A",
    "RecentQuanityOfStockUnits": "1",
    "LongName": "DANONE dan'up aardbei 600ml",
    "AlcoholVolume": "0",
    "FicCode": "E",
    "EcoscoreValue": "86"
  },
  {
    "productId": "812829",
    "technicalArticleNumber": "4638851",
    "commercialArticleNumber": "14984",
    "name": "verse kaas mager",
    "brand": "CAMPINA",
    "seoBrand": "Campina",
    "thumbNail": "https://static.colruytgroup.com/images/200x200/nl_be/40/21/asset-3374021.jpg",
    "fullImage": "https://static.colruytgroup.com/images/500x500/nl_be/40/21/asset-3374021.jpg",
    "squareImage": "https://static.colruytgroup.com/images/500x500sq/nl_be/40/21/asset-3374021.jpg",
    "content": "180g",
    "walkRouteSequenceNumber": 5703,
    "price": {
      "basicPrice": 1.85,
      "recommendedQuantity": "1.0",
      "measurementUnitPrice": 10.28,
      "measurementUnit": "K",
      "isRedPrice": false,
      "pricePerUOM": 10.28,
      "activationDate": "16-02-2024",
      "recordSource": "Offline",
      "isPromoActive": "N",
      "priceChangeCode": "H"
    },
    "isAvailable": true,
    "isPriceAvailable": true,
    "inPromo": false,
    "gtin": [
      "05410438043602",
      "08712800502708",
      "05410438043664",
      "08712800000655"
    ],
    "topCategoryName": "Zuivel",
    "topCategoryId": "65",
    "businessDomain": "RETAIL_BE",
    "IsPrivateLabel": false,
    "IsBiffe": false,
    "WeightconversionFactor": "0",
    "IsWeightArticle": false,
    "nutriscoreLabel": "A",
    "IsBio": false,
    "CountryOfOrigin": "BELGIË",
    "IsExclusivelySoldInLuxembourg": false,
    "OrderUnit": "P",
    "ShortName": "CAMP VERS.MAG.KAAS 180G",
    "IsNew": false,
    "EcoscoreLabel": "B",
    "RecentQuanityOfStockUnits": "1,6",
    "LongName": "CAMPINA verse kaas mager 180g",
    "FicCode": "E",
    "EcoscoreValue": "71"
  },
  {
    "productId": "93597",
    "technicalArticleNumber": "2853559",
    "commercialArticleNumber": "33601",
    "name": "kaas Délice des Moines",
    "description": "*België\n*Zachte kaas\n*Gemengde korst\n*Fijn, zacht\n*O.b.v. gepast. melk",
    "brand": "VAL-DIEU",
    "seoBrand": "Val-Dieu",
    "thumbNail": "https://static.colruytgroup.com/images/200x200/std.lang.all/87/13/asset-3168713.jpg",
    "fullImage": "https://static.colruytgroup.com/images/500x500/std.lang.all/87/13/asset-3168713.jpg",
    "squareImage": "https://static.colruytgroup.com/images/500x500sq/std.lang.all/87/13/asset-3168713.jpg",
    "content": "180g",
    "walkRouteSequenceNumber": 5137,
    "price": {
      "basicPrice": 4.3,
      "recommendedQuantity": "1.0",
      "measurementUnitPrice": 23.89,
      "measurementUnit": "K",
      "isRedPrice": false,
      "pricePerUOM": 23.89,
      "activationDate": "19-03-2024",
      "recordSource": "Folder",
      "isPromoActive": "N",
      "priceChangeCode": "L"
    },
    "isAvailable": true,
    "isPriceAvailable": true,
    "inPromo": false,
    "gtin": [
      "15411021102628",
      "05411021102621"
    ],
    "topCategoryName": "Zuivel",
    "topCategoryId": "65",
    "businessDomain": "RETAIL_BE",
    "IsPrivateLabel": false,
    "IsBiffe": false,
    "WeightconversionFactor": "0",
    "IsWeightArticle": false,
    "nutriscoreLabel": "D",
    "IsBio": false,
    "CountryOfOrigin": "BELGIË",
    "IsExclusivelySoldInLuxembourg": false,
    "OrderUnit": "P",
    "ShortName": "V.D. DELICES MOIN 180G",
    "IsNew": false,
    "EcoscoreLabel": "C",
    "RecentQuanityOfStockUnits": "1",
    "LongName": "VAL-DIEU kaas Délice des Moines 180g",
    "AlcoholVolume": "0",
    "FicCode": "E",
    "EcoscoreValue": "54"
  },
  {
    "productId": "865879",
    "technicalArticleNumber": "4718143",
    "commercialArticleNumber": "5364",
    "name": "kvarg straciatella",
    "brand": "LINDAHLS",
    "seoBrand": "Nestlé LINDAHLS",
    "thumbNail": "https://static.colruytgroup.com/images/200x200/std.lang.all/41/67/asset-3224167.jpg",
    "fullImage": "https://static.colruytgroup.com/images/500x500/std.lang.all/41/67/asset-3224167.jpg",
    "squareImage": "https://static.colruytgroup.com/images/500x500sq/std.lang.all/41/67/asset-3224167.jpg",
    "content": "2x160g",
    "walkRouteSequenceNumber": 5816,
    "price": {
      "basicPrice": 2.67,
      "recommendedQuantity": "1.0",
      "measurementUnitPrice": 8.35,
      "measurementUnit": "K",
      "isRedPrice": false,
      "pricePerUOM": 8.35,
      "activationDate": "01-03-2024",
      "recordSource": "Offline",
      "isPromoActive": "N",
      "priceChangeCode": "H"
    },
    "isAvailable": true,
    "isPriceAvailable": true,
    "inPromo": false,
    "gtin": [
      "03023290070628"
    ],
    "topCategoryName": "Zuivel",
    "topCategoryId": "65",
    "businessDomain": "RETAIL_BE",
    "IsPrivateLabel": false,
    "IsBiffe": false,
    "WeightconversionFactor": "0",
    "IsWeightArticle": false,
    "nutriscoreLabel": "A",
    "IsBio": false,
    "CountryOfOrigin": "ZWEDEN",
    "IsExclusivelySoldInLuxembourg": false,
    "OrderUnit": "P",
    "ShortName": "LIND KVARG STRAC.2X160G",
    "IsNew": false,
    "RecentQuanityOfStockUnits": "1",
    "LongName": "LINDAHLS kvarg straciatella 2x160g",
    "FicCode": "E"
  },
  {
    "productId": "1122",
    "technicalArticleNumber": "16843",
    "commercialArticleNumber": "16843",
    "name": "smeerk. ham 8p",
    "description": "*Smeerkaas\n*Hamsmaak",
    "brand": "LA VACHE QUI RIT",
    "seoBrand": "La Vache Qui Rit",
    "thumbNail": "https://static.colruytgroup.com/images/200x200/std.lang.all/87/76/asset-2528776.jpg",
    "fullImage": "https://static.colruytgroup.com/images/500x500/std.lang.all/87/76/asset-2528776.jpg",
    "squareImage": "https://static.colruytgroup.com/images/500x500sq/std.lang.all/87/76/asset-2528776.jpg",
    "content": "133g",
    "walkRouteSequenceNumber": 6118,
    "price": {
      "basicPrice": 4.55,
      "recommendedQuantity": "1.0",
      "measurementUnitPrice": 34.22,
      "measurementUnit": "K",
      "isRedPrice": false,
      "pricePerUOM": 34.22,
      "activationDate": "20-03-2024",
      "recordSource": "Offline",
      "isPromoActive": "N",
      "priceChangeCode": "H"
    },
    "isAvailable": true,
    "isPriceAvailable": true,
    "inPromo": false,
    "gtin": [
      "03073780794626",
      "03073781004502",
      "03073781166798",
      "03073781166804"
    ],
    "topCategoryName": "Zuivel",
    "topCategoryId": "65",
    "businessDomain": "RETAIL_BE",
    "IsPrivateLabel": false,
    "IsBiffe": false,
    "WeightconversionFactor": "0",
    "IsWeightArticle": false,
    "nutriscoreLabel": "E",
    "IsBio": false,
    "CountryOfOrigin": "FRANKRIJK",
    "IsExclusivelySoldInLuxembourg": false,
    "OrderUnit": "P",
    "ShortName": "VQR HAMSMAAK 8PORT",
    "IsNew": false,
    "EcoscoreLabel": "B",
    "RecentQuanityOfStockUnits": "1",
    "LongName": "LA VACHE QUI RIT smeerk. ham 8p 133g",
    "AlcoholVolume": "0",
    "FicCode": "E",
    "EcoscoreValue": "68"
  },
  {
    "productId": "15184",
    "technicalArticleNumber": "1619383",
    "commercialArticleNumber": "26732",
    "name": "boter omega3 ongezout",
    "description": "*Vetgehalte: 41 %\n*Ongezouten\n*Belgisch",
    "brand": "BALADE",
    "seoBrand": "Balade",
    "thumbNail": "https://static.colruytgroup.com/images/200x200/std.lang.all/29/90/asset-2142990.jpg",
    "fullImage": "https://static.colruytgroup.com/images/500x500/std.lang.all/29/90/asset-2142990.jpg",
    "squareImage": "https://static.colruytgroup.com/images/500x500sq/std.lang.all/29/90/asset-2142990.jpg",
    "content": "250g",
    "walkRouteSequenceNumber": 6083,
    "price": {
      "basicPrice": 5.39,
      "recommendedQuantity": "1.0",
      "measurementUnitPrice": 21.56,
      "measurementUnit": "K",
      "isRedPrice": false,
      "pricePerUOM": 21.56,
      "activationDate": "27-02-2024",
      "recordSource": "Offline",
      "isPromoActive": "N",
      "priceChangeCode": "E"
    },
    "isAvailable": true,
    "isPriceAvailable": true,
    "inPromo": false,
    "gtin": [
      "05411156004357",
      "05411156003787"
    ],
    "topCategoryName": "Zuivel",
    "topCategoryId": "65",
    "businessDomain": "RETAIL_BE",
    "IsPrivateLabel": false,
    "IsBiffe": false,
    "WeightconversionFactor": "0",
    "IsWeightArticle": false,
    "nutriscoreLabel": "D",
    "IsBio": false,
    "CountryOfOrigin": "BELGIË",
    "IsExclusivelySoldInLuxembourg": false,
    "OrderUnit": "P",
    "ShortName": "BALADE BOTER OMEGA3 250",
    "InSeason": true,
    "IsNew": false,
    "RecentQuanityOfStockUnits": "1",
    "LongName": "BALADE boter omega3 ongezout 250g",
    "AlcoholVolume": "0",
    "StartSeasonDate": "23/02/2022",
    "FicCode": "E"
  },
  {
    "productId": "640182",
    "technicalArticleNumber": "4332663",
    "commercialArticleNumber": "13043",
    "name": "kruimeldeeg",
    "brand": "HERTA",
    "seoBrand": "Herta",
    "thumbNail": "https://static.colruytgroup.com/images/200x200/nl_be/80/51/asset-2368051.jpg",
    "fullImage": "https://static.colruytgroup.com/images/500x500/nl_be/80/51/asset-2368051.jpg",
    "squareImage": "https://static.colruytgroup.com/images/500x500sq/nl_be/80/51/asset-2368051.jpg",
    "content": "230g",
    "walkRouteSequenceNumber": 6055,
    "price": {
      "basicPrice": 1.99,
      "recommendedQuantity": "1.0",
      "measurementUnitPrice": 8.66,
      "measurementUnit": "K",
      "isRedPrice": false,
      "pricePerUOM": 8.66,
      "activationDate": "14-03-2024",
      "recordSource": "Offline",
      "isPromoActive": "N",
      "priceChangeCode": "E"
    },
    "isAvailable": true,
    "isPriceAvailable": true,
    "inPromo": true,
    "promotion": [
      {
        "techPromoId": "100936COLR",
        "promotionId": "100936",
        "promotionType": "3",
        "isPersonalized": "N",
        "publicationStartDate": "13-03-2024",
        "publicationEndDate": "26-03-2024"
      }
    ],
    "gtin": [
      "03154230600510",
      "03154230600527",
      "05410573002267",
      "03023296773936"
    ],
    "topCategoryName": "Bereidingen/Charcuterie/Vis/Veggie",
    "topCategoryId": "105",
    "businessDomain": "RETAIL_BE",
    "IsPrivateLabel": false,
    "IsBiffe": false,
    "WeightconversionFactor": "0",
    "IsWeightArticle": false,
    "nutriscoreLabel": "D",
    "IsBio": false,
    "CountryOfOrigin": "ZWITSERLAND",
    "IsExclusivelySoldInLuxembourg": false,
    "OrderUnit": "P",
    "ShortName": "HERTA KRUIMELDEEG 230G",
    "IsNew": false,
    "RecentQuanityOfStockUnits": "1",
    "LongName": "HERTA kruimeldeeg 230g",
    "FicCode": "E"
  },
  {
    "productId": "563213",
    "technicalArticleNumber": "4202636",
    "commercialArticleNumber": "15602",
    "name": "citroen",
    "description": "*Met aroma's",
    "brand": "YOPLAIT PERLE DE LAIT",
    "seoBrand": "Yoplait Perle De Lait",
    "thumbNail": "https://static.colruytgroup.com/images/200x200/std.lang.all/43/27/asset-3394327.jpg",
    "fullImage": "https://static.colruytgroup.com/images/500x500/std.lang.all/43/27/asset-3394327.jpg",
    "squareImage": "https://static.colruytgroup.com/images/500x500sq/std.lang.all/43/27/asset-3394327.jpg",
    "content": "4x125g",
    "walkRouteSequenceNumber": 5879,
    "price": {
      "basicPrice": 3.49,
      "recommendedQuantity": "1.0",
      "quantityPrice": 2.5,
      "quantityPriceQuantity": "2.0",
      "measurementUnitPrice": 6.98,
      "measurementUnitQuantityPrice": 5,
      "measurementUnit": "K",
      "isRedPrice": false,
      "pricePerUOM": 6.98,
      "activationDate": "19-03-2024",
      "recordSource": "Offline",
      "isPromoActive": "N",
      "priceChangeCode": "E",
      "quantityPricePerUOM": 5,
      "quantityActivationDate": "19-03-2024",
      "quantityPriceChangeCode": "H"
    },
    "isAvailable": true,
    "isPriceAvailable": true,
    "inPromo": false,
    "gtin": [
      "03329770065291",
      "03329770080133",
      "13329770080185"
    ],
    "topCategoryName": "Zuivel",
    "topCategoryId": "65",
    "businessDomain": "RETAIL_BE",
    "IsPrivateLabel": false,
    "IsBiffe": false,
    "WeightconversionFactor": "0",
    "IsWeightArticle": false,
    "nutriscoreLabel": "C",
    "IsBio": false,
    "CountryOfOrigin": "FRANKRIJK",
    "IsExclusivelySoldInLuxembourg": false,
    "OrderUnit": "P",
    "ShortName": "YOP PERL CITROEN 4X125G",
    "IsNew": false,
    "EcoscoreLabel": "B",
    "RecentQuanityOfStockUnits": "1",
    "LongName": "YOPLAIT PERLE DE LAIT citroen 4x125g",
    "FicCode": "E",
    "EcoscoreValue": "63"
  },
  {
    "productId": "433635",
    "technicalArticleNumber": "3966369",
    "commercialArticleNumber": "2803",
    "name": "BIO skyr",
    "description": "*Magere yoghurt met\nskyr culturen\n*Hersluitbare beker",
    "brand": "PUR NATUR",
    "seoBrand": "Pur Natur",
    "thumbNail": "https://static.colruytgroup.com/images/200x200/std.lang.all/49/29/asset-3314929.jpg",
    "fullImage": "https://static.colruytgroup.com/images/500x500/std.lang.all/49/29/asset-3314929.jpg",
    "squareImage": "https://static.colruytgroup.com/images/500x500sq/std.lang.all/49/29/asset-3314929.jpg",
    "content": "400g",
    "walkRouteSequenceNumber": 5809,
    "price": {
      "basicPrice": 2.89,
      "recommendedQuantity": "1.0",
      "measurementUnitPrice": 7.23,
      "measurementUnit": "K",
      "isRedPrice": false,
      "pricePerUOM": 7.23,
      "activationDate": "21-03-2024",
      "recordSource": "Offline",
      "isPromoActive": "N",
      "priceChangeCode": "E"
    },
    "isAvailable": true,
    "isPriceAvailable": true,
    "inPromo": false,
    "gtin": [
      "05412971014705"
    ],
    "topCategoryName": "Zuivel",
    "topCategoryId": "65",
    "businessDomain": "RETAIL_BE",
    "IsPrivateLabel": false,
    "IsBiffe": false,
    "WeightconversionFactor": "0",
    "IsWeightArticle": false,
    "nutriscoreLabel": "A",
    "IsBio": true,
    "CountryOfOrigin": "BELGIË",
    "IsExclusivelySoldInLuxembourg": false,
    "OrderUnit": "P",
    "ShortName": "PUNA SKYR 400G",
    "IsNew": false,
    "EcoscoreLabel": "A",
    "RecentQuanityOfStockUnits": "1",
    "LongName": "PUR NATUR BIO skyr 400g",
    "FicCode": "E",
    "EcoscoreValue": "100"
  },
  {
    "productId": "881372",
    "technicalArticleNumber": "4738760",
    "commercialArticleNumber": "1370",
    "name": "linguine nestjes",
    "brand": "BONI",
    "seoBrand": "Boni Selection",
    "thumbNail": "https://static.colruytgroup.com/images/200x200/std.lang.all/03/93/asset-3380393.jpg",
    "fullImage": "https://static.colruytgroup.com/images/500x500/std.lang.all/03/93/asset-3380393.jpg",
    "squareImage": "https://static.colruytgroup.com/images/500x500sq/std.lang.all/03/93/asset-3380393.jpg",
    "content": "500g",
    "walkRouteSequenceNumber": 6661,
    "price": {
      "basicPrice": 2.49,
      "recommendedQuantity": "1.0",
      "measurementUnitPrice": 4.98,
      "measurementUnit": "K",
      "isRedPrice": false,
      "pricePerUOM": 4.98,
      "activationDate": "31-01-2024",
      "isPromoActive": "N",
      "priceChangeCode": "E"
    },
    "isAvailable": true,
    "isPriceAvailable": true,
    "inPromo": false,
    "gtin": [
      "05400141561715"
    ],
    "topCategoryName": "Bereidingen/Charcuterie/Vis/Veggie",
    "topCategoryId": "105",
    "businessDomain": "RETAIL_BE",
    "IsPrivateLabel": true,
    "IsBiffe": false,
    "WeightconversionFactor": "0",
    "IsWeightArticle": false,
    "nutriscoreLabel": "A",
    "IsBio": false,
    "CountryOfOrigin": "ITALIË",
    "IsExclusivelySoldInLuxembourg": false,
    "OrderUnit": "P",
    "ShortName": "BONI LINGUINE NEST.500G",
    "IsNew": false,
    "EcoscoreLabel": "B",
    "RecentQuanityOfStockUnits": "1",
    "LongName": "BONI linguine nestjes 500g",
    "AlcoholVolume": "0",
    "FicCode": "I",
    "EcoscoreValue": "66"
  },
  {
    "productId": "2058",
    "technicalArticleNumber": "26117",
    "commercialArticleNumber": "26117",
    "name": "&Fruits mix 0%",
    "description": "*Mager\n*Met stukjes fruit",
    "brand": "VITALINEA",
    "seoBrand": "Danone Vitalinea",
    "thumbNail": "https://static.colruytgroup.com/images/200x200/std.lang.all/63/44/asset-2356344.jpg",
    "fullImage": "https://static.colruytgroup.com/images/500x500/std.lang.all/63/44/asset-2356344.jpg",
    "squareImage": "https://static.colruytgroup.com/images/500x500sq/std.lang.all/63/44/asset-2356344.jpg",
    "content": "8x125g",
    "walkRouteSequenceNumber": 5754,
    "price": {
      "basicPrice": 6.65,
      "recommendedQuantity": "1.0",
      "measurementUnitPrice": 6.65,
      "measurementUnit": "K",
      "isRedPrice": false,
      "pricePerUOM": 6.65,
      "activationDate": "22-03-2024",
      "recordSource": "Offline",
      "isPromoActive": "N",
      "priceChangeCode": "H"
    },
    "isAvailable": true,
    "isPriceAvailable": true,
    "inPromo": false,
    "gtin": [
      "55410146405094",
      "05410146405099"
    ],
    "topCategoryName": "Zuivel",
    "topCategoryId": "65",
    "businessDomain": "RETAIL_BE",
    "IsPrivateLabel": false,
    "IsBiffe": false,
    "WeightconversionFactor": "0",
    "IsWeightArticle": false,
    "nutriscoreLabel": "A",
    "IsBio": false,
    "CountryOfOrigin": "BELGIË",
    "IsExclusivelySoldInLuxembourg": false,
    "OrderUnit": "P",
    "ShortName": "DAN VITA YOG 4 VAR8X125",
    "IsNew": false,
    "EcoscoreLabel": "A",
    "RecentQuanityOfStockUnits": "1",
    "LongName": "VITALINEA &Fruits mix 0% 8x125g",
    "AlcoholVolume": "0",
    "FicCode": "E",
    "EcoscoreValue": "87"
  },
  {
    "productId": "703664",
    "technicalArticleNumber": "4437982",
    "commercialArticleNumber": "21334",
    "name": "smeerkaas kuipje",
    "description": "*Smeltkaas",
    "brand": "KIRI",
    "seoBrand": "Kiri",
    "thumbNail": "https://static.colruytgroup.com/images/200x200/std.lang.all/66/42/asset-2446642.jpg",
    "fullImage": "https://static.colruytgroup.com/images/500x500/std.lang.all/66/42/asset-2446642.jpg",
    "squareImage": "https://static.colruytgroup.com/images/500x500sq/std.lang.all/66/42/asset-2446642.jpg",
    "content": "150g",
    "walkRouteSequenceNumber": 4899,
    "price": {
      "basicPrice": 4.19,
      "recommendedQuantity": "1.0",
      "measurementUnitPrice": 27.94,
      "measurementUnit": "K",
      "isRedPrice": false,
      "pricePerUOM": 27.94,
      "activationDate": "14-03-2024",
      "recordSource": "Offline",
      "isPromoActive": "N",
      "priceChangeCode": "E"
    },
    "isAvailable": true,
    "isPriceAvailable": true,
    "inPromo": false,
    "gtin": [
      "03073781159677",
      "03073781159660"
    ],
    "topCategoryName": "Zuivel",
    "topCategoryId": "65",
    "businessDomain": "RETAIL_BE",
    "IsPrivateLabel": false,
    "IsBiffe": false,
    "WeightconversionFactor": "0",
    "IsWeightArticle": false,
    "nutriscoreLabel": "D",
    "IsBio": false,
    "CountryOfOrigin": "POLEN",
    "IsExclusivelySoldInLuxembourg": false,
    "OrderUnit": "P",
    "ShortName": "KIRI KUIPJE 150G",
    "IsNew": false,
    "EcoscoreLabel": "B",
    "RecentQuanityOfStockUnits": "1",
    "LongName": "KIRI smeerkaas kuipje 150g",
    "AlcoholVolume": "0",
    "FicCode": "E",
    "EcoscoreValue": "70"
  },
  {
    "productId": "811655",
    "technicalArticleNumber": "4636954",
    "commercialArticleNumber": "8562",
    "name": "pyramide geitenkaas natuur",
    "description": "*Vers smeerbaar\ngeitenkaas van\ngepasteuriseerde\ngeitenmelk",
    "brand": "SOIGNON",
    "seoBrand": "Soignon",
    "thumbNail": "https://static.colruytgroup.com/images/200x200/nl_be/98/74/asset-2899874.jpg",
    "fullImage": "https://static.colruytgroup.com/images/500x500/nl_be/98/74/asset-2899874.jpg",
    "squareImage": "https://static.colruytgroup.com/images/500x500sq/nl_be/98/74/asset-2899874.jpg",
    "content": "150g",
    "walkRouteSequenceNumber": 4917,
    "price": {
      "basicPrice": 2.85,
      "recommendedQuantity": "1.0",
      "measurementUnitPrice": 19,
      "measurementUnit": "K",
      "isRedPrice": false,
      "pricePerUOM": 19,
      "activationDate": "19-03-2024",
      "recordSource": "Offline",
      "isPromoActive": "Y",
      "priceChangeCode": "L"
    },
    "isAvailable": true,
    "isPriceAvailable": true,
    "inPromo": true,
    "promotion": [
      {
        "techPromoId": "100839COLR",
        "promotionId": "100839",
        "promotionType": "3",
        "isPersonalized": "N",
        "publicationStartDate": "13-03-2024",
        "publicationEndDate": "26-03-2024"
      }
    ],
    "gtin": [
      "03523230054195",
      "03523230054188"
    ],
    "topCategoryName": "Zuivel",
    "topCategoryId": "65",
    "businessDomain": "RETAIL_BE",
    "IsPrivateLabel": false,
    "IsBiffe": false,
    "WeightconversionFactor": "0",
    "IsWeightArticle": false,
    "nutriscoreLabel": "D",
    "IsBio": false,
    "CountryOfOrigin": "BELGIË",
    "IsExclusivelySoldInLuxembourg": false,
    "OrderUnit": "P",
    "ShortName": "SOIG PYR.GEITK.NAT.150G",
    "IsNew": false,
    "EcoscoreLabel": "E",
    "RecentQuanityOfStockUnits": "1,6",
    "LongName": "SOIGNON pyramide geitenkaas natuur 150g",
    "FicCode": "E",
    "EcoscoreValue": "19"
  },
  {
    "productId": "859471",
    "technicalArticleNumber": "4709800",
    "commercialArticleNumber": "1133",
    "name": "manchego 3m gerijpt",
    "brand": "GARCIA BAQUERO",
    "seoBrand": "Garcia Baquero",
    "thumbNail": "https://static.colruytgroup.com/images/200x200/std.lang.all/08/13/asset-3240813.jpg",
    "fullImage": "https://static.colruytgroup.com/images/500x500/std.lang.all/08/13/asset-3240813.jpg",
    "squareImage": "https://static.colruytgroup.com/images/500x500sq/std.lang.all/08/13/asset-3240813.jpg",
    "content": "250g",
    "walkRouteSequenceNumber": 5173,
    "price": {
      "basicPrice": 7.29,
      "recommendedQuantity": "1.0",
      "measurementUnitPrice": 29.16,
      "measurementUnit": "K",
      "isRedPrice": false,
      "pricePerUOM": 29.16,
      "activationDate": "13-12-2023",
      "isPromoActive": "N",
      "priceChangeCode": "H"
    },
    "isAvailable": true,
    "isPriceAvailable": true,
    "inPromo": false,
    "gtin": [
      "08412289001906"
    ],
    "topCategoryName": "Zuivel",
    "topCategoryId": "65",
    "businessDomain": "RETAIL_BE",
    "IsPrivateLabel": false,
    "IsBiffe": false,
    "WeightconversionFactor": "0",
    "IsWeightArticle": false,
    "IsBio": false,
    "CountryOfOrigin": "SPANJE",
    "IsExclusivelySoldInLuxembourg": false,
    "OrderUnit": "P",
    "ShortName": "GARC MANCH. 3M GER.250G",
    "IsNew": false,
    "RecentQuanityOfStockUnits": "1",
    "LongName": "GARCIA BAQUERO manchego 3m gerijpt 250g",
    "FicCode": "E"
  },
  {
    "productId": "529241",
    "technicalArticleNumber": "4118907",
    "commercialArticleNumber": "5850",
    "name": "kaas Caractère sneetjes",
    "description": "*Nederland\n*Halfharde kaas\n*Pittige smaak\n*Vegetarisch\n*O.b.v. gepast.melk",
    "brand": "LEERDAMMER",
    "seoBrand": "Leerdammer",
    "thumbNail": "https://static.colruytgroup.com/images/200x200/std.lang.all/35/25/asset-2313525.jpg",
    "fullImage": "https://static.colruytgroup.com/images/500x500/std.lang.all/35/25/asset-2313525.jpg",
    "squareImage": "https://static.colruytgroup.com/images/500x500sq/std.lang.all/35/25/asset-2313525.jpg",
    "content": "350g",
    "walkRouteSequenceNumber": 6240,
    "price": {
      "basicPrice": 11.78,
      "recommendedQuantity": "1.0",
      "measurementUnitPrice": 33.66,
      "measurementUnit": "K",
      "isRedPrice": false,
      "pricePerUOM": 33.66,
      "activationDate": "16-03-2024",
      "recordSource": "Offline",
      "isPromoActive": "N",
      "priceChangeCode": "H"
    },
    "isAvailable": true,
    "isPriceAvailable": true,
    "inPromo": false,
    "gtin": [
      "05400141397260",
      "05400141519822",
      "05400141297409"
    ],
    "topCategoryName": "Zuivel",
    "topCategoryId": "65",
    "businessDomain": "RETAIL_BE",
    "IsPrivateLabel": false,
    "IsBiffe": false,
    "WeightconversionFactor": "0",
    "IsWeightArticle": false,
    "nutriscoreLabel": "D",
    "IsBio": false,
    "CountryOfOrigin": "NEDERLAND",
    "IsExclusivelySoldInLuxembourg": false,
    "OrderUnit": "P",
    "ShortName": "LEERD CARACTERE SN 350G",
    "IsNew": false,
    "EcoscoreLabel": "B",
    "RecentQuanityOfStockUnits": "1,1",
    "LongName": "LEERDAMMER kaas Caractère sneetjes 350g",
    "FicCode": "I",
    "EcoscoreValue": "61"
  },
  {
    "productId": "500331",
    "technicalArticleNumber": "4051907",
    "commercialArticleNumber": "6652",
    "name": "Lieg.choco.Bel",
    "description": "*Belgische chocolade",
    "brand": "LA LAITIÈRE",
    "seoBrand": "Nestlé La Laitière",
    "thumbNail": "https://static.colruytgroup.com/images/200x200/std.lang.all/28/03/asset-1772803.jpg",
    "fullImage": "https://static.colruytgroup.com/images/500x500/std.lang.all/28/03/asset-1772803.jpg",
    "squareImage": "https://static.colruytgroup.com/images/500x500sq/std.lang.all/28/03/asset-1772803.jpg",
    "content": "4x100g",
    "walkRouteSequenceNumber": 5942,
    "price": {
      "basicPrice": 3.75,
      "recommendedQuantity": "1.0",
      "measurementUnitPrice": 9.38,
      "measurementUnit": "K",
      "isRedPrice": false,
      "pricePerUOM": 9.38,
      "activationDate": "15-03-2024",
      "recordSource": "Offline",
      "isPromoActive": "N",
      "priceChangeCode": "L"
    },
    "isAvailable": true,
    "isPriceAvailable": true,
    "inPromo": false,
    "gtin": [
      "03023290032817",
      "03023290032824"
    ],
    "topCategoryName": "Zuivel",
    "topCategoryId": "65",
    "businessDomain": "RETAIL_BE",
    "IsPrivateLabel": false,
    "IsBiffe": false,
    "WeightconversionFactor": "0",
    "IsWeightArticle": false,
    "nutriscoreLabel": "D",
    "IsBio": false,
    "CountryOfOrigin": "FRANKRIJK",
    "IsExclusivelySoldInLuxembourg": false,
    "OrderUnit": "P",
    "ShortName": "LALA LIEG.CHOCO.BE4X100",
    "IsNew": false,
    "RecentQuanityOfStockUnits": "1",
    "LongName": "LA LAITIÈRE Lieg.choco.Bel 4x100g",
    "FicCode": "E"
  },
  {
    "productId": "777647",
    "technicalArticleNumber": "4570445",
    "commercialArticleNumber": "18976",
    "name": "grill kaas met Chili",
    "description": "*Cyprus\n*Gepasteuriseerde\nkoe-, geiten- en\nschapenmelk",
    "brand": "DODONI",
    "seoBrand": "Dodoni",
    "thumbNail": "https://static.colruytgroup.com/images/200x200/std.lang.all/06/90/asset-2790690.jpg",
    "fullImage": "https://static.colruytgroup.com/images/500x500/std.lang.all/06/90/asset-2790690.jpg",
    "squareImage": "https://static.colruytgroup.com/images/500x500sq/std.lang.all/06/90/asset-2790690.jpg",
    "content": "225g",
    "walkRouteSequenceNumber": 5462,
    "price": {
      "basicPrice": 3.99,
      "recommendedQuantity": "1.0",
      "measurementUnitPrice": 17.74,
      "measurementUnit": "K",
      "isRedPrice": false,
      "pricePerUOM": 17.74,
      "activationDate": "22-03-2024",
      "isPromoActive": "N",
      "priceChangeCode": "H"
    },
    "isAvailable": true,
    "isPriceAvailable": true,
    "inPromo": false,
    "gtin": [
      "25201168915048",
      "05201168915044",
      "05201168915075"
    ],
    "topCategoryName": "Zuivel",
    "topCategoryId": "65",
    "businessDomain": "RETAIL_BE",
    "IsPrivateLabel": false,
    "IsBiffe": false,
    "WeightconversionFactor": "0",
    "IsWeightArticle": false,
    "nutriscoreLabel": "E",
    "IsBio": false,
    "CountryOfOrigin": "CYPRUS",
    "IsExclusivelySoldInLuxembourg": false,
    "OrderUnit": "P",
    "ShortName": "DODO GRIL.KAAS CHIL225G",
    "InSeason": true,
    "IsNew": false,
    "EcoscoreLabel": "E",
    "RecentQuanityOfStockUnits": "1",
    "LongName": "DODONI grill kaas met Chili 225g",
    "StartSeasonDate": "22/02/2024",
    "FicCode": "E",
    "EcoscoreValue": "15"
  },
  {
    "productId": "173578",
    "technicalArticleNumber": "3338404",
    "commercialArticleNumber": "33253",
    "name": "yoghurt bosbes muesli Bio",
    "description": "Pur Natur yoghurt snack: biologische\nyoghurt met bosbessen onderlegd en\nbovenop het bekertje een topping met\nmuesli.",
    "brand": "PUR NATUR",
    "seoBrand": "Pur Natur",
    "thumbNail": "https://static.colruytgroup.com/images/200x200/std.lang.all/23/44/asset-2842344.jpg",
    "fullImage": "https://static.colruytgroup.com/images/500x500/std.lang.all/23/44/asset-2842344.jpg",
    "squareImage": "https://static.colruytgroup.com/images/500x500sq/std.lang.all/23/44/asset-2842344.jpg",
    "content": "160g",
    "walkRouteSequenceNumber": 5787,
    "price": {
      "basicPrice": 1.69,
      "recommendedQuantity": "1.0",
      "measurementUnitPrice": 10.57,
      "measurementUnit": "K",
      "isRedPrice": false,
      "pricePerUOM": 10.57,
      "activationDate": "01-03-2024",
      "recordSource": "Offline",
      "isPromoActive": "N",
      "priceChangeCode": "H"
    },
    "isAvailable": true,
    "isPriceAvailable": true,
    "inPromo": false,
    "gtin": [
      "05412971004669"
    ],
    "topCategoryName": "Zuivel",
    "topCategoryId": "65",
    "businessDomain": "RETAIL_BE",
    "IsPrivateLabel": false,
    "IsBiffe": false,
    "WeightconversionFactor": "0",
    "IsWeightArticle": false,
    "nutriscoreLabel": "C",
    "IsBio": true,
    "CountryOfOrigin": "BELGIË",
    "IsExclusivelySoldInLuxembourg": false,
    "OrderUnit": "P",
    "ShortName": "PURN BOS.MUES.BIO 160G",
    "IsNew": false,
    "EcoscoreLabel": "A",
    "RecentQuanityOfStockUnits": "1",
    "LongName": "PUR NATUR yoghurt bosbes muesli Bio 160g",
    "AlcoholVolume": "0",
    "FicCode": "E",
    "EcoscoreValue": "100"
  },
  {
    "productId": "690646",
    "technicalArticleNumber": "4417151",
    "commercialArticleNumber": "19693",
    "name": "saladeblokjes assort. kaas",
    "description": "*Vegetarisch\n*Salade topping, mix\nvan Gouda\nblokjes en Cheddar\nblokjes",
    "brand": "BONI",
    "seoBrand": "Boni Selection",
    "thumbNail": "https://static.colruytgroup.com/images/200x200/std.lang.all/66/35/asset-2446635.jpg",
    "fullImage": "https://static.colruytgroup.com/images/500x500/std.lang.all/66/35/asset-2446635.jpg",
    "squareImage": "https://static.colruytgroup.com/images/500x500sq/std.lang.all/66/35/asset-2446635.jpg",
    "content": "175g",
    "walkRouteSequenceNumber": 5461,
    "price": {
      "basicPrice": 3.75,
      "recommendedQuantity": "1.0",
      "quantityPrice": 2.69,
      "quantityPriceQuantity": "2.0",
      "measurementUnitPrice": 21.43,
      "measurementUnitQuantityPrice": 15.38,
      "measurementUnit": "K",
      "isRedPrice": false,
      "pricePerUOM": 21.43,
      "activationDate": "20-03-2024",
      "recordSource": "Online",
      "isPromoActive": "N",
      "priceChangeCode": "E",
      "quantityPricePerUOM": 15.38,
      "quantityActivationDate": "20-03-2024",
      "quantityPriceChangeCode": "E"
    },
    "isAvailable": true,
    "isPriceAvailable": true,
    "inPromo": false,
    "gtin": [
      "05400141968439",
      "05400141650679"
    ],
    "topCategoryName": "Zuivel",
    "topCategoryId": "65",
    "businessDomain": "RETAIL_BE",
    "IsPrivateLabel": true,
    "IsBiffe": false,
    "WeightconversionFactor": "0",
    "IsWeightArticle": false,
    "nutriscoreLabel": "D",
    "IsBio": false,
    "CountryOfOrigin": "BELGIË",
    "IsExclusivelySoldInLuxembourg": false,
    "OrderUnit": "P",
    "ShortName": "BONI ASS.SAL.BL.KA.175G",
    "InSeason": true,
    "IsNew": false,
    "EcoscoreLabel": "D",
    "RecentQuanityOfStockUnits": "1",
    "LongName": "BONI saladeblokjes assort. kaas 175g",
    "StartSeasonDate": "22/01/2024",
    "FicCode": "I",
    "EcoscoreValue": "39"
  },
  {
    "productId": "692313",
    "technicalArticleNumber": "4419808",
    "commercialArticleNumber": "25641",
    "name": "geitenkaas natuur",
    "description": "*Frankrijk",
    "brand": "CHAVROUX",
    "seoBrand": "Chavroux",
    "thumbNail": "https://static.colruytgroup.com/images/200x200/std.lang.all/34/28/asset-3223428.jpg",
    "fullImage": "https://static.colruytgroup.com/images/500x500/std.lang.all/34/28/asset-3223428.jpg",
    "squareImage": "https://static.colruytgroup.com/images/500x500sq/std.lang.all/34/28/asset-3223428.jpg",
    "content": "225g",
    "walkRouteSequenceNumber": 5472,
    "price": {
      "basicPrice": 3.85,
      "recommendedQuantity": "1.0",
      "measurementUnitPrice": 17.12,
      "measurementUnit": "K",
      "isRedPrice": false,
      "pricePerUOM": 17.12,
      "activationDate": "05-03-2024",
      "recordSource": "Offline",
      "isPromoActive": "N",
      "priceChangeCode": "E"
    },
    "isAvailable": true,
    "isPriceAvailable": true,
    "inPromo": false,
    "gtin": [
      "03272771506013",
      "03272770015066"
    ],
    "topCategoryName": "Zuivel",
    "topCategoryId": "65",
    "businessDomain": "RETAIL_BE",
    "IsPrivateLabel": false,
    "IsBiffe": false,
    "WeightconversionFactor": "0",
    "IsWeightArticle": false,
    "nutriscoreLabel": "D",
    "IsBio": false,
    "CountryOfOrigin": "FRANKRIJK",
    "IsExclusivelySoldInLuxembourg": false,
    "OrderUnit": "P",
    "ShortName": "CHAV GEITENK. NATU225G",
    "InSeason": true,
    "IsNew": false,
    "RecentQuanityOfStockUnits": "1",
    "LongName": "CHAVROUX geitenkaas natuur 225g",
    "StartSeasonDate": "22/01/2024",
    "FicCode": "E"
  },
  {
    "productId": "470451",
    "technicalArticleNumber": "4061074",
    "commercialArticleNumber": "6866",
    "name": "Mascarpone",
    "brand": "DILEA",
    "seoBrand": "Dilea",
    "thumbNail": "https://static.colruytgroup.com/images/200x200/std.lang.all/33/65/asset-1743365.jpg",
    "fullImage": "https://static.colruytgroup.com/images/500x500/std.lang.all/33/65/asset-1743365.jpg",
    "squareImage": "https://static.colruytgroup.com/images/500x500sq/std.lang.all/33/65/asset-1743365.jpg",
    "content": "250g",
    "walkRouteSequenceNumber": 5465,
    "price": {
      "basicPrice": 4.09,
      "recommendedQuantity": "1.0",
      "quantityPrice": 3.11,
      "quantityPriceQuantity": "2.0",
      "measurementUnitPrice": 16.36,
      "measurementUnitQuantityPrice": 12.44,
      "measurementUnit": "K",
      "isRedPrice": false,
      "pricePerUOM": 16.36,
      "activationDate": "13-03-2024",
      "recordSource": "Offline",
      "isPromoActive": "N",
      "priceChangeCode": "E",
      "quantityPricePerUOM": 12.44,
      "quantityActivationDate": "13-03-2024",
      "quantityPriceChangeCode": "H"
    },
    "isAvailable": true,
    "isPriceAvailable": true,
    "inPromo": false,
    "gtin": [
      "05410298086948",
      "15410298086945"
    ],
    "topCategoryName": "Zuivel",
    "topCategoryId": "65",
    "businessDomain": "RETAIL_BE",
    "IsPrivateLabel": false,
    "IsBiffe": false,
    "WeightconversionFactor": "0",
    "IsWeightArticle": false,
    "nutriscoreLabel": "D",
    "IsBio": false,
    "CountryOfOrigin": "ITALIË",
    "IsExclusivelySoldInLuxembourg": false,
    "OrderUnit": "P",
    "ShortName": "DILEA MASCARPONE 250G",
    "InSeason": true,
    "IsNew": false,
    "EcoscoreLabel": "D",
    "RecentQuanityOfStockUnits": "1",
    "LongName": "DILEA Mascarpone 250g",
    "StartSeasonDate": "22/01/2024",
    "FicCode": "E",
    "EcoscoreValue": "32"
  },
  {
    "productId": "1042851",
    "technicalArticleNumber": "4797779",
    "commercialArticleNumber": "2220",
    "name": "Oikos vol yoghurt Natuur",
    "description": "*Vol",
    "brand": "OIKOS",
    "seoBrand": "Danone Oikos",
    "thumbNail": "https://ecgproductmw.colruytgroup.com/ecgproductmw/noPicForArticle_2.jpg",
    "fullImage": "https://ecgproductmw.colruytgroup.com/ecgproductmw/noPicForArticle_5.jpg",
    "squareImage": "https://ecgproductmw.colruytgroup.com/ecgproductmw/noPicForArticle_5.jpg",
    "content": "900g",
    "walkRouteSequenceNumber": 5672,
    "price": {
      "basicPrice": 5.49,
      "recommendedQuantity": "1.0",
      "measurementUnitPrice": 6.1,
      "measurementUnit": "K",
      "isRedPrice": false,
      "pricePerUOM": 6.1,
      "activationDate": "16-02-2024",
      "isPromoActive": "N",
      "priceChangeCode": "E"
    },
    "isAvailable": true,
    "isPriceAvailable": true,
    "inPromo": false,
    "gtin": [
      "05410146421563"
    ],
    "topCategoryName": "Zuivel",
    "topCategoryId": "65",
    "businessDomain": "RETAIL_BE",
    "IsPrivateLabel": false,
    "IsBiffe": false,
    "WeightconversionFactor": "0",
    "IsWeightArticle": false,
    "nutriscoreLabel": "C",
    "IsBio": false,
    "CountryOfOrigin": "POLEN",
    "IsExclusivelySoldInLuxembourg": false,
    "OrderUnit": "P",
    "ShortName": "OIKO YOGHURT NATU.900G",
    "IsNew": true,
    "RecentQuanityOfStockUnits": "1",
    "LongName": "OIKOS Oikos vol yoghurt Natuur 900g",
    "FicCode": "E"
  },
  {
    "productId": "681920",
    "technicalArticleNumber": "4401615",
    "commercialArticleNumber": "24647",
    "name": "oude kaas salade",
    "description": "*Vegetarisch\n*O.b.v. gepasteu-\nriseerde melk\n*Gran Moravia",
    "brand": "BONI",
    "seoBrand": "Boni Selection",
    "thumbNail": "https://static.colruytgroup.com/images/200x200/std.lang.all/99/27/asset-2419927.jpg",
    "fullImage": "https://static.colruytgroup.com/images/500x500/std.lang.all/99/27/asset-2419927.jpg",
    "squareImage": "https://static.colruytgroup.com/images/500x500sq/std.lang.all/99/27/asset-2419927.jpg",
    "content": "175g",
    "walkRouteSequenceNumber": 5460,
    "price": {
      "basicPrice": 3.69,
      "recommendedQuantity": "1.0",
      "measurementUnitPrice": 21.09,
      "measurementUnit": "K",
      "isRedPrice": false,
      "pricePerUOM": 21.09,
      "activationDate": "07-07-2023",
      "isPromoActive": "N",
      "priceChangeCode": "H"
    },
    "isAvailable": true,
    "isPriceAvailable": true,
    "inPromo": false,
    "gtin": [
      "05400141718737"
    ],
    "topCategoryName": "Zuivel",
    "topCategoryId": "65",
    "businessDomain": "RETAIL_BE",
    "IsPrivateLabel": true,
    "IsBiffe": false,
    "WeightconversionFactor": "0",
    "IsWeightArticle": false,
    "nutriscoreLabel": "C",
    "IsBio": false,
    "CountryOfOrigin": "TSJECHIË (REPUBLIEK)",
    "IsExclusivelySoldInLuxembourg": false,
    "OrderUnit": "P",
    "ShortName": "BONI OUDE KAASSAL.175G",
    "InSeason": true,
    "IsNew": false,
    "EcoscoreLabel": "C",
    "RecentQuanityOfStockUnits": "1",
    "LongName": "BONI oude kaas salade 175g",
    "StartSeasonDate": "22/01/2024",
    "FicCode": "I",
    "EcoscoreValue": "51"
  },
  {
    "productId": "594445",
    "technicalArticleNumber": "4255258",
    "commercialArticleNumber": "21824",
    "name": "family pack",
    "brand": "ST MORET",
    "seoBrand": "St Môret",
    "thumbNail": "https://static.colruytgroup.com/images/200x200/std.lang.all/27/06/asset-2092706.jpg",
    "fullImage": "https://static.colruytgroup.com/images/500x500/std.lang.all/27/06/asset-2092706.jpg",
    "squareImage": "https://static.colruytgroup.com/images/500x500sq/std.lang.all/27/06/asset-2092706.jpg",
    "content": "280g",
    "walkRouteSequenceNumber": 5473,
    "price": {
      "basicPrice": 3.75,
      "recommendedQuantity": "1.0",
      "measurementUnitPrice": 13.4,
      "measurementUnit": "K",
      "isRedPrice": false,
      "pricePerUOM": 13.4,
      "activationDate": "20-03-2024",
      "recordSource": "Offline",
      "isPromoActive": "N",
      "priceChangeCode": "E"
    },
    "isAvailable": true,
    "isPriceAvailable": true,
    "inPromo": true,
    "promotion": [
      {
        "techPromoId": "100978COLR",
        "promotionId": "100978",
        "promotionType": "3",
        "isPersonalized": "N",
        "publicationStartDate": "13-03-2024",
        "publicationEndDate": "26-03-2024"
      }
    ],
    "gtin": [
      "05413362346009",
      "03272770098304"
    ],
    "topCategoryName": "Zuivel",
    "topCategoryId": "65",
    "businessDomain": "RETAIL_BE",
    "IsPrivateLabel": false,
    "IsBiffe": false,
    "WeightconversionFactor": "0",
    "IsWeightArticle": false,
    "nutriscoreLabel": "D",
    "IsBio": false,
    "CountryOfOrigin": "FRANKRIJK",
    "IsExclusivelySoldInLuxembourg": false,
    "OrderUnit": "P",
    "ShortName": "STMO FAMILY PACK 280G",
    "InSeason": true,
    "IsNew": false,
    "RecentQuanityOfStockUnits": "1",
    "LongName": "ST MORET family pack 280g",
    "StartSeasonDate": "22/01/2024",
    "FicCode": "E"
  },
  {
    "productId": "594700",
    "technicalArticleNumber": "4255516",
    "commercialArticleNumber": "21930",
    "name": "geitenkaas italiaan.kruiden",
    "brand": "LANDANA",
    "seoBrand": "Landana",
    "thumbNail": "https://static.colruytgroup.com/images/200x200/std.lang.all/06/88/asset-2790688.jpg",
    "fullImage": "https://static.colruytgroup.com/images/500x500/std.lang.all/06/88/asset-2790688.jpg",
    "squareImage": "https://static.colruytgroup.com/images/500x500sq/std.lang.all/06/88/asset-2790688.jpg",
    "content": "200g",
    "walkRouteSequenceNumber": 6224,
    "price": {
      "basicPrice": 4.99,
      "recommendedQuantity": "1.0",
      "measurementUnitPrice": 24.95,
      "measurementUnit": "K",
      "isRedPrice": false,
      "pricePerUOM": 24.95,
      "activationDate": "09-08-2023",
      "isPromoActive": "N",
      "priceChangeCode": "H"
    },
    "isAvailable": true,
    "isPriceAvailable": true,
    "inPromo": false,
    "gtin": [
      "08711842217007",
      "08711842217014"
    ],
    "topCategoryName": "Zuivel",
    "topCategoryId": "65",
    "businessDomain": "RETAIL_BE",
    "IsPrivateLabel": false,
    "IsBiffe": false,
    "WeightconversionFactor": "0",
    "IsWeightArticle": false,
    "IsBio": false,
    "CountryOfOrigin": "NEDERLAND",
    "IsExclusivelySoldInLuxembourg": false,
    "OrderUnit": "P",
    "ShortName": "LAND GEITK.IT.KRUID200G",
    "InSeason": true,
    "IsNew": false,
    "RecentQuanityOfStockUnits": "1",
    "LongName": "LANDANA geitenkaas italiaan.kruiden 200g",
    "StartSeasonDate": "22/01/2024",
    "FicCode": "E"
  },
  {
    "productId": "694393",
    "technicalArticleNumber": "4422885",
    "commercialArticleNumber": "25851",
    "name": "geitenkaas rozemarijn",
    "description": "*Geitenkaas 50+",
    "brand": "LANDANA",
    "seoBrand": "Landana",
    "thumbNail": "https://static.colruytgroup.com/images/200x200/std.lang.all/48/88/asset-2404888.jpg",
    "fullImage": "https://static.colruytgroup.com/images/500x500/std.lang.all/48/88/asset-2404888.jpg",
    "squareImage": "https://static.colruytgroup.com/images/500x500sq/std.lang.all/48/88/asset-2404888.jpg",
    "content": "200g",
    "walkRouteSequenceNumber": 6223,
    "price": {
      "basicPrice": 4.99,
      "recommendedQuantity": "1.0",
      "measurementUnitPrice": 24.95,
      "measurementUnit": "K",
      "isRedPrice": false,
      "pricePerUOM": 24.95,
      "activationDate": "04-11-2022",
      "isPromoActive": "N",
      "priceChangeCode": "E"
    },
    "isAvailable": true,
    "isPriceAvailable": true,
    "inPromo": false,
    "gtin": [
      "08711842257119",
      "08711842257102"
    ],
    "topCategoryName": "Zuivel",
    "topCategoryId": "65",
    "businessDomain": "RETAIL_BE",
    "IsPrivateLabel": false,
    "IsBiffe": false,
    "WeightconversionFactor": "0",
    "IsWeightArticle": false,
    "nutriscoreLabel": "D",
    "IsBio": false,
    "CountryOfOrigin": "NEDERLAND",
    "IsExclusivelySoldInLuxembourg": false,
    "OrderUnit": "P",
    "ShortName": "LAND GEITK.ROZEMAR.200G",
    "InSeason": true,
    "IsNew": false,
    "EcoscoreLabel": "E",
    "RecentQuanityOfStockUnits": "1",
    "LongName": "LANDANA geitenkaas rozemarijn 200g",
    "StartSeasonDate": "22/01/2024",
    "FicCode": "E",
    "EcoscoreValue": "16"
  },
  {
    "productId": "852979",
    "technicalArticleNumber": "4701588",
    "commercialArticleNumber": "31158",
    "name": "affiné au chablis",
    "description": "*Zachte kaas van\ngepasteuriseerde melk",
    "brand": "GERMAIN",
    "seoBrand": "Germain",
    "thumbNail": "https://static.colruytgroup.com/images/200x200/std.lang.all/30/19/asset-3133019.jpg",
    "fullImage": "https://static.colruytgroup.com/images/500x500/std.lang.all/30/19/asset-3133019.jpg",
    "squareImage": "https://static.colruytgroup.com/images/500x500sq/std.lang.all/30/19/asset-3133019.jpg",
    "content": "200g",
    "walkRouteSequenceNumber": 4905,
    "price": {
      "basicPrice": 5.99,
      "recommendedQuantity": "1.0",
      "measurementUnitPrice": 29.95,
      "measurementUnit": "K",
      "isRedPrice": false,
      "pricePerUOM": 29.95,
      "activationDate": "12-07-2023",
      "isPromoActive": "N",
      "priceChangeCode": "E"
    },
    "isAvailable": true,
    "isPriceAvailable": true,
    "inPromo": false,
    "gtin": [
      "03336660003011"
    ],
    "topCategoryName": "Zuivel",
    "topCategoryId": "65",
    "businessDomain": "RETAIL_BE",
    "IsPrivateLabel": false,
    "IsBiffe": false,
    "WeightconversionFactor": "0",
    "IsWeightArticle": false,
    "nutriscoreLabel": "D",
    "IsBio": false,
    "CountryOfOrigin": "FRANKRIJK",
    "IsExclusivelySoldInLuxembourg": false,
    "OrderUnit": "P",
    "ShortName": "GERM AFFINE CHABLIS200G",
    "InSeason": true,
    "IsNew": false,
    "EcoscoreLabel": "D",
    "RecentQuanityOfStockUnits": "1",
    "LongName": "GERMAIN affiné au chablis 200g",
    "StartSeasonDate": "22/01/2024",
    "FicCode": "E",
    "EcoscoreValue": "32"
  },
  {
    "productId": "105963",
    "technicalArticleNumber": "3131457",
    "commercialArticleNumber": "43912",
    "name": "kaas brandnetel blok",
    "description": "*Nederland\n*Halfharde kaas\n*Jong\n*Met brandnetel\n*O.b.v. gepast. melk",
    "brand": "LANDANA",
    "seoBrand": "Landana",
    "thumbNail": "https://static.colruytgroup.com/images/200x200/std.lang.all/28/25/asset-2372825.jpg",
    "fullImage": "https://static.colruytgroup.com/images/500x500/std.lang.all/28/25/asset-2372825.jpg",
    "squareImage": "https://static.colruytgroup.com/images/500x500sq/std.lang.all/28/25/asset-2372825.jpg",
    "content": "±375g",
    "walkRouteSequenceNumber": 6220,
    "price": {
      "basicPrice": 16.5,
      "recommendedQuantity": "0.4",
      "unit": "K",
      "measurementUnitPrice": 16.5,
      "measurementUnit": "K",
      "isRedPrice": false,
      "pricePerUOM": 16.5,
      "activationDate": "14-11-2023",
      "isPromoActive": "N",
      "priceChangeCode": "E"
    },
    "isAvailable": true,
    "isPriceAvailable": true,
    "inPromo": false,
    "gtin": [
      "98711842072753",
      "08711842072767",
      "08711842072750"
    ],
    "topCategoryName": "Zuivel",
    "topCategoryId": "65",
    "businessDomain": "RETAIL_BE",
    "IsPrivateLabel": false,
    "IsBiffe": false,
    "WeightconversionFactor": "375",
    "IsWeightArticle": true,
    "IsBio": false,
    "CountryOfOrigin": "BELGIË",
    "IsExclusivelySoldInLuxembourg": false,
    "OrderUnit": "P",
    "ShortName": "LAND.BRANDNET.K.+-375W",
    "InSeason": true,
    "IsNew": false,
    "EcoscoreLabel": "D",
    "RecentQuanityOfStockUnits": "1",
    "LongName": "LANDANA kaas brandnetel blok ±375g",
    "AlcoholVolume": "0",
    "StartSeasonDate": "22/01/2024",
    "FicCode": "E",
    "EcoscoreValue": "27"
  },
  {
    "productId": "1015700",
    "technicalArticleNumber": "4788440",
    "commercialArticleNumber": "2300",
    "name": "mozzarella zero lactose",
    "brand": "DILEA",
    "seoBrand": "Dilea",
    "thumbNail": "https://ecgproductmw.colruytgroup.com/ecgproductmw/noPicForArticle_2.jpg",
    "fullImage": "https://ecgproductmw.colruytgroup.com/ecgproductmw/noPicForArticle_5.jpg",
    "squareImage": "https://ecgproductmw.colruytgroup.com/ecgproductmw/noPicForArticle_5.jpg",
    "content": "125g",
    "walkRouteSequenceNumber": 5466,
    "price": {
      "basicPrice": 2.83,
      "recommendedQuantity": "1.0",
      "quantityPrice": 2.12,
      "quantityPriceQuantity": "2.0",
      "measurementUnitPrice": 22.64,
      "measurementUnitQuantityPrice": 16.96,
      "measurementUnit": "K",
      "isRedPrice": false,
      "pricePerUOM": 22.64,
      "activationDate": "20-03-2024",
      "recordSource": "Offline",
      "isPromoActive": "N",
      "priceChangeCode": "H",
      "quantityPricePerUOM": 16.96,
      "quantityActivationDate": "20-03-2024",
      "quantityPriceChangeCode": "E"
    },
    "isAvailable": true,
    "isPriceAvailable": true,
    "inPromo": false,
    "gtin": [
      "05410298086634"
    ],
    "topCategoryName": "Zuivel",
    "topCategoryId": "65",
    "businessDomain": "RETAIL_BE",
    "IsPrivateLabel": false,
    "IsBiffe": false,
    "WeightconversionFactor": "0",
    "IsWeightArticle": false,
    "IsBio": false,
    "CountryOfOrigin": "BELGIË",
    "IsExclusivelySoldInLuxembourg": false,
    "OrderUnit": "P",
    "ShortName": "DILE MOZZARELLA 125G",
    "IsNew": true,
    "RecentQuanityOfStockUnits": "1",
    "LongName": "DILEA mozzarella zero lactose 125g",
    "AlcoholVolume": "0",
    "FicCode": "E"
  },
  {
    "productId": "684843",
    "technicalArticleNumber": "4407154",
    "commercialArticleNumber": "24782",
    "name": "Mini Bufala",
    "description": "*Verse kaas uit\ngepasteuriseerde\nbuffelmelk",
    "brand": "GALBANI",
    "seoBrand": "Galbani",
    "thumbNail": "https://static.colruytgroup.com/images/200x200/std.lang.all/23/33/asset-2422333.jpg",
    "fullImage": "https://static.colruytgroup.com/images/500x500/std.lang.all/23/33/asset-2422333.jpg",
    "squareImage": "https://static.colruytgroup.com/images/500x500sq/std.lang.all/23/33/asset-2422333.jpg",
    "content": "150g",
    "walkRouteSequenceNumber": 5459,
    "price": {
      "basicPrice": 3.99,
      "recommendedQuantity": "1.0",
      "measurementUnitPrice": 26.6,
      "measurementUnit": "K",
      "isRedPrice": false,
      "pricePerUOM": 26.6,
      "activationDate": "18-03-2024",
      "recordSource": "Offline",
      "isPromoActive": "N",
      "priceChangeCode": "H"
    },
    "isAvailable": true,
    "isPriceAvailable": true,
    "inPromo": false,
    "gtin": [
      "18000430139270",
      "08000430139273"
    ],
    "topCategoryName": "Zuivel",
    "topCategoryId": "65",
    "businessDomain": "RETAIL_BE",
    "IsPrivateLabel": false,
    "IsBiffe": false,
    "WeightconversionFactor": "0",
    "IsWeightArticle": false,
    "nutriscoreLabel": "C",
    "IsBio": false,
    "CountryOfOrigin": "ITALIË",
    "IsExclusivelySoldInLuxembourg": false,
    "OrderUnit": "P",
    "ShortName": "GALB MINI BUFALA 150G",
    "InSeason": true,
    "IsNew": false,
    "EcoscoreLabel": "D",
    "RecentQuanityOfStockUnits": "1",
    "LongName": "GALBANI Mini Bufala 150g",
    "StartSeasonDate": "13/09/2023",
    "FicCode": "E",
    "EcoscoreValue": "38"
  },
  {
    "productId": "778921",
    "technicalArticleNumber": "4572668",
    "commercialArticleNumber": "28587",
    "name": "natuur",
    "brand": "PAYSAN BRETON MADAME LOÏK",
    "seoBrand": "Paysan Breton Madame Loïk",
    "thumbNail": "https://ecgproductmw.colruytgroup.com/ecgproductmw/noPicForArticle_2.jpg",
    "fullImage": "https://ecgproductmw.colruytgroup.com/ecgproductmw/noPicForArticle_5.jpg",
    "squareImage": "https://ecgproductmw.colruytgroup.com/ecgproductmw/noPicForArticle_5.jpg",
    "content": "320g",
    "walkRouteSequenceNumber": 5471,
    "price": {
      "basicPrice": 5.99,
      "recommendedQuantity": "1.0",
      "measurementUnitPrice": 18.72,
      "measurementUnit": "K",
      "isRedPrice": false,
      "pricePerUOM": 18.72,
      "activationDate": "01-03-2024",
      "recordSource": "Offline",
      "isPromoActive": "N",
      "priceChangeCode": "E"
    },
    "isAvailable": true,
    "isPriceAvailable": true,
    "inPromo": false,
    "gtin": [
      "03412290070071"
    ],
    "topCategoryName": "Zuivel",
    "topCategoryId": "65",
    "businessDomain": "RETAIL_BE",
    "IsPrivateLabel": false,
    "IsBiffe": false,
    "WeightconversionFactor": "0",
    "IsWeightArticle": false,
    "nutriscoreLabel": "D",
    "IsBio": false,
    "CountryOfOrigin": "BELGIË",
    "IsExclusivelySoldInLuxembourg": false,
    "OrderUnit": "P",
    "ShortName": "MADLOIK NATUUR 320G",
    "InSeason": true,
    "IsNew": false,
    "EcoscoreLabel": "B",
    "RecentQuanityOfStockUnits": "1",
    "LongName": "PAYSAN BRETON MADAME LOÏK natuur 320g",
    "StartSeasonDate": "22/01/2024",
    "FicCode": "E",
    "EcoscoreValue": "67"
  },
  {
    "productId": "783106",
    "technicalArticleNumber": "4582158",
    "commercialArticleNumber": "6705",
    "name": "met vijgen",
    "description": "*Geitenkaas\nmet vijgen",
    "brand": "CHAVROUX",
    "seoBrand": "Chavroux",
    "thumbNail": "https://static.colruytgroup.com/images/200x200/nl_be/65/51/asset-2826551.jpg",
    "fullImage": "https://static.colruytgroup.com/images/500x500/nl_be/65/51/asset-2826551.jpg",
    "squareImage": "https://static.colruytgroup.com/images/500x500sq/nl_be/65/51/asset-2826551.jpg",
    "content": "150g",
    "walkRouteSequenceNumber": 5474,
    "price": {
      "basicPrice": 3.99,
      "recommendedQuantity": "1.0",
      "measurementUnitPrice": 26.6,
      "measurementUnit": "K",
      "isRedPrice": false,
      "pricePerUOM": 26.6,
      "activationDate": "05-03-2024",
      "recordSource": "Offline",
      "isPromoActive": "N",
      "priceChangeCode": "E"
    },
    "isAvailable": true,
    "isPriceAvailable": true,
    "inPromo": false,
    "gtin": [
      "03272770098786"
    ],
    "topCategoryName": "Zuivel",
    "topCategoryId": "65",
    "businessDomain": "RETAIL_BE",
    "IsPrivateLabel": false,
    "IsBiffe": false,
    "WeightconversionFactor": "0",
    "IsWeightArticle": false,
    "nutriscoreLabel": "C",
    "IsBio": false,
    "CountryOfOrigin": "FRANKRIJK",
    "IsExclusivelySoldInLuxembourg": false,
    "OrderUnit": "P",
    "ShortName": "CHAV MET VIJGEN 150G",
    "InSeason": true,
    "IsNew": false,
    "RecentQuanityOfStockUnits": "1",
    "LongName": "CHAVROUX met vijgen 150g",
    "StartSeasonDate": "22/01/2024",
    "FicCode": "E"
  },
  {
    "productId": "331749",
    "technicalArticleNumber": "3822159",
    "commercialArticleNumber": "21096",
    "name": "kaas olijf-tomaat blok",
    "description": "*Nederland\n*Abs.V.G.:50%\n*Met zongerijpte\ntomaten en groene\nolijven",
    "brand": "LANDANA",
    "seoBrand": "Landana",
    "thumbNail": "https://static.colruytgroup.com/images/200x200/std.lang.all/50/39/asset-3195039.jpg",
    "fullImage": "https://static.colruytgroup.com/images/500x500/std.lang.all/50/39/asset-3195039.jpg",
    "squareImage": "https://static.colruytgroup.com/images/500x500sq/std.lang.all/50/39/asset-3195039.jpg",
    "content": "200g",
    "walkRouteSequenceNumber": 6225,
    "price": {
      "basicPrice": 4.99,
      "recommendedQuantity": "1.0",
      "measurementUnitPrice": 24.95,
      "measurementUnit": "K",
      "isRedPrice": false,
      "pricePerUOM": 24.95,
      "activationDate": "02-01-2024",
      "isPromoActive": "N",
      "priceChangeCode": "H"
    },
    "isAvailable": true,
    "isPriceAvailable": true,
    "inPromo": false,
    "gtin": [
      "08711842186822",
      "08711842186839"
    ],
    "topCategoryName": "Zuivel",
    "topCategoryId": "65",
    "businessDomain": "RETAIL_BE",
    "IsPrivateLabel": false,
    "IsBiffe": false,
    "WeightconversionFactor": "0",
    "IsWeightArticle": false,
    "nutriscoreLabel": "D",
    "IsBio": false,
    "CountryOfOrigin": "BELGIË",
    "IsExclusivelySoldInLuxembourg": false,
    "OrderUnit": "P",
    "ShortName": "LAND OLIJF TOM.BL.200G",
    "InSeason": true,
    "IsNew": false,
    "EcoscoreLabel": "D",
    "RecentQuanityOfStockUnits": "1",
    "LongName": "LANDANA kaas olijf-tomaat blok 200g",
    "AlcoholVolume": "0",
    "StartSeasonDate": "22/01/2024",
    "FicCode": "E",
    "EcoscoreValue": "27"
  },
  {
    "productId": "1020841",
    "technicalArticleNumber": "4789600",
    "commercialArticleNumber": "18816",
    "name": "Aperifrais met Noten",
    "description": "*Verse aperitiefkaas\n*Met verse kruiden",
    "brand": "APÉRIFRAIS",
    "seoBrand": "St Môret Apérifrais",
    "thumbNail": "https://ecgproductmw.colruytgroup.com/ecgproductmw/noPicForArticle_2.jpg",
    "fullImage": "https://ecgproductmw.colruytgroup.com/ecgproductmw/noPicForArticle_5.jpg",
    "squareImage": "https://ecgproductmw.colruytgroup.com/ecgproductmw/noPicForArticle_5.jpg",
    "content": "100g",
    "walkRouteSequenceNumber": 5463,
    "price": {
      "basicPrice": 3.75,
      "recommendedQuantity": "1.0",
      "measurementUnitPrice": 37.5,
      "measurementUnit": "K",
      "isRedPrice": false,
      "pricePerUOM": 37.5,
      "activationDate": "02-02-2024",
      "isPromoActive": "N",
      "priceChangeCode": "E"
    },
    "isAvailable": true,
    "isPriceAvailable": true,
    "inPromo": true,
    "promotion": [
      {
        "techPromoId": "100978COLR",
        "promotionId": "100978",
        "promotionType": "3",
        "isPersonalized": "N",
        "publicationStartDate": "13-03-2024",
        "publicationEndDate": "26-03-2024"
      }
    ],
    "gtin": [
      "03480341005372"
    ],
    "topCategoryName": "Zuivel",
    "topCategoryId": "65",
    "businessDomain": "RETAIL_BE",
    "IsPrivateLabel": false,
    "IsBiffe": false,
    "WeightconversionFactor": "0",
    "IsWeightArticle": false,
    "IsBio": false,
    "CountryOfOrigin": "FRANKRIJK",
    "IsExclusivelySoldInLuxembourg": false,
    "OrderUnit": "P",
    "ShortName": "STMO APERIFR. NOTEN100G",
    "IsNew": true,
    "RecentQuanityOfStockUnits": "1",
    "LongName": "APÉRIFRAIS Aperifrais met Noten 100g",
    "AlcoholVolume": "0",
    "FicCode": "E"
  },
  {
    "productId": "518472",
    "technicalArticleNumber": "4100760",
    "commercialArticleNumber": "2254",
    "name": "light",
    "description": "*Schapenkaas van\ngepasteuriseerde melk\nmet verlaagde\nvetgehalte.",
    "brand": "SALAKIS",
    "seoBrand": "Salakis",
    "thumbNail": "https://static.colruytgroup.com/images/200x200/std.lang.all/88/03/asset-2478803.jpg",
    "fullImage": "https://static.colruytgroup.com/images/500x500/std.lang.all/88/03/asset-2478803.jpg",
    "squareImage": "https://static.colruytgroup.com/images/500x500sq/std.lang.all/88/03/asset-2478803.jpg",
    "content": "200g",
    "walkRouteSequenceNumber": 5467,
    "price": {
      "basicPrice": 4.19,
      "recommendedQuantity": "1.0",
      "measurementUnitPrice": 20.95,
      "measurementUnit": "K",
      "isRedPrice": false,
      "pricePerUOM": 20.95,
      "activationDate": "04-10-2023",
      "recordSource": "Online",
      "isPromoActive": "N",
      "priceChangeCode": "E"
    },
    "isAvailable": true,
    "isPriceAvailable": true,
    "inPromo": false,
    "gtin": [
      "13023260020230",
      "03023260020233"
    ],
    "topCategoryName": "Zuivel",
    "topCategoryId": "65",
    "businessDomain": "RETAIL_BE",
    "IsPrivateLabel": false,
    "IsBiffe": false,
    "WeightconversionFactor": "0",
    "IsWeightArticle": false,
    "nutriscoreLabel": "D",
    "IsBio": false,
    "CountryOfOrigin": "FRANKRIJK",
    "IsExclusivelySoldInLuxembourg": false,
    "OrderUnit": "P",
    "ShortName": "SALAKIS LIGHT 200G",
    "InSeason": true,
    "IsNew": false,
    "EcoscoreLabel": "D",
    "RecentQuanityOfStockUnits": "1",
    "LongName": "SALAKIS light 200g",
    "StartSeasonDate": "22/01/2024",
    "FicCode": "E",
    "EcoscoreValue": "21"
  },
  {
    "productId": "295030",
    "technicalArticleNumber": "3682718",
    "commercialArticleNumber": "41867",
    "name": "selder abdijkaas blokjes",
    "description": "*België\n*Halfharde kaas\n*Vol, rijk, met\nselder",
    "brand": "POSTEL",
    "seoBrand": "Postel",
    "thumbNail": "https://static.colruytgroup.com/images/200x200/std.lang.all/01/69/asset-2730169.jpg",
    "fullImage": "https://static.colruytgroup.com/images/500x500/std.lang.all/01/69/asset-2730169.jpg",
    "squareImage": "https://static.colruytgroup.com/images/500x500sq/std.lang.all/01/69/asset-2730169.jpg",
    "content": "280g",
    "walkRouteSequenceNumber": 5596,
    "price": {
      "basicPrice": 9.55,
      "recommendedQuantity": "1.0",
      "measurementUnitPrice": 34.11,
      "measurementUnit": "K",
      "isRedPrice": false,
      "pricePerUOM": 34.11,
      "activationDate": "17-11-2023",
      "isPromoActive": "N",
      "priceChangeCode": "L"
    },
    "isAvailable": true,
    "isPriceAvailable": true,
    "inPromo": false,
    "gtin": [
      "05400141126754",
      "05400141944839",
      "05400141502138"
    ],
    "topCategoryName": "Zuivel",
    "topCategoryId": "65",
    "businessDomain": "RETAIL_BE",
    "IsPrivateLabel": false,
    "IsBiffe": false,
    "WeightconversionFactor": "0",
    "IsWeightArticle": false,
    "nutriscoreLabel": "D",
    "IsBio": false,
    "CountryOfOrigin": "BELGIË",
    "IsExclusivelySoldInLuxembourg": false,
    "OrderUnit": "P",
    "ShortName": "POSTEL SELDER KUBUS280G",
    "InSeason": true,
    "IsNew": false,
    "RecentQuanityOfStockUnits": "1",
    "LongName": "POSTEL selder abdijkaas blokjes 280g",
    "AlcoholVolume": "0",
    "StartSeasonDate": "30/07/2021",
    "FicCode": "I"
  },
  {
    "productId": "282167",
    "technicalArticleNumber": "3653497",
    "commercialArticleNumber": "21719",
    "name": "kaas olijf-tomaat",
    "description": "*Nederland\n*V.G.: 50 %",
    "brand": "LANDANA",
    "seoBrand": "Landana",
    "thumbNail": "https://static.colruytgroup.com/images/200x200/std.lang.all/28/30/asset-2372830.jpg",
    "fullImage": "https://static.colruytgroup.com/images/500x500/std.lang.all/28/30/asset-2372830.jpg",
    "squareImage": "https://static.colruytgroup.com/images/500x500sq/std.lang.all/28/30/asset-2372830.jpg",
    "content": "150g",
    "walkRouteSequenceNumber": 6229,
    "price": {
      "basicPrice": 2.99,
      "recommendedQuantity": "1.0",
      "measurementUnitPrice": 19.94,
      "measurementUnit": "K",
      "isRedPrice": false,
      "pricePerUOM": 19.94,
      "activationDate": "10-06-2023",
      "isPromoActive": "N",
      "priceChangeCode": "L"
    },
    "isAvailable": true,
    "isPriceAvailable": true,
    "inPromo": false,
    "gtin": [
      "08711842164271",
      "08711842164288"
    ],
    "topCategoryName": "Zuivel",
    "topCategoryId": "65",
    "businessDomain": "RETAIL_BE",
    "IsPrivateLabel": false,
    "IsBiffe": false,
    "WeightconversionFactor": "0",
    "IsWeightArticle": false,
    "nutriscoreLabel": "D",
    "IsBio": false,
    "CountryOfOrigin": "BELGIË",
    "IsExclusivelySoldInLuxembourg": false,
    "OrderUnit": "P",
    "ShortName": "LANDANA OL-TOM.SN. 150G",
    "InSeason": true,
    "IsNew": false,
    "EcoscoreLabel": "D",
    "RecentQuanityOfStockUnits": "1",
    "LongName": "LANDANA kaas olijf-tomaat 150g",
    "AlcoholVolume": "0",
    "StartSeasonDate": "22/01/2024",
    "FicCode": "E",
    "EcoscoreValue": "27"
  },
  {
    "productId": "1020823",
    "technicalArticleNumber": "4789579",
    "commercialArticleNumber": "17561",
    "name": "Brie Extra Fondant",
    "description": "*Frankrijk\n*Zachte kaas\n*Witschimmelkorst\n*Romig\n*O.b.v. gepast. melk",
    "brand": "PRÉSIDENT",
    "seoBrand": "Président",
    "thumbNail": "https://ecgproductmw.colruytgroup.com/ecgproductmw/noPicForArticle_2.jpg",
    "fullImage": "https://ecgproductmw.colruytgroup.com/ecgproductmw/noPicForArticle_5.jpg",
    "squareImage": "https://ecgproductmw.colruytgroup.com/ecgproductmw/noPicForArticle_5.jpg",
    "content": "200g",
    "walkRouteSequenceNumber": 4906,
    "price": {
      "basicPrice": 3.65,
      "recommendedQuantity": "1.0",
      "measurementUnitPrice": 18.25,
      "measurementUnit": "K",
      "isRedPrice": false,
      "pricePerUOM": 18.25,
      "activationDate": "08-03-2024",
      "recordSource": "Offline",
      "isPromoActive": "N",
      "priceChangeCode": "L"
    },
    "isAvailable": true,
    "isPriceAvailable": true,
    "inPromo": false,
    "gtin": [
      "03228022230039"
    ],
    "topCategoryName": "Zuivel",
    "topCategoryId": "65",
    "businessDomain": "RETAIL_BE",
    "IsPrivateLabel": false,
    "IsBiffe": false,
    "WeightconversionFactor": "0",
    "IsWeightArticle": false,
    "IsBio": false,
    "CountryOfOrigin": "FRANKRIJK",
    "IsExclusivelySoldInLuxembourg": false,
    "OrderUnit": "P",
    "ShortName": "PRES BRIE EX.FON. 200GR",
    "IsNew": true,
    "RecentQuanityOfStockUnits": "1",
    "LongName": "PRÉSIDENT Brie Extra Fondant 200g",
    "AlcoholVolume": "0",
    "FicCode": "E"
  },
  {
    "productId": "671031",
    "technicalArticleNumber": "4383958",
    "commercialArticleNumber": "24418",
    "name": "volle yogh. framb.",
    "description": "*Yoghurt op een\nbedje van frambozen",
    "brand": "OIKOS",
    "seoBrand": "Oikos",
    "thumbNail": "https://static.colruytgroup.com/images/200x200/std.lang.all/64/38/asset-2356438.jpg",
    "fullImage": "https://static.colruytgroup.com/images/500x500/std.lang.all/64/38/asset-2356438.jpg",
    "squareImage": "https://static.colruytgroup.com/images/500x500sq/std.lang.all/64/38/asset-2356438.jpg",
    "content": "4x115g",
    "walkRouteSequenceNumber": 5903,
    "price": {
      "basicPrice": 2.99,
      "recommendedQuantity": "1.0",
      "measurementUnitPrice": 6.5,
      "measurementUnit": "K",
      "isRedPrice": false,
      "pricePerUOM": 6.5,
      "activationDate": "15-02-2024",
      "recordSource": "Offline",
      "isPromoActive": "N",
      "priceChangeCode": "E"
    },
    "isAvailable": true,
    "isPriceAvailable": true,
    "inPromo": false,
    "gtin": [
      "05410146419966"
    ],
    "topCategoryName": "Zuivel",
    "topCategoryId": "65",
    "businessDomain": "RETAIL_BE",
    "IsPrivateLabel": false,
    "IsBiffe": false,
    "WeightconversionFactor": "0",
    "IsWeightArticle": false,
    "nutriscoreLabel": "C",
    "IsBio": false,
    "CountryOfOrigin": "DUITSLAND",
    "IsExclusivelySoldInLuxembourg": false,
    "OrderUnit": "P",
    "ShortName": "DANO OIK FRAMBOOS4X115G",
    "IsNew": false,
    "EcoscoreLabel": "B",
    "RecentQuanityOfStockUnits": "1",
    "LongName": "OIKOS volle yogh. framb. 4x115g",
    "FicCode": "E",
    "EcoscoreValue": "77"
  },
  {
    "productId": "56607",
    "technicalArticleNumber": "2259350",
    "commercialArticleNumber": "4226",
    "name": "melkschijfje met honing",
    "brand": "KINDER",
    "seoBrand": "Kinder",
    "thumbNail": "https://static.colruytgroup.com/images/200x200/std.lang.all/18/37/asset-1461837.jpg",
    "fullImage": "https://static.colruytgroup.com/images/500x500/std.lang.all/18/37/asset-1461837.jpg",
    "squareImage": "https://static.colruytgroup.com/images/500x500sq/std.lang.all/18/37/asset-1461837.jpg",
    "content": "5x28g",
    "walkRouteSequenceNumber": 5935,
    "price": {
      "basicPrice": 1.69,
      "recommendedQuantity": "1.0",
      "measurementUnitPrice": 12.08,
      "measurementUnit": "K",
      "isRedPrice": false,
      "pricePerUOM": 12.08,
      "activationDate": "29-02-2024",
      "recordSource": "Offline",
      "isPromoActive": "N",
      "priceChangeCode": "E"
    },
    "isAvailable": true,
    "isPriceAvailable": true,
    "inPromo": false,
    "gtin": [
      "03017627540502",
      "08000500100691",
      "04008400190501",
      "08000500062654"
    ],
    "topCategoryName": "Zuivel",
    "topCategoryId": "65",
    "businessDomain": "RETAIL_BE",
    "IsPrivateLabel": false,
    "IsBiffe": false,
    "WeightconversionFactor": "0",
    "IsWeightArticle": false,
    "nutriscoreLabel": "E",
    "IsBio": false,
    "CountryOfOrigin": "DUITSLAND",
    "IsExclusivelySoldInLuxembourg": false,
    "OrderUnit": "P",
    "ShortName": "KINDER MELKSCHIJFJE5X28",
    "InSeason": true,
    "IsNew": false,
    "RecentQuanityOfStockUnits": "1,1,8",
    "LongName": "KINDER melkschijfje met honing 5x28g",
    "AlcoholVolume": "0",
    "StartSeasonDate": "26/02/2016",
    "FicCode": "E"
  },
  {
    "productId": "79791",
    "technicalArticleNumber": "2557347",
    "commercialArticleNumber": "14347",
    "name": "yoghurt halfvol natuur",
    "description": "*Halfvol\n*Standyoghurt\n*Gesuikerd",
    "brand": "INEX",
    "seoBrand": "Inex",
    "thumbNail": "https://static.colruytgroup.com/images/200x200/std.lang.all/03/47/asset-2460347.jpg",
    "fullImage": "https://static.colruytgroup.com/images/500x500/std.lang.all/03/47/asset-2460347.jpg",
    "squareImage": "https://static.colruytgroup.com/images/500x500sq/std.lang.all/03/47/asset-2460347.jpg",
    "content": "4x125g",
    "walkRouteSequenceNumber": 5719,
    "price": {
      "basicPrice": 2.19,
      "recommendedQuantity": "1.0",
      "measurementUnitPrice": 4.38,
      "measurementUnit": "K",
      "isRedPrice": false,
      "pricePerUOM": 4.38,
      "activationDate": "14-03-2024",
      "recordSource": "Offline",
      "isPromoActive": "N",
      "priceChangeCode": "E"
    },
    "isAvailable": true,
    "isPriceAvailable": true,
    "inPromo": false,
    "gtin": [
      "00000054025349",
      "15410441025340"
    ],
    "topCategoryName": "Zuivel",
    "topCategoryId": "65",
    "businessDomain": "RETAIL_BE",
    "IsPrivateLabel": false,
    "IsBiffe": false,
    "WeightconversionFactor": "0",
    "IsWeightArticle": false,
    "nutriscoreLabel": "B",
    "IsBio": false,
    "CountryOfOrigin": "BELGIË",
    "IsExclusivelySoldInLuxembourg": false,
    "OrderUnit": "P",
    "ShortName": "VL INEX YOG NA4X125G",
    "IsNew": false,
    "EcoscoreLabel": "A",
    "RecentQuanityOfStockUnits": "1,6",
    "LongName": "INEX yoghurt halfvol natuur 4x125g",
    "AlcoholVolume": "0",
    "FicCode": "E",
    "EcoscoreValue": "99"
  },
  {
    "productId": "2247",
    "technicalArticleNumber": "28009",
    "commercialArticleNumber": "28009",
    "name": "Eieren hardgekookt en gekleurd",
    "description": "*Oorsprong: België\n*Klasse 1",
    "thumbNail": "https://static.colruytgroup.com/images/200x200/std.lang.all/90/65/asset-3159065.jpg",
    "fullImage": "https://static.colruytgroup.com/images/500x500/std.lang.all/90/65/asset-3159065.jpg",
    "squareImage": "https://static.colruytgroup.com/images/500x500sq/std.lang.all/90/65/asset-3159065.jpg",
    "content": "6st",
    "walkRouteSequenceNumber": 8711,
    "price": {
      "basicPrice": 2.39,
      "recommendedQuantity": "1.0",
      "measurementUnitPrice": 0.399,
      "measurementUnit": "S",
      "isRedPrice": false,
      "pricePerUOM": 0.399,
      "activationDate": "13-01-2024",
      "isPromoActive": "N",
      "priceChangeCode": "H"
    },
    "isAvailable": true,
    "isPriceAvailable": true,
    "inPromo": false,
    "gtin": [
      "04003659228265",
      "04003659228555",
      "04003659228937",
      "04003659229088",
      "04003659250136",
      "04003659300831",
      "04003659300848",
      "04003659300909",
      "04003659300947",
      "05420030807021",
      "04003659208014",
      "05420030807014"
    ],
    "topCategoryName": "Zuivel",
    "topCategoryId": "65",
    "businessDomain": "RETAIL_BE",
    "IsPrivateLabel": false,
    "IsBiffe": false,
    "WeightconversionFactor": "0",
    "IsWeightArticle": false,
    "IsBio": false,
    "CountryOfOrigin": "BELGIË",
    "IsExclusivelySoldInLuxembourg": false,
    "OrderUnit": "P",
    "ShortName": "EI GEKOOKT KLEUR ASS 6S",
    "InSeason": true,
    "IsNew": false,
    "RecentQuanityOfStockUnits": "1",
    "LongName": "Eieren hardgekookt en gekleurd 6st",
    "AlcoholVolume": "0",
    "StartSeasonDate": "29/01/2024",
    "FicCode": "E"
  },
  {
    "productId": "50010",
    "technicalArticleNumber": "2477574",
    "commercialArticleNumber": "39135",
    "name": "Zwitserse gruyère geraspt",
    "description": "*Zwitserland\n*Geraspte kaas\n*Uitgesproken\n*O.b.v. rauwe melk",
    "brand": "BONI",
    "seoBrand": "Boni Selection",
    "thumbNail": "https://static.colruytgroup.com/images/200x200/std.lang.all/65/75/asset-3016575.jpg",
    "fullImage": "https://static.colruytgroup.com/images/500x500/std.lang.all/65/75/asset-3016575.jpg",
    "squareImage": "https://static.colruytgroup.com/images/500x500sq/std.lang.all/65/75/asset-3016575.jpg",
    "content": "250g",
    "walkRouteSequenceNumber": 5637,
    "price": {
      "basicPrice": 7.47,
      "recommendedQuantity": "1.0",
      "measurementUnitPrice": 29.88,
      "measurementUnit": "K",
      "isRedPrice": false,
      "pricePerUOM": 29.88,
      "activationDate": "15-03-2024",
      "recordSource": "Offline",
      "isPromoActive": "N",
      "priceChangeCode": "E"
    },
    "isAvailable": true,
    "isPriceAvailable": true,
    "inPromo": false,
    "gtin": [
      "05400141129007",
      "05400141214574",
      "05400141375336",
      "05400141041446",
      "05400141118025",
      "25400141375330"
    ],
    "topCategoryName": "Zuivel",
    "topCategoryId": "65",
    "businessDomain": "RETAIL_BE",
    "IsPrivateLabel": true,
    "IsBiffe": false,
    "WeightconversionFactor": "0",
    "IsWeightArticle": false,
    "nutriscoreLabel": "C",
    "IsBio": false,
    "CountryOfOrigin": "ZWITSERLAND",
    "IsExclusivelySoldInLuxembourg": false,
    "OrderUnit": "P",
    "ShortName": "BONI ZWIT.GRUY.RASP250G",
    "IsNew": false,
    "EcoscoreLabel": "B",
    "RecentQuanityOfStockUnits": "1",
    "LongName": "BONI Zwitserse gruyère geraspt 250g",
    "AlcoholVolume": "0",
    "FicCode": "I",
    "EcoscoreValue": "62"
  },
  {
    "productId": "160204",
    "technicalArticleNumber": "3271684",
    "commercialArticleNumber": "34260",
    "name": "margarine patisserie",
    "description": "*Bakken\n*Vetgehalte: 79 %",
    "brand": "SOLO",
    "seoBrand": "Solo",
    "thumbNail": "https://static.colruytgroup.com/images/200x200/std.lang.all/02/55/asset-2930255.jpg",
    "fullImage": "https://static.colruytgroup.com/images/500x500/std.lang.all/02/55/asset-2930255.jpg",
    "squareImage": "https://static.colruytgroup.com/images/500x500sq/std.lang.all/02/55/asset-2930255.jpg",
    "content": "250g",
    "walkRouteSequenceNumber": 6043,
    "price": {
      "basicPrice": 2.19,
      "recommendedQuantity": "1.0",
      "measurementUnitPrice": 8.76,
      "measurementUnit": "K",
      "isRedPrice": false,
      "pricePerUOM": 8.76,
      "activationDate": "22-03-2024",
      "recordSource": "Offline",
      "isPromoActive": "N",
      "priceChangeCode": "E"
    },
    "isAvailable": true,
    "isPriceAvailable": true,
    "inPromo": false,
    "gtin": [
      "08712100714634",
      "08719200035386",
      "08719200035430",
      "08712100714641"
    ],
    "topCategoryName": "Zuivel",
    "topCategoryId": "65",
    "businessDomain": "RETAIL_BE",
    "IsPrivateLabel": false,
    "IsBiffe": false,
    "WeightconversionFactor": "0",
    "IsWeightArticle": false,
    "nutriscoreLabel": "E",
    "IsBio": false,
    "CountryOfOrigin": "NEDERLAND",
    "IsExclusivelySoldInLuxembourg": false,
    "OrderUnit": "P",
    "ShortName": "SOLO PATISSERIE 250G",
    "IsNew": false,
    "EcoscoreLabel": "C",
    "RecentQuanityOfStockUnits": "1,20",
    "LongName": "SOLO margarine patisserie 250g",
    "AlcoholVolume": "0",
    "FicCode": "E",
    "EcoscoreValue": "48"
  },
  {
    "productId": "16997",
    "technicalArticleNumber": "1474280",
    "commercialArticleNumber": "27349",
    "name": "culinaire room light 20%vg PET",
    "description": "*Vetgehalte: 20 %\n*Romige toets in\nsoep, aardappelen en\nnagerechten/saus\ninkoken",
    "brand": "BONI",
    "seoBrand": "Boni Selection",
    "thumbNail": "https://static.colruytgroup.com/images/200x200/std.lang.all/83/77/asset-3028377.jpg",
    "fullImage": "https://static.colruytgroup.com/images/500x500/std.lang.all/83/77/asset-3028377.jpg",
    "squareImage": "https://static.colruytgroup.com/images/500x500sq/std.lang.all/83/77/asset-3028377.jpg",
    "content": "1L",
    "walkRouteSequenceNumber": 5997,
    "price": {
      "basicPrice": 4.09,
      "recommendedQuantity": "1.0",
      "measurementUnitPrice": 4.09,
      "measurementUnit": "L",
      "isRedPrice": false,
      "pricePerUOM": 4.09,
      "activationDate": "14-11-2023",
      "isPromoActive": "N",
      "priceChangeCode": "E"
    },
    "isAvailable": true,
    "isPriceAvailable": true,
    "inPromo": false,
    "gtin": [
      "05400141073492",
      "05400141079173",
      "05400141266702",
      "05400141267549",
      "15400141266709",
      "15400141267546",
      "05400141266276"
    ],
    "topCategoryName": "Zuivel",
    "topCategoryId": "65",
    "businessDomain": "RETAIL_BE",
    "IsPrivateLabel": true,
    "IsBiffe": false,
    "WeightconversionFactor": "0",
    "IsWeightArticle": false,
    "nutriscoreLabel": "D",
    "IsBio": false,
    "CountryOfOrigin": "BELGIË",
    "IsExclusivelySoldInLuxembourg": false,
    "OrderUnit": "P",
    "ShortName": "BONI CULIN ROOM 20PC 1L",
    "IsNew": false,
    "EcoscoreLabel": "A",
    "RecentQuanityOfStockUnits": "1,12",
    "LongName": "BONI culinaire room light 20%vg PET 1L",
    "AlcoholVolume": "0",
    "FicCode": "I",
    "EcoscoreValue": "95"
  },
  {
    "productId": "506108",
    "technicalArticleNumber": "4078641",
    "commercialArticleNumber": "7466",
    "name": "kaas zacht",
    "description": "*Zachte franse kaas\nvan gepasteuriseerde\nkoemelk",
    "brand": "CAPRICE DES DIEUX",
    "seoBrand": "Caprice des Dieux",
    "thumbNail": "https://static.colruytgroup.com/images/200x200/std.lang.all/98/56/asset-1769856.jpg",
    "fullImage": "https://static.colruytgroup.com/images/500x500/std.lang.all/98/56/asset-1769856.jpg",
    "squareImage": "https://static.colruytgroup.com/images/500x500sq/std.lang.all/98/56/asset-1769856.jpg",
    "content": "300g",
    "walkRouteSequenceNumber": 4928,
    "price": {
      "basicPrice": 5.49,
      "recommendedQuantity": "1.0",
      "measurementUnitPrice": 18.3,
      "measurementUnit": "K",
      "isRedPrice": false,
      "pricePerUOM": 18.3,
      "activationDate": "15-03-2024",
      "isPromoActive": "N",
      "priceChangeCode": "H"
    },
    "isAvailable": true,
    "isPriceAvailable": true,
    "inPromo": false,
    "gtin": [
      "13161710963222",
      "03161712963223"
    ],
    "topCategoryName": "Zuivel",
    "topCategoryId": "65",
    "businessDomain": "RETAIL_BE",
    "IsPrivateLabel": false,
    "IsBiffe": false,
    "WeightconversionFactor": "0",
    "IsWeightArticle": false,
    "nutriscoreLabel": "D",
    "IsBio": false,
    "CountryOfOrigin": "FRANKRIJK",
    "IsExclusivelySoldInLuxembourg": false,
    "OrderUnit": "P",
    "ShortName": "CAPRICE DES DIEUX 300G",
    "IsNew": false,
    "RecentQuanityOfStockUnits": "1",
    "LongName": "CAPRICE DES DIEUX kaas zacht 300g",
    "FicCode": "E"
  },
  {
    "productId": "17237",
    "technicalArticleNumber": "1713540",
    "commercialArticleNumber": "32980",
    "name": "gouda jong blok",
    "description": "*Nederland\n*Halfharde kaas\n*Mild\n*Jong\n*Vegetarisch",
    "brand": "EVERYDAY",
    "seoBrand": "Everyday",
    "thumbNail": "https://static.colruytgroup.com/images/200x200/std.lang.all/23/11/asset-722311.jpg",
    "fullImage": "https://static.colruytgroup.com/images/500x500/std.lang.all/23/11/asset-722311.jpg",
    "squareImage": "https://static.colruytgroup.com/images/500x500sq/std.lang.all/23/11/asset-722311.jpg",
    "content": "±425g",
    "walkRouteSequenceNumber": 5665,
    "price": {
      "basicPrice": 7,
      "recommendedQuantity": "0.4",
      "unit": "K",
      "measurementUnitPrice": 7,
      "measurementUnit": "K",
      "isRedPrice": false,
      "pricePerUOM": 7,
      "activationDate": "12-01-2024",
      "recordSource": "Offline",
      "isPromoActive": "N",
      "priceChangeCode": "H"
    },
    "isAvailable": true,
    "isPriceAvailable": true,
    "inPromo": false,
    "gtin": [
      "95400141329806",
      "05400141340273",
      "95400141011879",
      "95400141603203",
      "05400141603200",
      "95400141541451",
      "95400141864567",
      "05400141864564"
    ],
    "topCategoryName": "Zuivel",
    "topCategoryId": "65",
    "businessDomain": "RETAIL_BE",
    "IsPrivateLabel": true,
    "IsBiffe": false,
    "WeightconversionFactor": "425",
    "IsWeightArticle": true,
    "nutriscoreLabel": "C",
    "IsBio": false,
    "CountryOfOrigin": "BELGIË",
    "IsExclusivelySoldInLuxembourg": false,
    "OrderUnit": "P",
    "ShortName": "EVD GOU K JONG B+-425GW",
    "IsNew": false,
    "EcoscoreLabel": "D",
    "RecentQuanityOfStockUnits": "1",
    "LongName": "EVERYDAY gouda jong blok ±425g",
    "AlcoholVolume": "0",
    "FicCode": "I",
    "EcoscoreValue": "33"
  },
  {
    "productId": "275064",
    "technicalArticleNumber": "3646226",
    "commercialArticleNumber": "31025",
    "name": "Light look&fijne kruid",
    "description": "*Duitsland\n*Verse kaas\n*Met kruiden\n*Abs. V.G.: 16 %",
    "brand": "PHILADELPHIA",
    "seoBrand": "Philadelphia",
    "thumbNail": "https://static.colruytgroup.com/images/200x200/std.lang.all/28/19/asset-2122819.jpg",
    "fullImage": "https://static.colruytgroup.com/images/500x500/std.lang.all/28/19/asset-2122819.jpg",
    "squareImage": "https://static.colruytgroup.com/images/500x500sq/std.lang.all/28/19/asset-2122819.jpg",
    "content": "185g",
    "walkRouteSequenceNumber": 4876,
    "price": {
      "basicPrice": 2.95,
      "recommendedQuantity": "1.0",
      "measurementUnitPrice": 15.95,
      "measurementUnit": "K",
      "isRedPrice": false,
      "pricePerUOM": 15.95,
      "activationDate": "21-03-2024",
      "recordSource": "Offline",
      "isPromoActive": "N",
      "priceChangeCode": "H"
    },
    "isAvailable": true,
    "isPriceAvailable": true,
    "inPromo": true,
    "promotion": [
      {
        "techPromoId": "100860COLR",
        "promotionId": "100860",
        "promotionType": "4",
        "isPersonalized": "N",
        "publicationStartDate": "13-03-2024",
        "publicationEndDate": "26-03-2024"
      }
    ],
    "gtin": [
      "07622210579263",
      "07622210579256",
      "07622210710611",
      "07622210710628"
    ],
    "topCategoryName": "Zuivel",
    "topCategoryId": "65",
    "businessDomain": "RETAIL_BE",
    "IsPrivateLabel": false,
    "IsBiffe": false,
    "WeightconversionFactor": "0",
    "IsWeightArticle": false,
    "nutriscoreLabel": "C",
    "IsBio": false,
    "CountryOfOrigin": "DUITSLAND",
    "IsExclusivelySoldInLuxembourg": false,
    "OrderUnit": "P",
    "ShortName": "PHILADEL KR.LIGHT 185G",
    "IsNew": false,
    "RecentQuanityOfStockUnits": "10,1",
    "LongName": "PHILADELPHIA Light look&fijne kruid 185g",
    "AlcoholVolume": "0",
    "FicCode": "E"
  },
  {
    "productId": "278716",
    "technicalArticleNumber": "3641680",
    "commercialArticleNumber": "40610",
    "name": "yoghurt vezels granen",
    "description": "*Met granen\n*Extra bevorderend\nvoor de darmflora",
    "brand": "ACTIVIA",
    "seoBrand": "Danone Activia",
    "thumbNail": "https://static.colruytgroup.com/images/200x200/std.lang.all/52/02/asset-2755202.jpg",
    "fullImage": "https://static.colruytgroup.com/images/500x500/std.lang.all/52/02/asset-2755202.jpg",
    "squareImage": "https://static.colruytgroup.com/images/500x500sq/std.lang.all/52/02/asset-2755202.jpg",
    "content": "4x125g",
    "walkRouteSequenceNumber": 5762,
    "price": {
      "basicPrice": 2.49,
      "recommendedQuantity": "1.0",
      "quantityPrice": 1.5,
      "quantityPriceQuantity": "2.0",
      "measurementUnitPrice": 4.98,
      "measurementUnitQuantityPrice": 3,
      "measurementUnit": "K",
      "isRedPrice": false,
      "pricePerUOM": 4.98,
      "activationDate": "18-03-2024",
      "isPromoActive": "Y",
      "priceChangeCode": "E",
      "quantityPricePerUOM": 3,
      "quantityActivationDate": "18-03-2024",
      "quantityPriceChangeCode": "L"
    },
    "isAvailable": true,
    "isPriceAvailable": true,
    "inPromo": false,
    "gtin": [
      "05410146420573",
      "15410146420570",
      "05410146416453",
      "05410146419065"
    ],
    "topCategoryName": "Zuivel",
    "topCategoryId": "65",
    "businessDomain": "RETAIL_BE",
    "IsPrivateLabel": false,
    "IsBiffe": false,
    "WeightconversionFactor": "0",
    "IsWeightArticle": false,
    "nutriscoreLabel": "B",
    "IsBio": false,
    "CountryOfOrigin": "FRANKRIJK",
    "IsExclusivelySoldInLuxembourg": false,
    "OrderUnit": "P",
    "ShortName": "DAN ACT GR.VEZ. 4X125 G",
    "IsNew": false,
    "EcoscoreLabel": "A",
    "RecentQuanityOfStockUnits": "1",
    "LongName": "ACTIVIA yoghurt vezels granen 4x125g",
    "AlcoholVolume": "0",
    "FicCode": "E",
    "EcoscoreValue": "88"
  },
  {
    "productId": "622393",
    "technicalArticleNumber": "4302882",
    "commercialArticleNumber": "23658",
    "name": "light smeren",
    "brand": "VITELMA",
    "seoBrand": "Vitelma",
    "thumbNail": "https://static.colruytgroup.com/images/200x200/std.lang.all/67/71/asset-2286771.jpg",
    "fullImage": "https://static.colruytgroup.com/images/500x500/std.lang.all/67/71/asset-2286771.jpg",
    "squareImage": "https://static.colruytgroup.com/images/500x500sq/std.lang.all/67/71/asset-2286771.jpg",
    "content": "250g",
    "walkRouteSequenceNumber": 6062,
    "price": {
      "basicPrice": 1.29,
      "recommendedQuantity": "1.0",
      "measurementUnitPrice": 5.16,
      "measurementUnit": "K",
      "isRedPrice": false,
      "pricePerUOM": 5.16,
      "activationDate": "13-03-2024",
      "recordSource": "Offline",
      "isPromoActive": "N",
      "priceChangeCode": "E"
    },
    "isAvailable": true,
    "isPriceAvailable": true,
    "inPromo": false,
    "gtin": [
      "05410093171368",
      "05410093171375"
    ],
    "topCategoryName": "Zuivel",
    "topCategoryId": "65",
    "businessDomain": "RETAIL_BE",
    "IsPrivateLabel": false,
    "IsBiffe": false,
    "WeightconversionFactor": "0",
    "IsWeightArticle": false,
    "nutriscoreLabel": "C",
    "IsBio": false,
    "CountryOfOrigin": "BELGIË",
    "IsExclusivelySoldInLuxembourg": false,
    "OrderUnit": "P",
    "ShortName": "VITE LIGHT SMEREN 250G",
    "IsNew": false,
    "EcoscoreLabel": "B",
    "RecentQuanityOfStockUnits": "1,8",
    "LongName": "VITELMA light smeren 250g",
    "FicCode": "E",
    "EcoscoreValue": "63"
  },
  {
    "productId": "30318",
    "technicalArticleNumber": "1852222",
    "commercialArticleNumber": "34829",
    "name": "yoghurt mager natuur",
    "description": "*Mager",
    "brand": "DANONE",
    "seoBrand": "Danone",
    "thumbNail": "https://static.colruytgroup.com/images/200x200/std.lang.all/43/23/asset-3394323.jpg",
    "fullImage": "https://static.colruytgroup.com/images/500x500/std.lang.all/43/23/asset-3394323.jpg",
    "squareImage": "https://static.colruytgroup.com/images/500x500sq/std.lang.all/43/23/asset-3394323.jpg",
    "content": "8x125g",
    "walkRouteSequenceNumber": 5730,
    "price": {
      "basicPrice": 2.99,
      "recommendedQuantity": "1.0",
      "measurementUnitPrice": 2.99,
      "measurementUnit": "K",
      "isRedPrice": false,
      "pricePerUOM": 2.99,
      "activationDate": "14-11-2023",
      "recordSource": "Offline",
      "isPromoActive": "N",
      "priceChangeCode": "E"
    },
    "isAvailable": true,
    "isPriceAvailable": true,
    "inPromo": false,
    "gtin": [
      "15410146417150",
      "05410146417153",
      "05410146409806"
    ],
    "topCategoryName": "Zuivel",
    "topCategoryId": "65",
    "businessDomain": "RETAIL_BE",
    "IsPrivateLabel": false,
    "IsBiffe": false,
    "WeightconversionFactor": "0",
    "IsWeightArticle": false,
    "nutriscoreLabel": "A",
    "IsBio": false,
    "CountryOfOrigin": "FRANKRIJK",
    "IsExclusivelySoldInLuxembourg": false,
    "OrderUnit": "P",
    "ShortName": "DAN MAGER YOGHURT 8X125",
    "InSeason": true,
    "IsNew": false,
    "EcoscoreLabel": "A",
    "RecentQuanityOfStockUnits": "1",
    "LongName": "DANONE yoghurt mager natuur 8x125g",
    "AlcoholVolume": "0",
    "StartSeasonDate": "01/03/2016",
    "FicCode": "E",
    "EcoscoreValue": "95"
  },
  {
    "productId": "40340",
    "technicalArticleNumber": "2477583",
    "commercialArticleNumber": "39145",
    "name": "emmental Fr. geraspt",
    "description": "*Frankrijk\n*Geraspte kaas\n*Emmentaler",
    "brand": "ENTREMONT",
    "seoBrand": "Entremont",
    "thumbNail": "https://static.colruytgroup.com/images/200x200/std.lang.all/40/83/asset-2964083.jpg",
    "fullImage": "https://static.colruytgroup.com/images/500x500/std.lang.all/40/83/asset-2964083.jpg",
    "squareImage": "https://static.colruytgroup.com/images/500x500sq/std.lang.all/40/83/asset-2964083.jpg",
    "content": "2x250g",
    "walkRouteSequenceNumber": 6249,
    "price": {
      "basicPrice": 7.23,
      "recommendedQuantity": "1.0",
      "measurementUnitPrice": 14.46,
      "measurementUnit": "K",
      "isRedPrice": false,
      "pricePerUOM": 14.46,
      "activationDate": "22-03-2024",
      "recordSource": "Folder",
      "isPromoActive": "N",
      "priceChangeCode": "L"
    },
    "isAvailable": true,
    "isPriceAvailable": true,
    "inPromo": false,
    "gtin": [
      "05400141225211",
      "05400141035766",
      "05400141413366"
    ],
    "topCategoryName": "Zuivel",
    "topCategoryId": "65",
    "businessDomain": "RETAIL_BE",
    "IsPrivateLabel": false,
    "IsBiffe": false,
    "WeightconversionFactor": "0",
    "IsWeightArticle": false,
    "nutriscoreLabel": "C",
    "IsBio": false,
    "CountryOfOrigin": "BELGIË",
    "IsExclusivelySoldInLuxembourg": false,
    "OrderUnit": "P",
    "ShortName": "ENTREM.EM.GER. 2X250G",
    "InSeason": true,
    "IsNew": false,
    "EcoscoreLabel": "C",
    "RecentQuanityOfStockUnits": "1",
    "LongName": "ENTREMONT emmental Fr. geraspt 2x250g",
    "AlcoholVolume": "0",
    "StartSeasonDate": "11/04/2019",
    "FicCode": "I",
    "EcoscoreValue": "58"
  },
  {
    "productId": "35697",
    "technicalArticleNumber": "1908428",
    "commercialArticleNumber": "27049",
    "name": "Mozzarella mini",
    "description": "*Italië\n*Verse kaas\n*Fris, licht, mild",
    "brand": "GALBANI",
    "seoBrand": "Galbani",
    "thumbNail": "https://static.colruytgroup.com/images/200x200/std.lang.all/53/62/asset-3335362.jpg",
    "fullImage": "https://static.colruytgroup.com/images/500x500/std.lang.all/53/62/asset-3335362.jpg",
    "squareImage": "https://static.colruytgroup.com/images/500x500sq/std.lang.all/53/62/asset-3335362.jpg",
    "content": "20st 150g",
    "walkRouteSequenceNumber": 5236,
    "price": {
      "basicPrice": 2.49,
      "recommendedQuantity": "1.0",
      "measurementUnitPrice": 16.6,
      "measurementUnit": "K",
      "isRedPrice": false,
      "pricePerUOM": 16.6,
      "activationDate": "19-03-2024",
      "recordSource": "Offline",
      "isPromoActive": "N",
      "priceChangeCode": "H"
    },
    "isAvailable": true,
    "isPriceAvailable": true,
    "inPromo": false,
    "gtin": [
      "08000430132267",
      "08000430132106"
    ],
    "topCategoryName": "Zuivel",
    "topCategoryId": "65",
    "businessDomain": "RETAIL_BE",
    "IsPrivateLabel": false,
    "IsBiffe": false,
    "WeightconversionFactor": "0",
    "IsWeightArticle": false,
    "nutriscoreLabel": "C",
    "IsBio": false,
    "CountryOfOrigin": "ITALIË",
    "IsExclusivelySoldInLuxembourg": false,
    "OrderUnit": "P",
    "ShortName": "GALB MINI MOZZARELLA150",
    "IsNew": false,
    "EcoscoreLabel": "D",
    "RecentQuanityOfStockUnits": "1",
    "LongName": "GALBANI Mozzarella mini 20st 150g",
    "AlcoholVolume": "0",
    "FicCode": "E",
    "EcoscoreValue": "38"
  },
  {
    "productId": "85197",
    "technicalArticleNumber": "2956172",
    "commercialArticleNumber": "6633",
    "name": "pudding vanille",
    "brand": "BONI",
    "seoBrand": "Boni Selection",
    "thumbNail": "https://static.colruytgroup.com/images/200x200/std.lang.all/65/13/asset-1416513.jpg",
    "fullImage": "https://static.colruytgroup.com/images/500x500/std.lang.all/65/13/asset-1416513.jpg",
    "squareImage": "https://static.colruytgroup.com/images/500x500sq/std.lang.all/65/13/asset-1416513.jpg",
    "content": "6x140g",
    "walkRouteSequenceNumber": 5956,
    "price": {
      "basicPrice": 3.67,
      "recommendedQuantity": "1.0",
      "measurementUnitPrice": 4.37,
      "measurementUnit": "K",
      "isRedPrice": false,
      "pricePerUOM": 4.37,
      "activationDate": "30-12-2023",
      "recordSource": "Offline",
      "isPromoActive": "N",
      "priceChangeCode": "H"
    },
    "isAvailable": true,
    "isPriceAvailable": true,
    "inPromo": false,
    "gtin": [
      "15400141414773",
      "05400141414776",
      "05400141298512",
      "05400141300727",
      "15400141300724",
      "15400141504542",
      "05400141504545"
    ],
    "topCategoryName": "Zuivel",
    "topCategoryId": "65",
    "businessDomain": "RETAIL_BE",
    "IsPrivateLabel": true,
    "IsBiffe": false,
    "WeightconversionFactor": "0",
    "IsWeightArticle": false,
    "nutriscoreLabel": "C",
    "IsBio": false,
    "CountryOfOrigin": "BELGIË",
    "IsExclusivelySoldInLuxembourg": false,
    "OrderUnit": "P",
    "ShortName": "BONI S PUDD VAN.6X140G",
    "IsNew": false,
    "EcoscoreLabel": "A",
    "RecentQuanityOfStockUnits": "1,4",
    "LongName": "BONI pudding vanille 6x140g",
    "AlcoholVolume": "0",
    "FicCode": "I",
    "EcoscoreValue": "100"
  },
  {
    "productId": "2485",
    "technicalArticleNumber": "1099974",
    "commercialArticleNumber": "26062",
    "name": "chocomousse",
    "description": "*Met 20 % Belgische\nchocolade",
    "brand": "LA LAITIÈRE",
    "seoBrand": "Nestlé La Laitière",
    "thumbNail": "https://static.colruytgroup.com/images/200x200/std.lang.all/74/63/asset-1157463.jpg",
    "fullImage": "https://static.colruytgroup.com/images/500x500/std.lang.all/74/63/asset-1157463.jpg",
    "squareImage": "https://static.colruytgroup.com/images/500x500sq/std.lang.all/74/63/asset-1157463.jpg",
    "content": "8x61g",
    "walkRouteSequenceNumber": 5947,
    "price": {
      "basicPrice": 3.35,
      "recommendedQuantity": "1.0",
      "measurementUnitPrice": 6.87,
      "measurementUnit": "K",
      "isRedPrice": false,
      "pricePerUOM": 6.87,
      "activationDate": "22-03-2024",
      "recordSource": "Offline",
      "isPromoActive": "N",
      "priceChangeCode": "L"
    },
    "isAvailable": true,
    "isPriceAvailable": true,
    "inPromo": false,
    "gtin": [
      "03023290119105",
      "03023290633236"
    ],
    "topCategoryName": "Zuivel",
    "topCategoryId": "65",
    "businessDomain": "RETAIL_BE",
    "IsPrivateLabel": false,
    "IsBiffe": false,
    "WeightconversionFactor": "0",
    "IsWeightArticle": false,
    "nutriscoreLabel": "D",
    "IsBio": false,
    "CountryOfOrigin": "FRANKRIJK",
    "IsExclusivelySoldInLuxembourg": false,
    "OrderUnit": "P",
    "ShortName": "LL CHOCO MOUSSE 8X 61GR",
    "IsNew": false,
    "RecentQuanityOfStockUnits": "1",
    "LongName": "LA LAITIÈRE chocomousse 8x61g",
    "AlcoholVolume": "0",
    "FicCode": "E"
  },
  {
    "productId": "106440",
    "technicalArticleNumber": "3095736",
    "commercialArticleNumber": "42197",
    "name": "margarine smeren bakken&braden",
    "description": "*Smeren en bakken\n*Vetgehalte: 78 %",
    "brand": "BONI",
    "seoBrand": "Boni Selection",
    "thumbNail": "https://static.colruytgroup.com/images/200x200/std.lang.all/92/55/asset-3349255.jpg",
    "fullImage": "https://static.colruytgroup.com/images/500x500/std.lang.all/92/55/asset-3349255.jpg",
    "squareImage": "https://static.colruytgroup.com/images/500x500sq/std.lang.all/92/55/asset-3349255.jpg",
    "content": "1kg",
    "walkRouteSequenceNumber": 6066,
    "price": {
      "basicPrice": 4.19,
      "recommendedQuantity": "1.0",
      "measurementUnitPrice": 4.19,
      "measurementUnit": "K",
      "isRedPrice": false,
      "pricePerUOM": 4.19,
      "activationDate": "15-11-2023",
      "recordSource": "Offline",
      "isPromoActive": "N",
      "priceChangeCode": "H"
    },
    "isAvailable": true,
    "isPriceAvailable": true,
    "inPromo": false,
    "gtin": [
      "05400141513073",
      "05400141239966",
      "15400141959441",
      "15400141239963",
      "05400141102284"
    ],
    "topCategoryName": "Zuivel",
    "topCategoryId": "65",
    "businessDomain": "RETAIL_BE",
    "IsPrivateLabel": true,
    "IsBiffe": false,
    "WeightconversionFactor": "0",
    "IsWeightArticle": false,
    "nutriscoreLabel": "D",
    "IsBio": false,
    "CountryOfOrigin": "NEDERLAND",
    "IsExclusivelySoldInLuxembourg": false,
    "OrderUnit": "P",
    "ShortName": "BONI SMEREN BAKKEN 1KG",
    "IsNew": false,
    "EcoscoreLabel": "C",
    "RecentQuanityOfStockUnits": "1,12",
    "LongName": "BONI margarine smeren bakken&braden 1kg",
    "AlcoholVolume": "0",
    "FicCode": "I",
    "EcoscoreValue": "59"
  },
  {
    "productId": "12000",
    "technicalArticleNumber": "1377162",
    "commercialArticleNumber": "26349",
    "name": "yoghurt mager fruit",
    "description": "*Mager\n*Met stukjes fruit",
    "brand": "DANONE",
    "seoBrand": "Danone",
    "thumbNail": "https://static.colruytgroup.com/images/200x200/std.lang.all/43/21/asset-3394321.jpg",
    "fullImage": "https://static.colruytgroup.com/images/500x500/std.lang.all/43/21/asset-3394321.jpg",
    "squareImage": "https://static.colruytgroup.com/images/500x500sq/std.lang.all/43/21/asset-3394321.jpg",
    "content": "12x125g",
    "walkRouteSequenceNumber": 5835,
    "price": {
      "basicPrice": 4.79,
      "recommendedQuantity": "1.0",
      "measurementUnitPrice": 3.2,
      "measurementUnit": "K",
      "isRedPrice": false,
      "pricePerUOM": 3.2,
      "activationDate": "26-01-2024",
      "recordSource": "Offline",
      "isPromoActive": "N",
      "priceChangeCode": "H"
    },
    "isAvailable": true,
    "isPriceAvailable": true,
    "inPromo": false,
    "gtin": [
      "05410146416200",
      "05410146418488",
      "15410146418485"
    ],
    "topCategoryName": "Zuivel",
    "topCategoryId": "65",
    "businessDomain": "RETAIL_BE",
    "IsPrivateLabel": false,
    "IsBiffe": false,
    "WeightconversionFactor": "0",
    "IsWeightArticle": false,
    "nutriscoreLabel": "B",
    "IsBio": false,
    "CountryOfOrigin": "BELGIË",
    "IsExclusivelySoldInLuxembourg": false,
    "OrderUnit": "P",
    "ShortName": "DAN.MAGER FR.YOGH12X125",
    "InSeason": true,
    "IsNew": false,
    "EcoscoreLabel": "A",
    "RecentQuanityOfStockUnits": "1",
    "LongName": "DANONE yoghurt mager fruit 12x125g",
    "AlcoholVolume": "0",
    "StartSeasonDate": "04/04/2019",
    "FicCode": "E",
    "EcoscoreValue": "88"
  },
  {
    "productId": "566320",
    "technicalArticleNumber": "4207880",
    "commercialArticleNumber": "16099",
    "name": "flan karamel",
    "brand": "EVERYDAY",
    "seoBrand": "Everyday",
    "thumbNail": "https://static.colruytgroup.com/images/200x200/std.lang.all/63/05/asset-2236305.jpg",
    "fullImage": "https://static.colruytgroup.com/images/500x500/std.lang.all/63/05/asset-2236305.jpg",
    "squareImage": "https://static.colruytgroup.com/images/500x500sq/std.lang.all/63/05/asset-2236305.jpg",
    "content": "4x100g",
    "walkRouteSequenceNumber": 5927,
    "price": {
      "basicPrice": 0.89,
      "recommendedQuantity": "1.0",
      "measurementUnitPrice": 2.23,
      "measurementUnit": "K",
      "isRedPrice": false,
      "pricePerUOM": 2.23,
      "activationDate": "09-05-2023",
      "recordSource": "Offline",
      "isPromoActive": "N",
      "priceChangeCode": "H"
    },
    "isAvailable": true,
    "isPriceAvailable": true,
    "inPromo": false,
    "gtin": [
      "15400141344346",
      "05400141344349",
      "15400141420514"
    ],
    "topCategoryName": "Zuivel",
    "topCategoryId": "65",
    "businessDomain": "RETAIL_BE",
    "IsPrivateLabel": true,
    "IsBiffe": false,
    "WeightconversionFactor": "0",
    "IsWeightArticle": false,
    "nutriscoreLabel": "C",
    "IsBio": false,
    "CountryOfOrigin": "FRANKRIJK",
    "IsExclusivelySoldInLuxembourg": false,
    "OrderUnit": "P",
    "ShortName": "EVD FL CARAMEL 4X100G",
    "IsNew": false,
    "EcoscoreLabel": "B",
    "RecentQuanityOfStockUnits": "12,1",
    "LongName": "EVERYDAY flan karamel 4x100g",
    "FicCode": "I",
    "EcoscoreValue": "67"
  },
  {
    "productId": "1863",
    "technicalArticleNumber": "26183",
    "commercialArticleNumber": "26183",
    "name": "yoghurt vol fruit",
    "description": "*Vol\n*Met aroma's",
    "brand": "EVERYDAY",
    "seoBrand": "Everyday",
    "thumbNail": "https://static.colruytgroup.com/images/200x200/std.lang.all/76/00/asset-2507600.jpg",
    "fullImage": "https://static.colruytgroup.com/images/500x500/std.lang.all/76/00/asset-2507600.jpg",
    "squareImage": "https://static.colruytgroup.com/images/500x500sq/std.lang.all/76/00/asset-2507600.jpg",
    "content": "12x125g",
    "walkRouteSequenceNumber": 5774,
    "price": {
      "basicPrice": 2.98,
      "recommendedQuantity": "1.0",
      "measurementUnitPrice": 1.99,
      "measurementUnit": "K",
      "isRedPrice": false,
      "pricePerUOM": 1.99,
      "activationDate": "14-11-2023",
      "recordSource": "Offline",
      "isPromoActive": "N",
      "priceChangeCode": "E"
    },
    "isAvailable": true,
    "isPriceAvailable": true,
    "inPromo": false,
    "gtin": [
      "05400141361834",
      "05400141636604",
      "05400141169706",
      "05400141358193",
      "15400141358190",
      "15400141957058",
      "15400141636601"
    ],
    "topCategoryName": "Zuivel",
    "topCategoryId": "65",
    "businessDomain": "RETAIL_BE",
    "IsPrivateLabel": true,
    "IsBiffe": false,
    "WeightconversionFactor": "0",
    "IsWeightArticle": false,
    "nutriscoreLabel": "C",
    "IsBio": false,
    "CountryOfOrigin": "FRANKRIJK",
    "IsExclusivelySoldInLuxembourg": false,
    "OrderUnit": "P",
    "ShortName": "EVD VOL FRYOG 12X125G",
    "IsNew": false,
    "EcoscoreLabel": "B",
    "RecentQuanityOfStockUnits": "4,1",
    "LongName": "EVERYDAY yoghurt vol fruit 12x125g",
    "AlcoholVolume": "0",
    "FicCode": "I",
    "EcoscoreValue": "63"
  },
  {
    "productId": "439142",
    "technicalArticleNumber": "3984730",
    "commercialArticleNumber": "3918",
    "name": "Ricotta",
    "description": "*Italïe\n*Gepasteuriseerd",
    "brand": "BONI",
    "seoBrand": "Boni Selection",
    "thumbNail": "https://static.colruytgroup.com/images/200x200/std.lang.all/11/26/asset-1731126.jpg",
    "fullImage": "https://static.colruytgroup.com/images/500x500/std.lang.all/11/26/asset-1731126.jpg",
    "squareImage": "https://static.colruytgroup.com/images/500x500sq/std.lang.all/11/26/asset-1731126.jpg",
    "content": "250g",
    "walkRouteSequenceNumber": 5214,
    "price": {
      "basicPrice": 0.95,
      "recommendedQuantity": "1.0",
      "measurementUnitPrice": 3.8,
      "measurementUnit": "K",
      "isRedPrice": false,
      "pricePerUOM": 3.8,
      "activationDate": "27-02-2024",
      "recordSource": "Offline",
      "isPromoActive": "N",
      "priceChangeCode": "E"
    },
    "isAvailable": true,
    "isPriceAvailable": true,
    "inPromo": false,
    "gtin": [
      "15400141130413",
      "05400141130416",
      "05400141144208"
    ],
    "topCategoryName": "Zuivel",
    "topCategoryId": "65",
    "businessDomain": "RETAIL_BE",
    "IsPrivateLabel": true,
    "IsBiffe": false,
    "WeightconversionFactor": "0",
    "IsWeightArticle": false,
    "nutriscoreLabel": "B",
    "IsBio": false,
    "CountryOfOrigin": "ITALIË",
    "IsExclusivelySoldInLuxembourg": false,
    "OrderUnit": "P",
    "ShortName": "BONI RICOTTA 250G",
    "IsNew": false,
    "EcoscoreLabel": "B",
    "RecentQuanityOfStockUnits": "1,6",
    "LongName": "BONI Ricotta 250g",
    "FicCode": "I",
    "EcoscoreValue": "79"
  },
  {
    "productId": "9",
    "technicalArticleNumber": "13805",
    "commercialArticleNumber": "13805",
    "name": "margarine bakken&braden",
    "description": "*Bakken\n*Vetgehalte: 78 %",
    "brand": "BONI",
    "seoBrand": "Boni Selection",
    "thumbNail": "https://static.colruytgroup.com/images/200x200/std.lang.all/45/38/asset-2214538.jpg",
    "fullImage": "https://static.colruytgroup.com/images/500x500/std.lang.all/45/38/asset-2214538.jpg",
    "squareImage": "https://static.colruytgroup.com/images/500x500sq/std.lang.all/45/38/asset-2214538.jpg",
    "content": "500g",
    "walkRouteSequenceNumber": 6039,
    "price": {
      "basicPrice": 1.39,
      "recommendedQuantity": "1.0",
      "measurementUnitPrice": 2.78,
      "measurementUnit": "K",
      "isRedPrice": false,
      "pricePerUOM": 2.78,
      "activationDate": "23-01-2024",
      "recordSource": "Offline",
      "isPromoActive": "N",
      "priceChangeCode": "H"
    },
    "isAvailable": true,
    "isPriceAvailable": true,
    "inPromo": false,
    "gtin": [
      "05400141070385",
      "05400141084252",
      "15400141239765",
      "05400141138061",
      "05400141239768",
      "05400141138054"
    ],
    "topCategoryName": "Zuivel",
    "topCategoryId": "65",
    "businessDomain": "RETAIL_BE",
    "IsPrivateLabel": true,
    "IsBiffe": false,
    "WeightconversionFactor": "0",
    "IsWeightArticle": false,
    "nutriscoreLabel": "E",
    "IsBio": false,
    "CountryOfOrigin": "BELGIË",
    "IsExclusivelySoldInLuxembourg": false,
    "OrderUnit": "P",
    "ShortName": "BONI BAK/BR.ALU500G",
    "IsNew": false,
    "EcoscoreLabel": "B",
    "RecentQuanityOfStockUnits": "1,16",
    "LongName": "BONI margarine bakken&braden 500g",
    "AlcoholVolume": "0",
    "FicCode": "I",
    "EcoscoreValue": "65"
  },
  {
    "productId": "10661",
    "technicalArticleNumber": "1396325",
    "commercialArticleNumber": "26733",
    "name": "geitenkaas rol gerijpt",
    "description": "*Frankrijk\n*Geitenkaas\n*Witschimmelkorst\n*Mild, fris",
    "brand": "EVERYDAY",
    "seoBrand": "Everyday",
    "thumbNail": "https://static.colruytgroup.com/images/200x200/std.lang.all/89/52/asset-1148952.jpg",
    "fullImage": "https://static.colruytgroup.com/images/500x500/std.lang.all/89/52/asset-1148952.jpg",
    "squareImage": "https://static.colruytgroup.com/images/500x500sq/std.lang.all/89/52/asset-1148952.jpg",
    "content": "180g",
    "walkRouteSequenceNumber": 4924,
    "price": {
      "basicPrice": 1.49,
      "recommendedQuantity": "1.0",
      "measurementUnitPrice": 8.28,
      "measurementUnit": "K",
      "isRedPrice": false,
      "pricePerUOM": 8.28,
      "activationDate": "14-11-2023",
      "recordSource": "Offline",
      "isPromoActive": "N",
      "priceChangeCode": "E"
    },
    "isAvailable": true,
    "isPriceAvailable": true,
    "inPromo": false,
    "gtin": [
      "05400141010831",
      "05400141167153",
      "15400141953890",
      "05400141042009",
      "15400141958574",
      "05400141958577"
    ],
    "topCategoryName": "Zuivel",
    "topCategoryId": "65",
    "businessDomain": "RETAIL_BE",
    "IsPrivateLabel": true,
    "IsBiffe": false,
    "WeightconversionFactor": "0",
    "IsWeightArticle": false,
    "nutriscoreLabel": "C",
    "IsBio": false,
    "CountryOfOrigin": "BELGIË",
    "IsExclusivelySoldInLuxembourg": false,
    "OrderUnit": "P",
    "ShortName": "EVD GEITKA.ROL GERIJ180",
    "IsNew": false,
    "EcoscoreLabel": "D",
    "RecentQuanityOfStockUnits": "1,6",
    "LongName": "EVERYDAY geitenkaas rol gerijpt 180g",
    "AlcoholVolume": "0",
    "FicCode": "I",
    "EcoscoreValue": "21"
  },
  {
    "productId": "344914",
    "technicalArticleNumber": "3829697",
    "commercialArticleNumber": "42217",
    "name": "aardbei",
    "description": "*Extra bevorderend\nvoor de darmflora",
    "brand": "ACTIMEL",
    "seoBrand": "Actimel",
    "thumbNail": "https://static.colruytgroup.com/images/200x200/std.lang.all/27/88/asset-3362788.jpg",
    "fullImage": "https://static.colruytgroup.com/images/500x500/std.lang.all/27/88/asset-3362788.jpg",
    "squareImage": "https://static.colruytgroup.com/images/500x500sq/std.lang.all/27/88/asset-3362788.jpg",
    "content": "14x100g",
    "walkRouteSequenceNumber": 5697,
    "price": {
      "basicPrice": 5.92,
      "recommendedQuantity": "1.0",
      "measurementUnitPrice": 4.23,
      "measurementUnit": "K",
      "isRedPrice": false,
      "pricePerUOM": 4.23,
      "activationDate": "14-03-2024",
      "recordSource": "Offline",
      "isPromoActive": "N",
      "priceChangeCode": "L"
    },
    "isAvailable": true,
    "isPriceAvailable": true,
    "inPromo": false,
    "gtin": [
      "15410146417334",
      "05410146417337"
    ],
    "topCategoryName": "Zuivel",
    "topCategoryId": "65",
    "businessDomain": "RETAIL_BE",
    "IsPrivateLabel": false,
    "IsBiffe": false,
    "WeightconversionFactor": "0",
    "IsWeightArticle": false,
    "nutriscoreLabel": "B",
    "IsBio": false,
    "CountryOfOrigin": "BELGIË",
    "IsExclusivelySoldInLuxembourg": false,
    "OrderUnit": "P",
    "ShortName": "DANO ACTI.AARDB.14X100G",
    "IsNew": false,
    "EcoscoreLabel": "B",
    "RecentQuanityOfStockUnits": "1",
    "LongName": "ACTIMEL aardbei 14x100g",
    "AlcoholVolume": "0",
    "FicCode": "E",
    "EcoscoreValue": "67"
  },
  {
    "productId": "574084",
    "technicalArticleNumber": "4220974",
    "commercialArticleNumber": "17670",
    "name": "griekse yoghurt 10%",
    "brand": "BONI",
    "seoBrand": "Boni Selection",
    "thumbNail": "https://static.colruytgroup.com/images/200x200/std.lang.all/87/98/asset-3208798.jpg",
    "fullImage": "https://static.colruytgroup.com/images/500x500/std.lang.all/87/98/asset-3208798.jpg",
    "squareImage": "https://static.colruytgroup.com/images/500x500sq/std.lang.all/87/98/asset-3208798.jpg",
    "content": "1kg",
    "walkRouteSequenceNumber": 5914,
    "price": {
      "basicPrice": 1.99,
      "recommendedQuantity": "1.0",
      "measurementUnitPrice": 1.99,
      "measurementUnit": "K",
      "isRedPrice": false,
      "pricePerUOM": 1.99,
      "activationDate": "17-02-2024",
      "recordSource": "Offline",
      "isPromoActive": "N",
      "priceChangeCode": "E"
    },
    "isAvailable": true,
    "isPriceAvailable": true,
    "inPromo": false,
    "gtin": [
      "15400141354253",
      "05400141354256",
      "15400141638056",
      "05400141638059"
    ],
    "topCategoryName": "Zuivel",
    "topCategoryId": "65",
    "businessDomain": "RETAIL_BE",
    "IsPrivateLabel": true,
    "IsBiffe": false,
    "WeightconversionFactor": "0",
    "IsWeightArticle": false,
    "nutriscoreLabel": "C",
    "IsBio": false,
    "CountryOfOrigin": "NEDERLAND",
    "IsExclusivelySoldInLuxembourg": false,
    "OrderUnit": "P",
    "ShortName": "BONI GRIEK.YOGH 10% 1KG",
    "IsNew": false,
    "EcoscoreLabel": "A",
    "RecentQuanityOfStockUnits": "1,6",
    "LongName": "BONI griekse yoghurt 10% 1kg",
    "FicCode": "I",
    "EcoscoreValue": "100"
  },
  {
    "productId": "109259",
    "technicalArticleNumber": "3110955",
    "commercialArticleNumber": "41550",
    "name": "zure room 30% vg",
    "description": "*Vetgehalte: 30 %\n*Romige toets in\nsoep, aardappelen en\nnagerechten/saus\ninkoken",
    "brand": "BONI",
    "seoBrand": "Boni Selection",
    "thumbNail": "https://static.colruytgroup.com/images/200x200/std.lang.all/20/33/asset-1242033.jpg",
    "fullImage": "https://static.colruytgroup.com/images/500x500/std.lang.all/20/33/asset-1242033.jpg",
    "squareImage": "https://static.colruytgroup.com/images/500x500sq/std.lang.all/20/33/asset-1242033.jpg",
    "content": "196g",
    "walkRouteSequenceNumber": 6022,
    "price": {
      "basicPrice": 1.29,
      "recommendedQuantity": "1.0",
      "measurementUnitPrice": 6.59,
      "measurementUnit": "K",
      "isRedPrice": false,
      "pricePerUOM": 6.59,
      "activationDate": "11-03-2024",
      "recordSource": "Offline",
      "isPromoActive": "N",
      "priceChangeCode": "E"
    },
    "isAvailable": true,
    "isPriceAvailable": true,
    "inPromo": false,
    "gtin": [
      "05400141135695",
      "05400141063592",
      "05400141102307",
      "05400141443967",
      "15400141959496"
    ],
    "topCategoryName": "Zuivel",
    "topCategoryId": "65",
    "businessDomain": "RETAIL_BE",
    "IsPrivateLabel": true,
    "IsBiffe": false,
    "WeightconversionFactor": "0",
    "IsWeightArticle": false,
    "nutriscoreLabel": "D",
    "IsBio": false,
    "CountryOfOrigin": "FRANKRIJK",
    "IsExclusivelySoldInLuxembourg": false,
    "OrderUnit": "P",
    "ShortName": "BONI ZURE ROOM 30 196G",
    "IsNew": false,
    "EcoscoreLabel": "B",
    "RecentQuanityOfStockUnits": "1",
    "LongName": "BONI zure room 30% vg 196g",
    "AlcoholVolume": "0",
    "FicCode": "I",
    "EcoscoreValue": "79"
  },
  {
    "productId": "529262",
    "technicalArticleNumber": "4118928",
    "commercialArticleNumber": "6344",
    "name": "jong sneetjes",
    "description": "*Nederland B.O.B.\n*Halfharde kaas\n*Met natuurkorst\n*Jong\n*O.b.v. gepast.melk",
    "brand": "NOORD HOLLANDER",
    "seoBrand": "Noord Hollander",
    "thumbNail": "https://static.colruytgroup.com/images/200x200/std.lang.all/74/06/asset-2717406.jpg",
    "fullImage": "https://static.colruytgroup.com/images/500x500/std.lang.all/74/06/asset-2717406.jpg",
    "squareImage": "https://static.colruytgroup.com/images/500x500sq/std.lang.all/74/06/asset-2717406.jpg",
    "content": "400g",
    "walkRouteSequenceNumber": 6216,
    "price": {
      "basicPrice": 5.89,
      "recommendedQuantity": "1.0",
      "measurementUnitPrice": 14.73,
      "measurementUnit": "K",
      "isRedPrice": false,
      "pricePerUOM": 14.73,
      "activationDate": "13-03-2024",
      "isPromoActive": "N",
      "priceChangeCode": "E"
    },
    "isAvailable": true,
    "isPriceAvailable": true,
    "inPromo": false,
    "gtin": [
      "05400141409413",
      "25400141409417",
      "05400141561739",
      "05400141297430"
    ],
    "topCategoryName": "Zuivel",
    "topCategoryId": "65",
    "businessDomain": "RETAIL_BE",
    "IsPrivateLabel": false,
    "IsBiffe": false,
    "WeightconversionFactor": "0",
    "IsWeightArticle": false,
    "nutriscoreLabel": "D",
    "IsBio": false,
    "CountryOfOrigin": "BELGIË",
    "IsExclusivelySoldInLuxembourg": false,
    "OrderUnit": "P",
    "ShortName": "NOHO JONG GOUDA SN 400G",
    "IsNew": false,
    "EcoscoreLabel": "C",
    "RecentQuanityOfStockUnits": "1",
    "LongName": "NOORD HOLLANDER jong sneetjes 400g",
    "FicCode": "I",
    "EcoscoreValue": "59"
  },
  {
    "productId": "882598",
    "technicalArticleNumber": "4740585",
    "commercialArticleNumber": "13316",
    "name": "bakken en braden palmolievrij",
    "description": "*Margarine\n*Omega 3\n*Palmolievrij",
    "brand": "BECEL",
    "seoBrand": "Becel",
    "thumbNail": "https://static.colruytgroup.com/images/200x200/std.lang.all/99/99/asset-3339999.jpg",
    "fullImage": "https://static.colruytgroup.com/images/500x500/std.lang.all/99/99/asset-3339999.jpg",
    "squareImage": "https://static.colruytgroup.com/images/500x500sq/std.lang.all/99/99/asset-3339999.jpg",
    "content": "450g",
    "walkRouteSequenceNumber": 6012,
    "price": {
      "basicPrice": 2.85,
      "recommendedQuantity": "1.0",
      "measurementUnitPrice": 6.34,
      "measurementUnit": "K",
      "isRedPrice": false,
      "pricePerUOM": 6.34,
      "activationDate": "13-03-2024",
      "recordSource": "Offline",
      "isPromoActive": "N",
      "priceChangeCode": "E"
    },
    "isAvailable": true,
    "isPriceAvailable": true,
    "inPromo": false,
    "gtin": [
      "08719200258723",
      "08719200258730"
    ],
    "topCategoryName": "Zuivel",
    "topCategoryId": "65",
    "businessDomain": "RETAIL_BE",
    "IsPrivateLabel": false,
    "IsBiffe": false,
    "WeightconversionFactor": "0",
    "IsWeightArticle": false,
    "nutriscoreLabel": "D",
    "IsBio": false,
    "CountryOfOrigin": "NEDERLAND",
    "IsExclusivelySoldInLuxembourg": false,
    "OrderUnit": "P",
    "ShortName": "BECE BAKKEN&BRADEN 450G",
    "IsNew": false,
    "EcoscoreLabel": "C",
    "RecentQuanityOfStockUnits": "8,1",
    "LongName": "BECEL bakken en braden palmolievrij 450g",
    "FicCode": "E",
    "EcoscoreValue": "46"
  },
  {
    "productId": "671039",
    "technicalArticleNumber": "4383966",
    "commercialArticleNumber": "24419",
    "name": "volle yogh. natuur",
    "description": "*Vol",
    "brand": "OIKOS",
    "seoBrand": "Oikos",
    "thumbNail": "https://static.colruytgroup.com/images/200x200/std.lang.all/62/48/asset-2356248.jpg",
    "fullImage": "https://static.colruytgroup.com/images/500x500/std.lang.all/62/48/asset-2356248.jpg",
    "squareImage": "https://static.colruytgroup.com/images/500x500sq/std.lang.all/62/48/asset-2356248.jpg",
    "content": "4x115g",
    "walkRouteSequenceNumber": 5911,
    "price": {
      "basicPrice": 2.69,
      "recommendedQuantity": "1.0",
      "measurementUnitPrice": 5.85,
      "measurementUnit": "K",
      "isRedPrice": false,
      "pricePerUOM": 5.85,
      "activationDate": "15-02-2024",
      "recordSource": "Offline",
      "isPromoActive": "N",
      "priceChangeCode": "E"
    },
    "isAvailable": true,
    "isPriceAvailable": true,
    "inPromo": false,
    "gtin": [
      "05410146419942"
    ],
    "topCategoryName": "Zuivel",
    "topCategoryId": "65",
    "businessDomain": "RETAIL_BE",
    "IsPrivateLabel": false,
    "IsBiffe": false,
    "WeightconversionFactor": "0",
    "IsWeightArticle": false,
    "nutriscoreLabel": "C",
    "IsBio": false,
    "CountryOfOrigin": "DUITSLAND",
    "IsExclusivelySoldInLuxembourg": false,
    "OrderUnit": "P",
    "ShortName": "DANO OIK. NATUUR 4X115G",
    "IsNew": false,
    "EcoscoreLabel": "A",
    "RecentQuanityOfStockUnits": "1",
    "LongName": "OIKOS volle yogh. natuur 4x115g",
    "FicCode": "E",
    "EcoscoreValue": "92"
  },
  {
    "productId": "6735",
    "technicalArticleNumber": "1184214",
    "commercialArticleNumber": "26173",
    "name": "slagroom spuitbus",
    "brand": "EVERYDAY",
    "seoBrand": "Everyday",
    "thumbNail": "https://static.colruytgroup.com/images/200x200/std.lang.all/99/87/asset-3279987.jpg",
    "fullImage": "https://static.colruytgroup.com/images/500x500/std.lang.all/99/87/asset-3279987.jpg",
    "squareImage": "https://static.colruytgroup.com/images/500x500sq/std.lang.all/99/87/asset-3279987.jpg",
    "content": "242ml",
    "walkRouteSequenceNumber": 6019,
    "price": {
      "basicPrice": 1.19,
      "recommendedQuantity": "1.0",
      "measurementUnitPrice": 4.92,
      "measurementUnit": "L",
      "isRedPrice": false,
      "pricePerUOM": 4.92,
      "activationDate": "19-03-2024",
      "recordSource": "Offline",
      "isPromoActive": "N",
      "priceChangeCode": "H"
    },
    "isAvailable": true,
    "isPriceAvailable": true,
    "inPromo": false,
    "gtin": [
      "05400141609165",
      "05400141043822",
      "15400141907428",
      "05400141006087",
      "15400141006084",
      "15400141609162"
    ],
    "topCategoryName": "Zuivel",
    "topCategoryId": "65",
    "businessDomain": "RETAIL_BE",
    "IsPrivateLabel": true,
    "IsBiffe": false,
    "WeightconversionFactor": "0",
    "IsWeightArticle": false,
    "nutriscoreLabel": "D",
    "IsBio": false,
    "CountryOfOrigin": "BELGIË",
    "IsExclusivelySoldInLuxembourg": false,
    "OrderUnit": "P",
    "ShortName": "EVD ROOMBUS 242ML",
    "IsNew": false,
    "EcoscoreLabel": "A",
    "RecentQuanityOfStockUnits": "12,1",
    "LongName": "EVERYDAY slagroom spuitbus 242ml",
    "AlcoholVolume": "0",
    "FicCode": "I",
    "EcoscoreValue": "83"
  },
  {
    "productId": "1882",
    "technicalArticleNumber": "26444",
    "commercialArticleNumber": "26444",
    "name": "pannenkoeken 11st",
    "brand": "BONI",
    "seoBrand": "Boni Selection",
    "thumbNail": "https://static.colruytgroup.com/images/200x200/std.lang.all/02/27/asset-2480227.jpg",
    "fullImage": "https://static.colruytgroup.com/images/500x500/std.lang.all/02/27/asset-2480227.jpg",
    "squareImage": "https://static.colruytgroup.com/images/500x500sq/std.lang.all/02/27/asset-2480227.jpg",
    "content": "600g",
    "walkRouteSequenceNumber": 6111,
    "price": {
      "basicPrice": 2.35,
      "recommendedQuantity": "1.0",
      "measurementUnitPrice": 3.92,
      "measurementUnit": "K",
      "isRedPrice": false,
      "pricePerUOM": 3.92,
      "activationDate": "17-02-2024",
      "recordSource": "Offline",
      "isPromoActive": "N",
      "priceChangeCode": "E"
    },
    "isAvailable": true,
    "isPriceAvailable": true,
    "inPromo": false,
    "gtin": [
      "05400141958539",
      "15400141958536",
      "15400141920045",
      "05400141036329",
      "05400141081695",
      "05400141244489",
      "05400141464443",
      "15400141244509"
    ],
    "topCategoryName": "Bereidingen/Charcuterie/Vis/Veggie",
    "topCategoryId": "105",
    "businessDomain": "RETAIL_BE",
    "IsPrivateLabel": true,
    "IsBiffe": false,
    "WeightconversionFactor": "0",
    "IsWeightArticle": false,
    "nutriscoreLabel": "C",
    "IsBio": false,
    "CountryOfOrigin": "BELGIË",
    "IsExclusivelySoldInLuxembourg": false,
    "OrderUnit": "P",
    "ShortName": "BONI PANNENK 600G",
    "IsNew": false,
    "EcoscoreLabel": "A",
    "RecentQuanityOfStockUnits": "8,1",
    "LongName": "BONI pannenkoeken 11st 600g",
    "AlcoholVolume": "0",
    "FicCode": "I",
    "EcoscoreValue": "90"
  },
  {
    "productId": "419055",
    "technicalArticleNumber": "3941633",
    "commercialArticleNumber": "1380",
    "name": "emmental 10 sneden",
    "brand": "BONI",
    "seoBrand": "Boni Selection",
    "thumbNail": "https://static.colruytgroup.com/images/200x200/std.lang.all/90/34/asset-3349034.jpg",
    "fullImage": "https://static.colruytgroup.com/images/500x500/std.lang.all/90/34/asset-3349034.jpg",
    "squareImage": "https://static.colruytgroup.com/images/500x500sq/std.lang.all/90/34/asset-3349034.jpg",
    "content": "250g",
    "walkRouteSequenceNumber": 6113,
    "price": {
      "basicPrice": 1.73,
      "recommendedQuantity": "1.0",
      "measurementUnitPrice": 6.92,
      "measurementUnit": "K",
      "isRedPrice": false,
      "pricePerUOM": 6.92,
      "activationDate": "15-02-2024",
      "recordSource": "Offline",
      "isPromoActive": "N",
      "priceChangeCode": "H"
    },
    "isAvailable": true,
    "isPriceAvailable": true,
    "inPromo": false,
    "gtin": [
      "05400141012927",
      "15400141012924",
      "05400141868111"
    ],
    "topCategoryName": "Zuivel",
    "topCategoryId": "65",
    "businessDomain": "RETAIL_BE",
    "IsPrivateLabel": true,
    "IsBiffe": false,
    "WeightconversionFactor": "0",
    "IsWeightArticle": false,
    "nutriscoreLabel": "C",
    "IsBio": false,
    "CountryOfOrigin": "DUITSLAND",
    "IsExclusivelySoldInLuxembourg": false,
    "OrderUnit": "P",
    "ShortName": "BONI EMMENTAL 10SN.250G",
    "IsNew": false,
    "EcoscoreLabel": "C",
    "RecentQuanityOfStockUnits": "1,36",
    "LongName": "BONI emmental 10 sneden 250g",
    "FicCode": "I",
    "EcoscoreValue": "43"
  },
  {
    "productId": "708701",
    "technicalArticleNumber": "4448359",
    "commercialArticleNumber": "26319",
    "name": "Koekaas blokje 45+",
    "description": "*45+",
    "brand": "BONI",
    "seoBrand": "Boni Selection",
    "thumbNail": "https://static.colruytgroup.com/images/200x200/std.lang.all/70/31/asset-2517031.jpg",
    "fullImage": "https://static.colruytgroup.com/images/500x500/std.lang.all/70/31/asset-2517031.jpg",
    "squareImage": "https://static.colruytgroup.com/images/500x500sq/std.lang.all/70/31/asset-2517031.jpg",
    "content": "200g",
    "walkRouteSequenceNumber": 5217,
    "price": {
      "basicPrice": 1.59,
      "recommendedQuantity": "1.0",
      "measurementUnitPrice": 7.95,
      "measurementUnit": "K",
      "isRedPrice": false,
      "pricePerUOM": 7.95,
      "activationDate": "18-03-2024",
      "isPromoActive": "N",
      "priceChangeCode": "E"
    },
    "isAvailable": true,
    "isPriceAvailable": true,
    "inPromo": false,
    "gtin": [
      "05400141720341",
      "15400141720348"
    ],
    "topCategoryName": "Zuivel",
    "topCategoryId": "65",
    "businessDomain": "RETAIL_BE",
    "IsPrivateLabel": true,
    "IsBiffe": false,
    "WeightconversionFactor": "0",
    "IsWeightArticle": false,
    "nutriscoreLabel": "C",
    "IsBio": false,
    "CountryOfOrigin": "DENEMARKEN",
    "IsExclusivelySoldInLuxembourg": false,
    "OrderUnit": "P",
    "ShortName": "BONI KOEKAAS BLOKJE200G",
    "IsNew": false,
    "EcoscoreLabel": "C",
    "RecentQuanityOfStockUnits": "1,16",
    "LongName": "BONI Koekaas blokje 45+ 200g",
    "FicCode": "I",
    "EcoscoreValue": "57"
  },
  {
    "productId": "2057",
    "technicalArticleNumber": "26105",
    "commercialArticleNumber": "26105",
    "name": "kruimeldeeg",
    "description": "*Kant- en klaar\n*Geschikt voor zoete\nbereidingen",
    "brand": "BONI",
    "seoBrand": "Boni Selection",
    "thumbNail": "https://static.colruytgroup.com/images/200x200/std.lang.all/11/16/asset-1921116.jpg",
    "fullImage": "https://static.colruytgroup.com/images/500x500/std.lang.all/11/16/asset-1921116.jpg",
    "squareImage": "https://static.colruytgroup.com/images/500x500sq/std.lang.all/11/16/asset-1921116.jpg",
    "content": "230g",
    "walkRouteSequenceNumber": 6060,
    "price": {
      "basicPrice": 0.8,
      "recommendedQuantity": "1.0",
      "measurementUnitPrice": 3.48,
      "measurementUnit": "K",
      "isRedPrice": false,
      "pricePerUOM": 3.48,
      "activationDate": "20-03-2024",
      "recordSource": "Folder",
      "isPromoActive": "N",
      "priceChangeCode": "L"
    },
    "isAvailable": true,
    "isPriceAvailable": true,
    "inPromo": false,
    "gtin": [
      "05400141164510",
      "05400141244540",
      "15400141244547",
      "15400141461050",
      "15400141921707",
      "15400141584766",
      "05400141584769"
    ],
    "topCategoryName": "Bereidingen/Charcuterie/Vis/Veggie",
    "topCategoryId": "105",
    "businessDomain": "RETAIL_BE",
    "IsPrivateLabel": true,
    "IsBiffe": false,
    "WeightconversionFactor": "0",
    "IsWeightArticle": false,
    "nutriscoreLabel": "D",
    "IsBio": false,
    "CountryOfOrigin": "FRANKRIJK",
    "IsExclusivelySoldInLuxembourg": false,
    "OrderUnit": "P",
    "ShortName": "BONI KRUIMELDEEG 230G",
    "IsNew": false,
    "EcoscoreLabel": "B",
    "RecentQuanityOfStockUnits": "1,10",
    "LongName": "BONI kruimeldeeg 230g",
    "AlcoholVolume": "0",
    "FicCode": "I",
    "EcoscoreValue": "67"
  },
  {
    "productId": "2127",
    "technicalArticleNumber": "26708",
    "commercialArticleNumber": "26708",
    "name": "karneboter ongezouten",
    "description": "*Gekarnde boter\n*Vetgehalte: 82 %\n*Ongezouten\n*Belgisch",
    "brand": "BONI BIO",
    "seoBrand": "Boni Selection Bio",
    "thumbNail": "https://static.colruytgroup.com/images/200x200/std.lang.all/81/13/asset-3028113.jpg",
    "fullImage": "https://static.colruytgroup.com/images/500x500/std.lang.all/81/13/asset-3028113.jpg",
    "squareImage": "https://static.colruytgroup.com/images/500x500sq/std.lang.all/81/13/asset-3028113.jpg",
    "content": "250g",
    "walkRouteSequenceNumber": 6140,
    "price": {
      "basicPrice": 2.99,
      "recommendedQuantity": "1.0",
      "measurementUnitPrice": 11.96,
      "measurementUnit": "K",
      "isRedPrice": false,
      "pricePerUOM": 11.96,
      "activationDate": "21-03-2024",
      "recordSource": "Offline",
      "isPromoActive": "N",
      "priceChangeCode": "E"
    },
    "isAvailable": true,
    "isPriceAvailable": true,
    "inPromo": false,
    "gtin": [
      "05400141261448",
      "05400141267082",
      "05400141420494",
      "05400141885217",
      "15400141420491",
      "15400141906339",
      "05400141250121"
    ],
    "topCategoryName": "Zuivel",
    "topCategoryId": "65",
    "businessDomain": "RETAIL_BE",
    "IsPrivateLabel": true,
    "IsBiffe": false,
    "WeightconversionFactor": "0",
    "IsWeightArticle": false,
    "nutriscoreLabel": "E",
    "IsBio": true,
    "CountryOfOrigin": "BELGIË",
    "IsExclusivelySoldInLuxembourg": false,
    "OrderUnit": "P",
    "ShortName": "BONI BIO BOTER 250G",
    "IsNew": false,
    "EcoscoreLabel": "C",
    "RecentQuanityOfStockUnits": "1,16",
    "LongName": "BONI BIO karneboter ongezouten 250g",
    "AlcoholVolume": "0",
    "FicCode": "I",
    "EcoscoreValue": "52"
  },
  {
    "productId": "10932",
    "technicalArticleNumber": "1367547",
    "commercialArticleNumber": "16853",
    "name": "aperitiefkaasjes Nature",
    "description": "*Frankrijk\n*Verse kaas\n*Aperitiefblokjes",
    "brand": "APÉRICUBE",
    "seoBrand": "Apéricube",
    "thumbNail": "https://static.colruytgroup.com/images/200x200/std.lang.all/23/16/asset-392316.jpg",
    "fullImage": "https://static.colruytgroup.com/images/500x500/std.lang.all/23/16/asset-392316.jpg",
    "squareImage": "https://static.colruytgroup.com/images/500x500sq/std.lang.all/23/16/asset-392316.jpg",
    "content": "48st",
    "walkRouteSequenceNumber": 5209,
    "price": {
      "basicPrice": 7.85,
      "recommendedQuantity": "1.0",
      "measurementUnitPrice": 31.4,
      "measurementUnit": "K",
      "isRedPrice": false,
      "pricePerUOM": 31.4,
      "activationDate": "09-01-2024",
      "recordSource": "Offline",
      "isPromoActive": "N",
      "priceChangeCode": "E"
    },
    "isAvailable": true,
    "isPriceAvailable": true,
    "inPromo": false,
    "gtin": [
      "03073780857406",
      "03073780857413",
      "03073780968775"
    ],
    "topCategoryName": "Zuivel",
    "topCategoryId": "65",
    "businessDomain": "RETAIL_BE",
    "IsPrivateLabel": false,
    "IsBiffe": false,
    "WeightconversionFactor": "0",
    "IsWeightArticle": false,
    "nutriscoreLabel": "E",
    "IsBio": false,
    "CountryOfOrigin": "BELGIË",
    "IsExclusivelySoldInLuxembourg": false,
    "OrderUnit": "P",
    "ShortName": "APERICUBE NATUUR 250G",
    "IsNew": false,
    "EcoscoreLabel": "D",
    "RecentQuanityOfStockUnits": "1",
    "LongName": "APÉRICUBE aperitiefkaasjes Nature 48st",
    "AlcoholVolume": "0",
    "FicCode": "E",
    "EcoscoreValue": "30"
  },
  {
    "productId": "571256",
    "technicalArticleNumber": "4216433",
    "commercialArticleNumber": "8516",
    "name": "sneetjes",
    "description": "*Half harde\nBelgische kaas\n*Vegetarisch",
    "brand": "WESTHOEK",
    "seoBrand": "Westhoek",
    "thumbNail": "https://static.colruytgroup.com/images/200x200/std.lang.all/10/86/asset-2071086.jpg",
    "fullImage": "https://static.colruytgroup.com/images/500x500/std.lang.all/10/86/asset-2071086.jpg",
    "squareImage": "https://static.colruytgroup.com/images/500x500sq/std.lang.all/10/86/asset-2071086.jpg",
    "content": "200g",
    "walkRouteSequenceNumber": 6195,
    "price": {
      "basicPrice": 3.89,
      "recommendedQuantity": "1.0",
      "measurementUnitPrice": 19.45,
      "measurementUnit": "K",
      "isRedPrice": false,
      "pricePerUOM": 19.45,
      "activationDate": "02-11-2023",
      "isPromoActive": "N",
      "priceChangeCode": "E"
    },
    "isAvailable": true,
    "isPriceAvailable": true,
    "inPromo": false,
    "gtin": [
      "05400141352856"
    ],
    "topCategoryName": "Zuivel",
    "topCategoryId": "65",
    "businessDomain": "RETAIL_BE",
    "IsPrivateLabel": false,
    "IsBiffe": false,
    "WeightconversionFactor": "0",
    "IsWeightArticle": false,
    "nutriscoreLabel": "D",
    "IsBio": false,
    "CountryOfOrigin": "BELGIË",
    "IsExclusivelySoldInLuxembourg": false,
    "OrderUnit": "P",
    "ShortName": "WESTHOEK SNEETJES 200G",
    "IsNew": false,
    "RecentQuanityOfStockUnits": "1",
    "LongName": "WESTHOEK sneetjes 200g",
    "FicCode": "I"
  },
  {
    "productId": "795948",
    "technicalArticleNumber": "4605699",
    "commercialArticleNumber": "24424",
    "name": "gatenkaas sneetjes",
    "description": "*Belgisch\n*Halfharde kaas\n(45+)",
    "brand": "PASSENDALE",
    "seoBrand": "Passendale",
    "thumbNail": "https://static.colruytgroup.com/images/200x200/std.lang.all/39/77/asset-3003977.jpg",
    "fullImage": "https://static.colruytgroup.com/images/500x500/std.lang.all/39/77/asset-3003977.jpg",
    "squareImage": "https://static.colruytgroup.com/images/500x500sq/std.lang.all/39/77/asset-3003977.jpg",
    "content": "150g",
    "walkRouteSequenceNumber": 6189,
    "price": {
      "basicPrice": 4.59,
      "recommendedQuantity": "1.0",
      "measurementUnitPrice": 30.6,
      "measurementUnit": "K",
      "isRedPrice": false,
      "pricePerUOM": 30.6,
      "activationDate": "15-03-2024",
      "recordSource": "Offline",
      "isPromoActive": "N",
      "priceChangeCode": "E"
    },
    "isAvailable": true,
    "isPriceAvailable": true,
    "inPromo": true,
    "promotion": [
      {
        "techPromoId": "100847COLR",
        "promotionId": "100847",
        "promotionType": "3",
        "isPersonalized": "N",
        "publicationStartDate": "13-03-2024",
        "publicationEndDate": "26-03-2024"
      }
    ],
    "gtin": [
      "05410942109566"
    ],
    "topCategoryName": "Zuivel",
    "topCategoryId": "65",
    "businessDomain": "RETAIL_BE",
    "IsPrivateLabel": false,
    "IsBiffe": false,
    "WeightconversionFactor": "0",
    "IsWeightArticle": false,
    "nutriscoreLabel": "D",
    "IsBio": false,
    "CountryOfOrigin": "BELGIË",
    "IsExclusivelySoldInLuxembourg": false,
    "OrderUnit": "P",
    "ShortName": "PASS GATENKS SN 150G",
    "InSeason": true,
    "IsNew": false,
    "RecentQuanityOfStockUnits": "1",
    "LongName": "PASSENDALE gatenkaas sneetjes 150g",
    "StartSeasonDate": "26/06/2023",
    "FicCode": "E"
  },
  {
    "productId": "356403",
    "technicalArticleNumber": "3855563",
    "commercialArticleNumber": "21882",
    "name": "gepaneerde geitenkaasjes",
    "description": "*Frankrijk\n*Gepasteuriseerde\ngeitenkaas",
    "brand": "SOIGNON",
    "seoBrand": "Soignon",
    "thumbNail": "https://static.colruytgroup.com/images/200x200/std.lang.all/81/22/asset-1518122.jpg",
    "fullImage": "https://static.colruytgroup.com/images/500x500/std.lang.all/81/22/asset-1518122.jpg",
    "squareImage": "https://static.colruytgroup.com/images/500x500sq/std.lang.all/81/22/asset-1518122.jpg",
    "content": "100g",
    "walkRouteSequenceNumber": 5200,
    "price": {
      "basicPrice": 3.99,
      "recommendedQuantity": "1.0",
      "measurementUnitPrice": 39.9,
      "measurementUnit": "K",
      "isRedPrice": false,
      "pricePerUOM": 39.9,
      "activationDate": "15-03-2024",
      "recordSource": "Offline",
      "isPromoActive": "N",
      "priceChangeCode": "E"
    },
    "isAvailable": true,
    "isPriceAvailable": true,
    "inPromo": true,
    "promotion": [
      {
        "techPromoId": "100839COLR",
        "promotionId": "100839",
        "promotionType": "3",
        "isPersonalized": "N",
        "publicationStartDate": "13-03-2024",
        "publicationEndDate": "26-03-2024"
      }
    ],
    "gtin": [
      "03523230046404",
      "03523230046411"
    ],
    "topCategoryName": "Zuivel",
    "topCategoryId": "65",
    "businessDomain": "RETAIL_BE",
    "IsPrivateLabel": false,
    "IsBiffe": false,
    "WeightconversionFactor": "0",
    "IsWeightArticle": false,
    "nutriscoreLabel": "D",
    "IsBio": false,
    "CountryOfOrigin": "BELGIË",
    "IsExclusivelySoldInLuxembourg": false,
    "OrderUnit": "P",
    "ShortName": "SOIG GEITK.GEPAN. 100G",
    "IsNew": false,
    "EcoscoreLabel": "D",
    "RecentQuanityOfStockUnits": "1",
    "LongName": "SOIGNON gepaneerde geitenkaasjes 100g",
    "AlcoholVolume": "0",
    "FicCode": "E",
    "EcoscoreValue": "36"
  },
  {
    "productId": "745512",
    "technicalArticleNumber": "4513322",
    "commercialArticleNumber": "6596",
    "name": "sojaproduct met aardbeien",
    "description": "*Gefermenteerd\nsojaproduct met\naardbeien, verrijkt\nmet calcium en\nvitamines",
    "brand": "BONI",
    "seoBrand": "Boni Selection",
    "thumbNail": "https://static.colruytgroup.com/images/200x200/std.lang.all/18/26/asset-3031826.jpg",
    "fullImage": "https://static.colruytgroup.com/images/500x500/std.lang.all/18/26/asset-3031826.jpg",
    "squareImage": "https://static.colruytgroup.com/images/500x500sq/std.lang.all/18/26/asset-3031826.jpg",
    "content": "500g",
    "walkRouteSequenceNumber": 5857,
    "price": {
      "basicPrice": 1.99,
      "recommendedQuantity": "1.0",
      "measurementUnitPrice": 3.98,
      "measurementUnit": "K",
      "isRedPrice": false,
      "pricePerUOM": 3.98,
      "activationDate": "14-03-2024",
      "recordSource": "Offline",
      "isPromoActive": "N",
      "priceChangeCode": "E"
    },
    "isAvailable": true,
    "isPriceAvailable": true,
    "inPromo": false,
    "gtin": [
      "15400141888048",
      "05400141888041"
    ],
    "topCategoryName": "Zuivel",
    "topCategoryId": "65",
    "businessDomain": "RETAIL_BE",
    "IsPrivateLabel": true,
    "IsBiffe": false,
    "WeightconversionFactor": "0",
    "IsWeightArticle": false,
    "nutriscoreLabel": "A",
    "IsBio": false,
    "CountryOfOrigin": "DUITSLAND",
    "IsExclusivelySoldInLuxembourg": false,
    "OrderUnit": "P",
    "ShortName": "BONI SOYA AARDBEIEN500G",
    "IsNew": false,
    "EcoscoreLabel": "B",
    "RecentQuanityOfStockUnits": "1,6",
    "LongName": "BONI sojaproduct met aardbeien 500g",
    "FicCode": "I",
    "EcoscoreValue": "79"
  },
  {
    "productId": "361210",
    "technicalArticleNumber": "3789238",
    "commercialArticleNumber": "40494",
    "name": "Vijgenbrood met amandelen",
    "description": "*Spanje\n*Met vijgen en\namandelen\n*Glutenvrij",
    "brand": "ANA LUZ",
    "seoBrand": "Ana Luz",
    "thumbNail": "https://static.colruytgroup.com/images/200x200/std.lang.all/33/27/asset-2623327.jpg",
    "fullImage": "https://static.colruytgroup.com/images/500x500/std.lang.all/33/27/asset-2623327.jpg",
    "squareImage": "https://static.colruytgroup.com/images/500x500sq/std.lang.all/33/27/asset-2623327.jpg",
    "content": "200g",
    "walkRouteSequenceNumber": 5149,
    "price": {
      "basicPrice": 3.5,
      "recommendedQuantity": "1.0",
      "quantityPrice": 3.22,
      "quantityPriceQuantity": "3.0",
      "measurementUnitPrice": 17.5,
      "measurementUnitQuantityPrice": 16.1,
      "measurementUnit": "K",
      "isRedPrice": false,
      "pricePerUOM": 17.5,
      "activationDate": "22-12-2023",
      "recordSource": "Offline",
      "isPromoActive": "N",
      "priceChangeCode": "E",
      "quantityPricePerUOM": 16.1,
      "quantityActivationDate": "22-12-2023",
      "quantityPriceChangeCode": "E"
    },
    "isAvailable": true,
    "isPriceAvailable": true,
    "inPromo": false,
    "gtin": [
      "54250370501350",
      "05425037050135"
    ],
    "topCategoryName": "Zuivel",
    "topCategoryId": "65",
    "businessDomain": "RETAIL_BE",
    "IsPrivateLabel": false,
    "IsBiffe": false,
    "WeightconversionFactor": "0",
    "IsWeightArticle": false,
    "nutriscoreLabel": "C",
    "IsBio": false,
    "CountryOfOrigin": "BELGIË",
    "IsExclusivelySoldInLuxembourg": false,
    "OrderUnit": "P",
    "ShortName": "VIJGENBR GECAR.NOT.200G",
    "InSeason": true,
    "IsNew": false,
    "EcoscoreLabel": "D",
    "RecentQuanityOfStockUnits": "1",
    "LongName": "ANA LUZ Vijgenbrood met amandelen 200g",
    "AlcoholVolume": "0",
    "StartSeasonDate": "09/08/2022",
    "FicCode": "E",
    "EcoscoreValue": "29"
  },
  {
    "productId": "633699",
    "technicalArticleNumber": "4321564",
    "commercialArticleNumber": "14207",
    "name": "Herve à la bière",
    "description": "*Herve AOP-kaas\ngerijpt met Belgisch\nabdijbier.\n*Zachte kaas\nmet gewassen korst.",
    "brand": "VAL-DIEU",
    "seoBrand": "Val-Dieu",
    "thumbNail": "https://static.colruytgroup.com/images/200x200/std.lang.all/09/43/asset-2220943.jpg",
    "fullImage": "https://static.colruytgroup.com/images/500x500/std.lang.all/09/43/asset-2220943.jpg",
    "squareImage": "https://static.colruytgroup.com/images/500x500sq/std.lang.all/09/43/asset-2220943.jpg",
    "content": "200g",
    "walkRouteSequenceNumber": 5129,
    "price": {
      "basicPrice": 4.99,
      "recommendedQuantity": "1.0",
      "measurementUnitPrice": 24.95,
      "measurementUnit": "K",
      "isRedPrice": false,
      "pricePerUOM": 24.95,
      "activationDate": "02-02-2023",
      "isPromoActive": "N",
      "priceChangeCode": "H"
    },
    "isAvailable": true,
    "isPriceAvailable": true,
    "inPromo": false,
    "gtin": [
      "15411021104042",
      "05411021104045"
    ],
    "topCategoryName": "Zuivel",
    "topCategoryId": "65",
    "businessDomain": "RETAIL_BE",
    "IsPrivateLabel": false,
    "IsBiffe": false,
    "WeightconversionFactor": "0",
    "IsWeightArticle": false,
    "IsBio": false,
    "CountryOfOrigin": "BELGIË",
    "IsExclusivelySoldInLuxembourg": false,
    "OrderUnit": "P",
    "ShortName": "VADI HERVE A BIERE 200G",
    "IsNew": false,
    "RecentQuanityOfStockUnits": "1",
    "LongName": "VAL-DIEU Herve à la bière 200g",
    "FicCode": "E"
  },
  {
    "productId": "818255",
    "technicalArticleNumber": "4649337",
    "commercialArticleNumber": "2574",
    "name": "Franse gruyère blok",
    "description": "*Frans\n*Harde kaas\n*O.b.v. rauwe melk",
    "brand": "BONI",
    "seoBrand": "Boni Selection",
    "thumbNail": "https://static.colruytgroup.com/images/200x200/std.lang.all/37/88/asset-3233788.jpg",
    "fullImage": "https://static.colruytgroup.com/images/500x500/std.lang.all/37/88/asset-3233788.jpg",
    "squareImage": "https://static.colruytgroup.com/images/500x500sq/std.lang.all/37/88/asset-3233788.jpg",
    "content": "±300g",
    "walkRouteSequenceNumber": 5660,
    "price": {
      "basicPrice": 25.9,
      "recommendedQuantity": "1.0",
      "unit": "K",
      "measurementUnitPrice": 25.9,
      "measurementUnit": "K",
      "isRedPrice": false,
      "pricePerUOM": 25.9,
      "activationDate": "10-01-2024",
      "isPromoActive": "N",
      "priceChangeCode": "H"
    },
    "isAvailable": true,
    "isPriceAvailable": true,
    "inPromo": false,
    "gtin": [
      "95400141786654",
      "95400141800879",
      "05400141800876",
      "05400141786651"
    ],
    "topCategoryName": "Zuivel",
    "topCategoryId": "65",
    "businessDomain": "RETAIL_BE",
    "IsPrivateLabel": true,
    "IsBiffe": false,
    "WeightconversionFactor": "300",
    "IsWeightArticle": true,
    "nutriscoreLabel": "C",
    "IsBio": false,
    "CountryOfOrigin": "BELGIË",
    "IsExclusivelySoldInLuxembourg": false,
    "OrderUnit": "P",
    "ShortName": "BONI FR.GRUYE.BL+-300GW",
    "IsNew": false,
    "EcoscoreLabel": "B",
    "RecentQuanityOfStockUnits": "1",
    "LongName": "BONI Franse gruyère blok ±300g",
    "FicCode": "I",
    "EcoscoreValue": "63"
  },
  {
    "productId": "639203",
    "technicalArticleNumber": "4331012",
    "commercialArticleNumber": "11173",
    "name": "L explorateur",
    "description": "*Kaas met\ngepasteuriseerde\nkoeienmelk",
    "thumbNail": "https://static.colruytgroup.com/images/200x200/std.lang.all/96/53/asset-2269653.jpg",
    "fullImage": "https://static.colruytgroup.com/images/500x500/std.lang.all/96/53/asset-2269653.jpg",
    "squareImage": "https://static.colruytgroup.com/images/500x500sq/std.lang.all/96/53/asset-2269653.jpg",
    "content": "125g",
    "walkRouteSequenceNumber": 5144,
    "price": {
      "basicPrice": 5.39,
      "recommendedQuantity": "1.0",
      "measurementUnitPrice": 43.12,
      "measurementUnit": "K",
      "isRedPrice": false,
      "pricePerUOM": 43.12,
      "activationDate": "15-03-2024",
      "recordSource": "Offline",
      "isPromoActive": "N",
      "priceChangeCode": "H"
    },
    "isAvailable": true,
    "isPriceAvailable": true,
    "inPromo": false,
    "gtin": [
      "37700172211979",
      "03770017221190",
      "13770017221197"
    ],
    "topCategoryName": "Zuivel",
    "topCategoryId": "65",
    "businessDomain": "RETAIL_BE",
    "IsPrivateLabel": false,
    "IsBiffe": false,
    "WeightconversionFactor": "0",
    "IsWeightArticle": false,
    "nutriscoreLabel": "D",
    "IsBio": false,
    "CountryOfOrigin": "FRANKRIJK",
    "IsExclusivelySoldInLuxembourg": false,
    "OrderUnit": "P",
    "ShortName": "L EXPLORATEUR 125G",
    "IsNew": false,
    "EcoscoreLabel": "D",
    "RecentQuanityOfStockUnits": "1",
    "LongName": "L explorateur 125g",
    "FicCode": "E",
    "EcoscoreValue": "32"
  },
  {
    "productId": "590527",
    "technicalArticleNumber": "4248901",
    "commercialArticleNumber": "3954",
    "name": "Proteïne",
    "description": "*12 eiwitrijke\nhalfvolle\nkaasballetjes",
    "brand": "MINI BABYBEL",
    "seoBrand": "Mini Babybel",
    "thumbNail": "https://static.colruytgroup.com/images/200x200/std.lang.all/01/93/asset-2100193.jpg",
    "fullImage": "https://static.colruytgroup.com/images/500x500/std.lang.all/01/93/asset-2100193.jpg",
    "squareImage": "https://static.colruytgroup.com/images/500x500sq/std.lang.all/01/93/asset-2100193.jpg",
    "content": "240g",
    "walkRouteSequenceNumber": 4942,
    "price": {
      "basicPrice": 7.7,
      "recommendedQuantity": "1.0",
      "measurementUnitPrice": 32.09,
      "measurementUnit": "K",
      "isRedPrice": false,
      "pricePerUOM": 32.09,
      "activationDate": "14-03-2024",
      "recordSource": "Offline",
      "isPromoActive": "N",
      "priceChangeCode": "E"
    },
    "isAvailable": true,
    "isPriceAvailable": true,
    "inPromo": true,
    "promotion": [
      {
        "techPromoId": "100841COLR",
        "promotionId": "100841",
        "promotionType": "3",
        "isPersonalized": "N",
        "publicationStartDate": "13-03-2024",
        "publicationEndDate": "26-03-2024"
      }
    ],
    "gtin": [
      "03073781136814",
      "03073781136821"
    ],
    "topCategoryName": "Zuivel",
    "topCategoryId": "65",
    "businessDomain": "RETAIL_BE",
    "IsPrivateLabel": false,
    "IsBiffe": false,
    "WeightconversionFactor": "0",
    "IsWeightArticle": false,
    "nutriscoreLabel": "C",
    "IsBio": false,
    "CountryOfOrigin": "FRANKRIJK",
    "IsExclusivelySoldInLuxembourg": false,
    "OrderUnit": "P",
    "ShortName": "MINI BABYBEL PROTEIN240",
    "IsNew": false,
    "EcoscoreLabel": "B",
    "RecentQuanityOfStockUnits": "1,12",
    "LongName": "MINI BABYBEL Proteïne 240g",
    "FicCode": "E",
    "EcoscoreValue": "65"
  },
  {
    "productId": "144305",
    "technicalArticleNumber": "3305024",
    "commercialArticleNumber": "43768",
    "name": "boter 0% lactose",
    "description": "*Vetgehalte: 41 %\n*Ongezouten\n*Belgisch\n*Lactosevrij",
    "brand": "BALADE",
    "seoBrand": "Balade",
    "thumbNail": "https://static.colruytgroup.com/images/200x200/std.lang.all/34/61/asset-1793461.jpg",
    "fullImage": "https://static.colruytgroup.com/images/500x500/std.lang.all/34/61/asset-1793461.jpg",
    "squareImage": "https://static.colruytgroup.com/images/500x500sq/std.lang.all/34/61/asset-1793461.jpg",
    "content": "250g",
    "walkRouteSequenceNumber": 6077,
    "price": {
      "basicPrice": 4.99,
      "recommendedQuantity": "1.0",
      "measurementUnitPrice": 19.96,
      "measurementUnit": "K",
      "isRedPrice": false,
      "pricePerUOM": 19.96,
      "activationDate": "27-02-2024",
      "recordSource": "Offline",
      "isPromoActive": "N",
      "priceChangeCode": "E"
    },
    "isAvailable": true,
    "isPriceAvailable": true,
    "inPromo": false,
    "gtin": [
      "05411396038693",
      "05411156009741",
      "05411156009765"
    ],
    "topCategoryName": "Zuivel",
    "topCategoryId": "65",
    "businessDomain": "RETAIL_BE",
    "IsPrivateLabel": false,
    "IsBiffe": false,
    "WeightconversionFactor": "0",
    "IsWeightArticle": false,
    "nutriscoreLabel": "D",
    "IsBio": false,
    "CountryOfOrigin": "BELGIË",
    "IsExclusivelySoldInLuxembourg": false,
    "OrderUnit": "P",
    "ShortName": "BALA 0 LACT.BOTER 250G",
    "IsNew": false,
    "RecentQuanityOfStockUnits": "1",
    "LongName": "BALADE boter 0% lactose 250g",
    "AlcoholVolume": "0",
    "FicCode": "E"
  },
  {
    "productId": "41681",
    "technicalArticleNumber": "2425027",
    "commercialArticleNumber": "18092",
    "name": "boter omega 3 HV zeezout vl.",
    "description": "*Vetgehalte: 82 %\n*Gezouten\n*Belgisch",
    "brand": "BALADE",
    "seoBrand": "Balade",
    "thumbNail": "https://static.colruytgroup.com/images/200x200/std.lang.all/55/43/asset-2175543.jpg",
    "fullImage": "https://static.colruytgroup.com/images/500x500/std.lang.all/55/43/asset-2175543.jpg",
    "squareImage": "https://static.colruytgroup.com/images/500x500sq/std.lang.all/55/43/asset-2175543.jpg",
    "content": "250g",
    "walkRouteSequenceNumber": 6084,
    "price": {
      "basicPrice": 5.39,
      "recommendedQuantity": "1.0",
      "measurementUnitPrice": 21.56,
      "measurementUnit": "K",
      "isRedPrice": false,
      "pricePerUOM": 21.56,
      "activationDate": "21-02-2024",
      "recordSource": "Offline",
      "isPromoActive": "N",
      "priceChangeCode": "E"
    },
    "isAvailable": true,
    "isPriceAvailable": true,
    "inPromo": false,
    "gtin": [
      "05411156008669",
      "05411156008676"
    ],
    "topCategoryName": "Zuivel",
    "topCategoryId": "65",
    "businessDomain": "RETAIL_BE",
    "IsPrivateLabel": false,
    "IsBiffe": false,
    "WeightconversionFactor": "0",
    "IsWeightArticle": false,
    "nutriscoreLabel": "E",
    "IsBio": false,
    "CountryOfOrigin": "BELGIË",
    "IsExclusivelySoldInLuxembourg": false,
    "OrderUnit": "P",
    "ShortName": "RE WAL BAL OME ZOUT 250",
    "InSeason": true,
    "IsNew": false,
    "RecentQuanityOfStockUnits": "1",
    "LongName": "BALADE boter omega 3 HV zeezout vl. 250g",
    "AlcoholVolume": "0",
    "StartSeasonDate": "23/02/2022",
    "FicCode": "E"
  },
  {
    "productId": "380426",
    "technicalArticleNumber": "3836212",
    "commercialArticleNumber": "21080",
    "name": "yoghurt 10%",
    "description": "*Vol",
    "brand": "GAZI",
    "thumbNail": "https://static.colruytgroup.com/images/200x200/std.lang.all/71/47/asset-1467147.jpg",
    "fullImage": "https://static.colruytgroup.com/images/500x500/std.lang.all/71/47/asset-1467147.jpg",
    "squareImage": "https://static.colruytgroup.com/images/500x500sq/std.lang.all/71/47/asset-1467147.jpg",
    "content": "1kg",
    "walkRouteSequenceNumber": 5718,
    "price": {
      "basicPrice": 4.29,
      "recommendedQuantity": "1.0",
      "measurementUnitPrice": 4.29,
      "measurementUnit": "K",
      "isRedPrice": false,
      "pricePerUOM": 4.29,
      "activationDate": "09-12-2022",
      "isPromoActive": "N",
      "priceChangeCode": "E"
    },
    "isAvailable": true,
    "isPriceAvailable": true,
    "inPromo": false,
    "gtin": [
      "04002566013148",
      "40025660131480",
      "04002566003149"
    ],
    "topCategoryName": "Zuivel",
    "topCategoryId": "65",
    "businessDomain": "RETAIL_BE",
    "IsPrivateLabel": false,
    "IsBiffe": false,
    "WeightconversionFactor": "0",
    "IsWeightArticle": false,
    "IsBio": false,
    "CountryOfOrigin": "DUITSLAND",
    "IsExclusivelySoldInLuxembourg": false,
    "OrderUnit": "P",
    "ShortName": "GAZI YOGHURT 10% 1KG",
    "IsNew": false,
    "RecentQuanityOfStockUnits": "1,6",
    "LongName": "GAZI yoghurt 10% 1kg",
    "AlcoholVolume": "0",
    "FicCode": "E"
  },
  {
    "productId": "213624",
    "technicalArticleNumber": "3528343",
    "commercialArticleNumber": "21601",
    "name": "smeerkaas kuipje",
    "description": "*Nederland\n*Op basis van Herve-\nkaas A.O.P. (België)",
    "brand": "HERVE SOCIÉTÉ",
    "seoBrand": "Herve Société",
    "thumbNail": "https://static.colruytgroup.com/images/200x200/std.lang.all/03/47/asset-1580347.jpg",
    "fullImage": "https://static.colruytgroup.com/images/500x500/std.lang.all/03/47/asset-1580347.jpg",
    "squareImage": "https://static.colruytgroup.com/images/500x500sq/std.lang.all/03/47/asset-1580347.jpg",
    "content": "150g",
    "walkRouteSequenceNumber": 6122,
    "price": {
      "basicPrice": 4.95,
      "recommendedQuantity": "1.0",
      "measurementUnitPrice": 33,
      "measurementUnit": "K",
      "isRedPrice": false,
      "pricePerUOM": 33,
      "activationDate": "02-02-2024",
      "recordSource": "Offline",
      "isPromoActive": "N",
      "priceChangeCode": "E"
    },
    "isAvailable": true,
    "isPriceAvailable": true,
    "inPromo": false,
    "gtin": [
      "15411021103519",
      "05411021103512"
    ],
    "topCategoryName": "Zuivel",
    "topCategoryId": "65",
    "businessDomain": "RETAIL_BE",
    "IsPrivateLabel": false,
    "IsBiffe": false,
    "WeightconversionFactor": "0",
    "IsWeightArticle": false,
    "nutriscoreLabel": "D",
    "IsBio": false,
    "CountryOfOrigin": "NEDERLAND",
    "IsExclusivelySoldInLuxembourg": false,
    "OrderUnit": "P",
    "ShortName": "HERVE SMEERKAAS 150G",
    "IsNew": false,
    "EcoscoreLabel": "B",
    "RecentQuanityOfStockUnits": "1",
    "LongName": "HERVE SOCIÉTÉ smeerkaas kuipje 150g",
    "AlcoholVolume": "0",
    "FicCode": "E",
    "EcoscoreValue": "67"
  },
  {
    "productId": "1880",
    "technicalArticleNumber": "26323",
    "commercialArticleNumber": "26323",
    "name": "drink aardbei",
    "description": "*Halfvol\n*Vetgehalte: 1,4%\n*Met toegevoegde\nvitamines",
    "brand": "DANONINO",
    "seoBrand": "Danone Danonino",
    "thumbNail": "https://static.colruytgroup.com/images/200x200/std.lang.all/27/60/asset-3362760.jpg",
    "fullImage": "https://static.colruytgroup.com/images/500x500/std.lang.all/27/60/asset-3362760.jpg",
    "squareImage": "https://static.colruytgroup.com/images/500x500sq/std.lang.all/27/60/asset-3362760.jpg",
    "content": "6x100ml",
    "walkRouteSequenceNumber": 5743,
    "price": {
      "basicPrice": 6.45,
      "recommendedQuantity": "1.0",
      "measurementUnitPrice": 10.75,
      "measurementUnit": "L",
      "isRedPrice": false,
      "pricePerUOM": 10.75,
      "activationDate": "22-03-2024",
      "recordSource": "Offline",
      "isPromoActive": "N",
      "priceChangeCode": "H"
    },
    "isAvailable": true,
    "isPriceAvailable": true,
    "inPromo": false,
    "gtin": [
      "05410146404221",
      "25410146404225"
    ],
    "topCategoryName": "Zuivel",
    "topCategoryId": "65",
    "businessDomain": "RETAIL_BE",
    "IsPrivateLabel": false,
    "IsBiffe": false,
    "WeightconversionFactor": "0",
    "IsWeightArticle": false,
    "nutriscoreLabel": "B",
    "IsBio": false,
    "CountryOfOrigin": "BELGIË",
    "IsExclusivelySoldInLuxembourg": false,
    "OrderUnit": "P",
    "ShortName": "DANONINO DRINK 6X100",
    "IsNew": false,
    "EcoscoreLabel": "A",
    "RecentQuanityOfStockUnits": "1",
    "LongName": "DANONINO drink aardbei 6x100ml",
    "AlcoholVolume": "0",
    "FicCode": "E",
    "EcoscoreValue": "91"
  },
  {
    "productId": "730077",
    "technicalArticleNumber": "4487039",
    "commercialArticleNumber": "22610",
    "name": "opgeklopt zacht",
    "description": "*Smeerdelicatesse\nmet boter en room.",
    "brand": "BALADE",
    "thumbNail": "https://static.colruytgroup.com/images/200x200/nl_be/21/52/asset-3212152.jpg",
    "fullImage": "https://static.colruytgroup.com/images/500x500/nl_be/21/52/asset-3212152.jpg",
    "squareImage": "https://static.colruytgroup.com/images/500x500sq/nl_be/21/52/asset-3212152.jpg",
    "content": "130g",
    "walkRouteSequenceNumber": 6075,
    "price": {
      "basicPrice": 2.99,
      "recommendedQuantity": "1.0",
      "measurementUnitPrice": 23,
      "measurementUnit": "K",
      "isRedPrice": false,
      "pricePerUOM": 23,
      "activationDate": "27-02-2024",
      "recordSource": "Offline",
      "isPromoActive": "N",
      "priceChangeCode": "E"
    },
    "isAvailable": true,
    "isPriceAvailable": true,
    "inPromo": false,
    "gtin": [
      "05411396034763"
    ],
    "topCategoryName": "Zuivel",
    "topCategoryId": "65",
    "businessDomain": "RETAIL_BE",
    "IsPrivateLabel": false,
    "IsBiffe": false,
    "WeightconversionFactor": "0",
    "IsWeightArticle": false,
    "nutriscoreLabel": "E",
    "IsBio": false,
    "CountryOfOrigin": "BELGIË",
    "IsExclusivelySoldInLuxembourg": false,
    "OrderUnit": "P",
    "ShortName": "BALA OPGEKL.ZACHT 130G",
    "IsNew": false,
    "RecentQuanityOfStockUnits": "1",
    "LongName": "BALADE opgeklopt zacht 130g",
    "FicCode": "E"
  },
  {
    "productId": "808829",
    "technicalArticleNumber": "4630669",
    "commercialArticleNumber": "9016",
    "name": "kaas jong sneetjes",
    "description": "*Belgisch\n*Halfharde kaas 50+",
    "brand": "POSTEL",
    "seoBrand": "Postel",
    "thumbNail": "https://static.colruytgroup.com/images/200x200/std.lang.all/92/03/asset-2929203.jpg",
    "fullImage": "https://static.colruytgroup.com/images/500x500/std.lang.all/92/03/asset-2929203.jpg",
    "squareImage": "https://static.colruytgroup.com/images/500x500sq/std.lang.all/92/03/asset-2929203.jpg",
    "content": "180g",
    "walkRouteSequenceNumber": 6199,
    "price": {
      "basicPrice": 3.65,
      "recommendedQuantity": "1.0",
      "measurementUnitPrice": 20.28,
      "measurementUnit": "K",
      "isRedPrice": false,
      "pricePerUOM": 20.28,
      "activationDate": "14-02-2024",
      "recordSource": "Offline",
      "isPromoActive": "N",
      "priceChangeCode": "E"
    },
    "isAvailable": true,
    "isPriceAvailable": true,
    "inPromo": false,
    "gtin": [
      "05410942172713"
    ],
    "topCategoryName": "Zuivel",
    "topCategoryId": "65",
    "businessDomain": "RETAIL_BE",
    "IsPrivateLabel": false,
    "IsBiffe": false,
    "WeightconversionFactor": "0",
    "IsWeightArticle": false,
    "nutriscoreLabel": "D",
    "IsBio": false,
    "CountryOfOrigin": "BELGIË",
    "IsExclusivelySoldInLuxembourg": false,
    "OrderUnit": "P",
    "ShortName": "POST JONG SNEETJES 180G",
    "IsNew": false,
    "RecentQuanityOfStockUnits": "1",
    "LongName": "POSTEL kaas jong sneetjes 180g",
    "FicCode": "E"
  },
  {
    "productId": "38890",
    "technicalArticleNumber": "1674992",
    "commercialArticleNumber": "26568",
    "name": "Salade&Apér. look&f.kruiden",
    "description": "*Frankrijk\n*Verse kaas\n*Met look, fijne\nkruiden",
    "brand": "BOURSIN",
    "seoBrand": "Boursin",
    "thumbNail": "https://static.colruytgroup.com/images/200x200/std.lang.all/07/90/asset-790790.jpg",
    "fullImage": "https://static.colruytgroup.com/images/500x500/std.lang.all/07/90/asset-790790.jpg",
    "squareImage": "https://static.colruytgroup.com/images/500x500sq/std.lang.all/07/90/asset-790790.jpg",
    "content": "120g",
    "walkRouteSequenceNumber": 5207,
    "price": {
      "basicPrice": 4.49,
      "recommendedQuantity": "1.0",
      "measurementUnitPrice": 37.42,
      "measurementUnit": "K",
      "isRedPrice": false,
      "pricePerUOM": 37.42,
      "activationDate": "02-01-2024",
      "recordSource": "Offline",
      "isPromoActive": "N",
      "priceChangeCode": "E"
    },
    "isAvailable": true,
    "isPriceAvailable": true,
    "inPromo": false,
    "gtin": [
      "03073781004687",
      "03073781034769",
      "03073781034776",
      "03073781004670"
    ],
    "topCategoryName": "Zuivel",
    "topCategoryId": "65",
    "businessDomain": "RETAIL_BE",
    "IsPrivateLabel": false,
    "IsBiffe": false,
    "WeightconversionFactor": "0",
    "IsWeightArticle": false,
    "nutriscoreLabel": "D",
    "IsBio": false,
    "CountryOfOrigin": "FRANKRIJK",
    "IsExclusivelySoldInLuxembourg": false,
    "OrderUnit": "P",
    "ShortName": "BOURS.SAL.APER.KRUID120",
    "IsNew": false,
    "EcoscoreLabel": "A",
    "RecentQuanityOfStockUnits": "1",
    "LongName": "BOURSIN Salade&Apér. look&f.kruiden 120g",
    "AlcoholVolume": "0",
    "FicCode": "E",
    "EcoscoreValue": "97"
  },
  {
    "productId": "107998",
    "technicalArticleNumber": "3135455",
    "commercialArticleNumber": "40367",
    "name": "saus bechamel met verse room",
    "brand": "BALADE",
    "seoBrand": "Balade",
    "thumbNail": "https://static.colruytgroup.com/images/200x200/std.lang.all/60/39/asset-1146039.jpg",
    "fullImage": "https://static.colruytgroup.com/images/500x500/std.lang.all/60/39/asset-1146039.jpg",
    "squareImage": "https://static.colruytgroup.com/images/500x500sq/std.lang.all/60/39/asset-1146039.jpg",
    "content": "30cl",
    "walkRouteSequenceNumber": 6020,
    "price": {
      "basicPrice": 6.25,
      "recommendedQuantity": "1.0",
      "measurementUnitPrice": 20.84,
      "measurementUnit": "L",
      "isRedPrice": false,
      "pricePerUOM": 20.84,
      "activationDate": "14-11-2023",
      "recordSource": "Offline",
      "isPromoActive": "N",
      "priceChangeCode": "E"
    },
    "isAvailable": true,
    "isPriceAvailable": true,
    "inPromo": false,
    "gtin": [
      "03451799099916",
      "05411156009307",
      "05411156009284"
    ],
    "topCategoryName": "Zuivel",
    "topCategoryId": "65",
    "businessDomain": "RETAIL_BE",
    "IsPrivateLabel": false,
    "IsBiffe": false,
    "WeightconversionFactor": "0",
    "IsWeightArticle": false,
    "nutriscoreLabel": "D",
    "IsBio": false,
    "CountryOfOrigin": "FRANKRIJK",
    "IsExclusivelySoldInLuxembourg": false,
    "OrderUnit": "P",
    "ShortName": "BALADE BECHAMEL 30CL",
    "IsNew": false,
    "RecentQuanityOfStockUnits": "1",
    "LongName": "BALADE saus bechamel met verse room 30cl",
    "AlcoholVolume": "0",
    "FicCode": "E"
  },
  {
    "productId": "2077",
    "technicalArticleNumber": "26602",
    "commercialArticleNumber": "26602",
    "name": "chaource aoc",
    "description": "*Frankrijk B.O.B.\n*Zachte kaas\n*Witschimmelkorst\n*O.B.V. getherm.\nmelk",
    "brand": "GERMAIN",
    "seoBrand": "Germain",
    "thumbNail": "https://static.colruytgroup.com/images/200x200/std.lang.all/76/01/asset-2317601.jpg",
    "fullImage": "https://static.colruytgroup.com/images/500x500/std.lang.all/76/01/asset-2317601.jpg",
    "squareImage": "https://static.colruytgroup.com/images/500x500sq/std.lang.all/76/01/asset-2317601.jpg",
    "content": "250g",
    "walkRouteSequenceNumber": 5136,
    "price": {
      "basicPrice": 4.49,
      "recommendedQuantity": "1.0",
      "measurementUnitPrice": 17.96,
      "measurementUnit": "K",
      "isRedPrice": false,
      "pricePerUOM": 17.96,
      "activationDate": "06-03-2024",
      "recordSource": "Offline",
      "isPromoActive": "N",
      "priceChangeCode": "H"
    },
    "isAvailable": true,
    "isPriceAvailable": true,
    "inPromo": false,
    "gtin": [
      "03184670024201",
      "03184670224205",
      "13184679024209"
    ],
    "topCategoryName": "Zuivel",
    "topCategoryId": "65",
    "businessDomain": "RETAIL_BE",
    "IsPrivateLabel": false,
    "IsBiffe": false,
    "WeightconversionFactor": "0",
    "IsWeightArticle": false,
    "nutriscoreLabel": "D",
    "IsBio": false,
    "CountryOfOrigin": "FRANKRIJK",
    "IsExclusivelySoldInLuxembourg": false,
    "OrderUnit": "P",
    "ShortName": "GERM.AOC CHAOURCE 250GR",
    "InSeason": true,
    "IsNew": false,
    "EcoscoreLabel": "D",
    "RecentQuanityOfStockUnits": "1,6",
    "LongName": "GERMAIN chaource aoc 250g",
    "AlcoholVolume": "0",
    "StartSeasonDate": "10/02/1997",
    "FicCode": "E",
    "EcoscoreValue": "35"
  },
  {
    "productId": "502800",
    "technicalArticleNumber": "4051977",
    "commercialArticleNumber": "6663",
    "name": "mango z. toegevoegde suikers",
    "description": "*Plantaardig\nalternatief\nvoor yoghurt",
    "brand": "ALPRO",
    "seoBrand": "Alpro",
    "thumbNail": "https://static.colruytgroup.com/images/200x200/std.lang.all/37/69/asset-3373769.jpg",
    "fullImage": "https://static.colruytgroup.com/images/500x500/std.lang.all/37/69/asset-3373769.jpg",
    "squareImage": "https://static.colruytgroup.com/images/500x500sq/std.lang.all/37/69/asset-3373769.jpg",
    "content": "400g",
    "walkRouteSequenceNumber": 5850,
    "price": {
      "basicPrice": 3.25,
      "recommendedQuantity": "1.0",
      "measurementUnitPrice": 8.13,
      "measurementUnit": "K",
      "isRedPrice": false,
      "pricePerUOM": 8.13,
      "activationDate": "13-03-2024",
      "recordSource": "Offline",
      "isPromoActive": "N",
      "priceChangeCode": "H"
    },
    "isAvailable": true,
    "isPriceAvailable": true,
    "inPromo": false,
    "gtin": [
      "05411188125808",
      "05411188125815"
    ],
    "topCategoryName": "Zuivel",
    "topCategoryId": "65",
    "businessDomain": "RETAIL_BE",
    "IsPrivateLabel": false,
    "IsBiffe": false,
    "WeightconversionFactor": "0",
    "IsWeightArticle": false,
    "nutriscoreLabel": "A",
    "IsBio": false,
    "CountryOfOrigin": "BELGIË",
    "IsExclusivelySoldInLuxembourg": false,
    "OrderUnit": "P",
    "ShortName": "ALPRO MANGO 400G",
    "IsNew": false,
    "EcoscoreLabel": "A",
    "RecentQuanityOfStockUnits": "1,6",
    "LongName": "ALPRO mango z. toegevoegde suikers 400g",
    "FicCode": "E",
    "EcoscoreValue": "88"
  },
  {
    "productId": "10670",
    "technicalArticleNumber": "1397026",
    "commercialArticleNumber": "26275",
    "name": "culinair room 4%vg",
    "description": "*Vetgehalte: 4 %\n*Romige toets in\nsoep, aardappelen en\nnagerechten/saus\ninkoken",
    "brand": "CAMPINA",
    "seoBrand": "Campina",
    "thumbNail": "https://static.colruytgroup.com/images/200x200/nl_be/64/50/asset-3226450.jpg",
    "fullImage": "https://static.colruytgroup.com/images/500x500/nl_be/64/50/asset-3226450.jpg",
    "squareImage": "https://static.colruytgroup.com/images/500x500sq/nl_be/64/50/asset-3226450.jpg",
    "content": "250ml",
    "walkRouteSequenceNumber": 6003,
    "price": {
      "basicPrice": 2.14,
      "recommendedQuantity": "2.0",
      "measurementUnitPrice": 8.56,
      "measurementUnit": "L",
      "isRedPrice": false,
      "pricePerUOM": 8.56,
      "activationDate": "14-11-2023",
      "recordSource": "Offline",
      "isPromoActive": "N",
      "priceChangeCode": "E"
    },
    "isAvailable": true,
    "isPriceAvailable": true,
    "inPromo": false,
    "gtin": [
      "05410281002597",
      "05410438031104",
      "05410438014336",
      "05410438044579",
      "05410438044487",
      "05410438044470"
    ],
    "topCategoryName": "Zuivel",
    "topCategoryId": "65",
    "businessDomain": "RETAIL_BE",
    "IsPrivateLabel": false,
    "IsBiffe": false,
    "WeightconversionFactor": "0",
    "IsWeightArticle": false,
    "nutriscoreLabel": "D",
    "IsBio": false,
    "CountryOfOrigin": "BELGIË",
    "IsExclusivelySoldInLuxembourg": false,
    "OrderUnit": "P",
    "ShortName": "CAMP.CULI.ROOM 250ML",
    "IsNew": false,
    "EcoscoreLabel": "B",
    "RecentQuanityOfStockUnits": "1,2,24",
    "LongName": "CAMPINA culinair room 4%vg 250ml",
    "AlcoholVolume": "0",
    "FicCode": "E",
    "EcoscoreValue": "79"
  },
  {
    "productId": "2123",
    "technicalArticleNumber": "26691",
    "commercialArticleNumber": "26691",
    "name": "kaas zacht",
    "description": "*Frankrijk\n*Zachte kaas\n*Rode schimmelkorst\n*Geprononceerd",
    "brand": "CHAUMES",
    "seoBrand": "Chaumes",
    "thumbNail": "https://static.colruytgroup.com/images/200x200/std.lang.all/42/36/asset-554236.jpg",
    "fullImage": "https://static.colruytgroup.com/images/500x500/std.lang.all/42/36/asset-554236.jpg",
    "squareImage": "https://static.colruytgroup.com/images/500x500sq/std.lang.all/42/36/asset-554236.jpg",
    "content": "±250g",
    "walkRouteSequenceNumber": 5133,
    "price": {
      "basicPrice": 21.5,
      "recommendedQuantity": "0.2",
      "unit": "K",
      "measurementUnitPrice": 21.5,
      "measurementUnit": "K",
      "isRedPrice": false,
      "pricePerUOM": 21.5,
      "activationDate": "19-03-2024",
      "recordSource": "Folder",
      "isPromoActive": "N",
      "priceChangeCode": "L"
    },
    "isAvailable": true,
    "isPriceAvailable": true,
    "inPromo": false,
    "gtin": [
      "95400141266910",
      "95400141031976",
      "95400141461001",
      "05400141418958",
      "95413362206917",
      "05400141461008",
      "03760161340847",
      "05400141017717",
      "05413362206907",
      "03760161340908"
    ],
    "topCategoryName": "Zuivel",
    "topCategoryId": "65",
    "businessDomain": "RETAIL_BE",
    "IsPrivateLabel": false,
    "IsBiffe": false,
    "WeightconversionFactor": "250",
    "IsWeightArticle": true,
    "nutriscoreLabel": "D",
    "IsBio": false,
    "CountryOfOrigin": "FRANKRIJK",
    "IsExclusivelySoldInLuxembourg": false,
    "OrderUnit": "P",
    "ShortName": "CHAUMES KAAS +-250GW",
    "InSeason": true,
    "IsNew": false,
    "RecentQuanityOfStockUnits": "1",
    "LongName": "CHAUMES kaas zacht ±250g",
    "AlcoholVolume": "0",
    "StartSeasonDate": "13/12/2021",
    "FicCode": "I"
  },
  {
    "productId": "782840",
    "technicalArticleNumber": "4580536",
    "commercialArticleNumber": "4353",
    "name": "Mild&Creamy natuur",
    "brand": "ALPRO",
    "seoBrand": "Alpro",
    "thumbNail": "https://static.colruytgroup.com/images/200x200/std.lang.all/48/24/asset-2934824.jpg",
    "fullImage": "https://static.colruytgroup.com/images/500x500/std.lang.all/48/24/asset-2934824.jpg",
    "squareImage": "https://static.colruytgroup.com/images/500x500sq/std.lang.all/48/24/asset-2934824.jpg",
    "content": "755g",
    "walkRouteSequenceNumber": 5854,
    "price": {
      "basicPrice": 2.59,
      "recommendedQuantity": "1.0",
      "measurementUnitPrice": 3.44,
      "measurementUnit": "K",
      "isRedPrice": false,
      "pricePerUOM": 3.44,
      "activationDate": "04-03-2024",
      "recordSource": "Offline",
      "isPromoActive": "N",
      "priceChangeCode": "E"
    },
    "isAvailable": true,
    "isPriceAvailable": true,
    "inPromo": false,
    "gtin": [
      "05411188136781",
      "05411188136774"
    ],
    "topCategoryName": "Zuivel",
    "topCategoryId": "65",
    "businessDomain": "RETAIL_BE",
    "IsPrivateLabel": false,
    "IsBiffe": false,
    "WeightconversionFactor": "0",
    "IsWeightArticle": false,
    "nutriscoreLabel": "A",
    "IsBio": false,
    "CountryOfOrigin": "BELGIË",
    "IsExclusivelySoldInLuxembourg": false,
    "OrderUnit": "P",
    "ShortName": "ALPR MILD&CREAM NAT755G",
    "IsNew": false,
    "EcoscoreLabel": "A",
    "RecentQuanityOfStockUnits": "1,4",
    "LongName": "ALPRO Mild&Creamy natuur 755g",
    "FicCode": "E",
    "EcoscoreValue": "92"
  },
  {
    "productId": "147970",
    "technicalArticleNumber": "3313648",
    "commercialArticleNumber": "1948",
    "name": "yogh.vol gran.ap.bio glas",
    "description": "*Vol\n*Met aroma's",
    "brand": "PUR NATUR",
    "seoBrand": "Pur Natur",
    "thumbNail": "https://static.colruytgroup.com/images/200x200/std.lang.all/00/49/asset-1540049.jpg",
    "fullImage": "https://static.colruytgroup.com/images/500x500/std.lang.all/00/49/asset-1540049.jpg",
    "squareImage": "https://static.colruytgroup.com/images/500x500sq/std.lang.all/00/49/asset-1540049.jpg",
    "content": "500g",
    "walkRouteSequenceNumber": 5782,
    "price": {
      "basicPrice": 2.99,
      "recommendedQuantity": "1.0",
      "measurementUnitPrice": 5.98,
      "measurementUnit": "K",
      "isRedPrice": false,
      "pricePerUOM": 5.98,
      "activationDate": "21-03-2024",
      "recordSource": "Offline",
      "isPromoActive": "N",
      "priceChangeCode": "E"
    },
    "isAvailable": true,
    "isPriceAvailable": true,
    "inPromo": false,
    "gtin": [
      "05412971116225",
      "05412971906222"
    ],
    "topCategoryName": "Zuivel",
    "topCategoryId": "65",
    "businessDomain": "RETAIL_BE",
    "IsPrivateLabel": false,
    "IsBiffe": false,
    "WeightconversionFactor": "0",
    "IsWeightArticle": false,
    "nutriscoreLabel": "C",
    "IsBio": true,
    "CountryOfOrigin": "BELGIË",
    "IsExclusivelySoldInLuxembourg": false,
    "OrderUnit": "P",
    "ShortName": "PN BIOYOG GRAN AP500 GL",
    "IsNew": false,
    "EcoscoreLabel": "A",
    "RecentQuanityOfStockUnits": "1",
    "LongName": "PUR NATUR yogh.vol gran.ap.bio glas 500g",
    "AlcoholVolume": "0",
    "FicCode": "E",
    "EcoscoreValue": "100"
  },
  {
    "productId": "16121",
    "technicalArticleNumber": "1426992",
    "commercialArticleNumber": "16846",
    "name": "smeerk. Light 16p",
    "description": "*Smeerkaas\n*Smeuïg\n*Abs. V.G.: 7 %",
    "brand": "LA VACHE QUI RIT",
    "seoBrand": "La Vache Qui Rit",
    "thumbNail": "https://static.colruytgroup.com/images/200x200/std.lang.all/87/79/asset-2528779.jpg",
    "fullImage": "https://static.colruytgroup.com/images/500x500/std.lang.all/87/79/asset-2528779.jpg",
    "squareImage": "https://static.colruytgroup.com/images/500x500sq/std.lang.all/87/79/asset-2528779.jpg",
    "content": "267g",
    "walkRouteSequenceNumber": 6119,
    "price": {
      "basicPrice": 6.26,
      "recommendedQuantity": "1.0",
      "measurementUnitPrice": 23.45,
      "measurementUnit": "K",
      "isRedPrice": false,
      "pricePerUOM": 23.45,
      "activationDate": "14-03-2024",
      "recordSource": "Online",
      "isPromoActive": "N",
      "priceChangeCode": "E"
    },
    "isAvailable": true,
    "isPriceAvailable": true,
    "inPromo": false,
    "gtin": [
      "03073781160499",
      "03073780897440",
      "03073780836111",
      "03073780889780",
      "03073781160482"
    ],
    "topCategoryName": "Zuivel",
    "topCategoryId": "65",
    "businessDomain": "RETAIL_BE",
    "IsPrivateLabel": false,
    "IsBiffe": false,
    "WeightconversionFactor": "0",
    "IsWeightArticle": false,
    "nutriscoreLabel": "C",
    "IsBio": false,
    "CountryOfOrigin": "FRANKRIJK",
    "IsExclusivelySoldInLuxembourg": false,
    "OrderUnit": "P",
    "ShortName": "VQR LIGHT 16 PORT 267G",
    "IsNew": false,
    "EcoscoreLabel": "D",
    "RecentQuanityOfStockUnits": "1",
    "LongName": "LA VACHE QUI RIT smeerk. Light 16p 267g",
    "AlcoholVolume": "0",
    "FicCode": "E",
    "EcoscoreValue": "39"
  },
  {
    "productId": "529324",
    "technicalArticleNumber": "4118990",
    "commercialArticleNumber": "7511",
    "name": "Trappistenkaas Grand sn.",
    "description": "*België\n*Halfharde kaas\n*Met gewassen\nnatuurkorst\n*O.b.v. gepast. melk",
    "brand": "CHIMAY",
    "seoBrand": "Chimay",
    "thumbNail": "https://static.colruytgroup.com/images/200x200/std.lang.all/39/14/asset-3303914.jpg",
    "fullImage": "https://static.colruytgroup.com/images/500x500/std.lang.all/39/14/asset-3303914.jpg",
    "squareImage": "https://static.colruytgroup.com/images/500x500sq/std.lang.all/39/14/asset-3303914.jpg",
    "content": "275g",
    "walkRouteSequenceNumber": 6191,
    "price": {
      "basicPrice": 7.52,
      "recommendedQuantity": "1.0",
      "measurementUnitPrice": 27.35,
      "measurementUnit": "K",
      "isRedPrice": false,
      "pricePerUOM": 27.35,
      "activationDate": "13-03-2024",
      "recordSource": "Offline",
      "isPromoActive": "Y",
      "priceChangeCode": "E"
    },
    "isAvailable": true,
    "isPriceAvailable": true,
    "inPromo": true,
    "promotion": [
      {
        "techPromoId": "100848COLR",
        "promotionId": "100848",
        "promotionType": "4",
        "isPersonalized": "N",
        "publicationStartDate": "13-03-2024",
        "publicationEndDate": "26-03-2024"
      }
    ],
    "gtin": [
      "05400141931556",
      "15400141931553",
      "05400141297737"
    ],
    "topCategoryName": "Zuivel",
    "topCategoryId": "65",
    "businessDomain": "RETAIL_BE",
    "IsPrivateLabel": false,
    "IsBiffe": false,
    "WeightconversionFactor": "0",
    "IsWeightArticle": false,
    "nutriscoreLabel": "D",
    "IsBio": false,
    "CountryOfOrigin": "BELGIË",
    "IsExclusivelySoldInLuxembourg": false,
    "OrderUnit": "P",
    "ShortName": "GRAND CHIMAY SN 275G",
    "IsNew": false,
    "EcoscoreLabel": "B",
    "RecentQuanityOfStockUnits": "1",
    "LongName": "CHIMAY Trappistenkaas Grand sn. 275g",
    "FicCode": "I",
    "EcoscoreValue": "63"
  },
  {
    "productId": "537911",
    "technicalArticleNumber": "4134524",
    "commercialArticleNumber": "9523",
    "name": "tartiflette kaas fleur de pré",
    "thumbNail": "https://static.colruytgroup.com/images/200x200/std.lang.all/47/89/asset-2084789.jpg",
    "fullImage": "https://static.colruytgroup.com/images/500x500/std.lang.all/47/89/asset-2084789.jpg",
    "squareImage": "https://static.colruytgroup.com/images/500x500sq/std.lang.all/47/89/asset-2084789.jpg",
    "content": "500g",
    "walkRouteSequenceNumber": 5242,
    "price": {
      "basicPrice": 3.73,
      "recommendedQuantity": "1.0",
      "measurementUnitPrice": 7.46,
      "measurementUnit": "K",
      "isRedPrice": false,
      "pricePerUOM": 7.46,
      "activationDate": "23-02-2024",
      "recordSource": "Offline",
      "isPromoActive": "N",
      "priceChangeCode": "L"
    },
    "isAvailable": true,
    "isPriceAvailable": true,
    "inPromo": false,
    "gtin": [
      "23154271129609",
      "03154271128592"
    ],
    "topCategoryName": "Zuivel",
    "topCategoryId": "65",
    "businessDomain": "RETAIL_BE",
    "IsPrivateLabel": false,
    "IsBiffe": false,
    "WeightconversionFactor": "0",
    "IsWeightArticle": false,
    "nutriscoreLabel": "E",
    "IsBio": false,
    "CountryOfOrigin": "FRANKRIJK",
    "IsExclusivelySoldInLuxembourg": false,
    "OrderUnit": "P",
    "ShortName": "FROM.TARTIFL.FL.PRE500G",
    "InSeason": true,
    "IsNew": false,
    "EcoscoreLabel": "C",
    "RecentQuanityOfStockUnits": "1",
    "LongName": "tartiflette kaas fleur de pré 500g",
    "StartSeasonDate": "09/08/2022",
    "FicCode": "E",
    "EcoscoreValue": "55"
  },
  {
    "productId": "508852",
    "technicalArticleNumber": "4083221",
    "commercialArticleNumber": "7752",
    "name": "Skyr tropical",
    "description": "*Melkspecialiteit\nmet passievrucht,\nmango, ananas en\nzoetstof, 0% vet,\nverrijkt in calcium",
    "brand": "VITALINEA",
    "seoBrand": "Vitalinea",
    "thumbNail": "https://static.colruytgroup.com/images/200x200/std.lang.all/10/37/asset-3441037.jpg",
    "fullImage": "https://static.colruytgroup.com/images/500x500/std.lang.all/10/37/asset-3441037.jpg",
    "squareImage": "https://static.colruytgroup.com/images/500x500sq/std.lang.all/10/37/asset-3441037.jpg",
    "content": "2x145g",
    "walkRouteSequenceNumber": 5806,
    "price": {
      "basicPrice": 3.19,
      "recommendedQuantity": "1.0",
      "measurementUnitPrice": 11,
      "measurementUnit": "K",
      "isRedPrice": false,
      "pricePerUOM": 11,
      "activationDate": "28-02-2024",
      "recordSource": "Offline",
      "isPromoActive": "N",
      "priceChangeCode": "E"
    },
    "isAvailable": true,
    "isPriceAvailable": true,
    "inPromo": false,
    "gtin": [
      "05410146418648"
    ],
    "topCategoryName": "Zuivel",
    "topCategoryId": "65",
    "businessDomain": "RETAIL_BE",
    "IsPrivateLabel": false,
    "IsBiffe": false,
    "WeightconversionFactor": "0",
    "IsWeightArticle": false,
    "nutriscoreLabel": "A",
    "IsBio": false,
    "CountryOfOrigin": "FRANKRIJK",
    "IsExclusivelySoldInLuxembourg": false,
    "OrderUnit": "P",
    "ShortName": "VITA TROP.SKYR 0% 2X145",
    "IsNew": false,
    "EcoscoreLabel": "A",
    "RecentQuanityOfStockUnits": "1",
    "LongName": "VITALINEA Skyr tropical 2x145g",
    "FicCode": "E",
    "EcoscoreValue": "100"
  },
  {
    "productId": "143448",
    "technicalArticleNumber": "3287133",
    "commercialArticleNumber": "34613",
    "name": "yoghurt vijgen",
    "description": "*Vol\n*Gesuikerd\n*Met aroma's",
    "brand": "ACTIVIA",
    "seoBrand": "Danone Activia",
    "thumbNail": "https://static.colruytgroup.com/images/200x200/std.lang.all/61/50/asset-2356150.jpg",
    "fullImage": "https://static.colruytgroup.com/images/500x500/std.lang.all/61/50/asset-2356150.jpg",
    "squareImage": "https://static.colruytgroup.com/images/500x500sq/std.lang.all/61/50/asset-2356150.jpg",
    "content": "4x125g",
    "walkRouteSequenceNumber": 5761,
    "price": {
      "basicPrice": 2.99,
      "recommendedQuantity": "1.0",
      "quantityPrice": 1.5,
      "quantityPriceQuantity": "2.0",
      "measurementUnitPrice": 5.98,
      "measurementUnitQuantityPrice": 3,
      "measurementUnit": "K",
      "isRedPrice": false,
      "pricePerUOM": 5.98,
      "activationDate": "18-03-2024",
      "recordSource": "Offline",
      "isPromoActive": "Y",
      "priceChangeCode": "E",
      "quantityPricePerUOM": 3,
      "quantityActivationDate": "18-03-2024",
      "quantityPriceChangeCode": "L"
    },
    "isAvailable": true,
    "isPriceAvailable": true,
    "inPromo": false,
    "gtin": [
      "05410146417801"
    ],
    "topCategoryName": "Zuivel",
    "topCategoryId": "65",
    "businessDomain": "RETAIL_BE",
    "IsPrivateLabel": false,
    "IsBiffe": false,
    "WeightconversionFactor": "0",
    "IsWeightArticle": false,
    "nutriscoreLabel": "B",
    "IsBio": false,
    "CountryOfOrigin": "FRANKRIJK",
    "IsExclusivelySoldInLuxembourg": false,
    "OrderUnit": "P",
    "ShortName": "DAN ACT VIJGEN 4X125G",
    "InSeason": true,
    "IsNew": false,
    "EcoscoreLabel": "A",
    "RecentQuanityOfStockUnits": "1",
    "LongName": "ACTIVIA yoghurt vijgen 4x125g",
    "AlcoholVolume": "0",
    "StartSeasonDate": "05/06/2019",
    "FicCode": "E",
    "EcoscoreValue": "86"
  },
  {
    "productId": "547391",
    "technicalArticleNumber": "4175533",
    "commercialArticleNumber": "10945",
    "name": "skyr natuur",
    "brand": "VITALINEA",
    "seoBrand": "Vitalinea",
    "thumbNail": "https://static.colruytgroup.com/images/200x200/std.lang.all/38/44/asset-3403844.jpg",
    "fullImage": "https://static.colruytgroup.com/images/500x500/std.lang.all/38/44/asset-3403844.jpg",
    "squareImage": "https://static.colruytgroup.com/images/500x500sq/std.lang.all/38/44/asset-3403844.jpg",
    "content": "2x145g",
    "walkRouteSequenceNumber": 5808,
    "price": {
      "basicPrice": 2.49,
      "recommendedQuantity": "1.0",
      "measurementUnitPrice": 8.59,
      "measurementUnit": "K",
      "isRedPrice": false,
      "pricePerUOM": 8.59,
      "activationDate": "28-02-2024",
      "recordSource": "Offline",
      "isPromoActive": "N",
      "priceChangeCode": "E"
    },
    "isAvailable": true,
    "isPriceAvailable": true,
    "inPromo": false,
    "gtin": [
      "05410146419201",
      "15410146419208"
    ],
    "topCategoryName": "Zuivel",
    "topCategoryId": "65",
    "businessDomain": "RETAIL_BE",
    "IsPrivateLabel": false,
    "IsBiffe": false,
    "WeightconversionFactor": "0",
    "IsWeightArticle": false,
    "nutriscoreLabel": "A",
    "IsBio": false,
    "CountryOfOrigin": "FRANKRIJK",
    "IsExclusivelySoldInLuxembourg": false,
    "OrderUnit": "P",
    "ShortName": "VITA SKYR NAT. 0%2X145G",
    "IsNew": false,
    "EcoscoreLabel": "A",
    "RecentQuanityOfStockUnits": "1",
    "LongName": "VITALINEA skyr natuur 2x145g",
    "FicCode": "E",
    "EcoscoreValue": "100"
  },
  {
    "productId": "813600",
    "technicalArticleNumber": "4640447",
    "commercialArticleNumber": "18042",
    "name": "Geferm. soja limoen-citroen",
    "description": "*Gefermenteerd soja-\nproduct, limoen-\ncitroen met toegev.\ncalcium en vitaminen",
    "brand": "ALPRO",
    "seoBrand": "Alpro",
    "thumbNail": "https://static.colruytgroup.com/images/200x200/std.lang.all/38/42/asset-3373842.jpg",
    "fullImage": "https://static.colruytgroup.com/images/500x500/std.lang.all/38/42/asset-3373842.jpg",
    "squareImage": "https://static.colruytgroup.com/images/500x500sq/std.lang.all/38/42/asset-3373842.jpg",
    "content": "500g",
    "walkRouteSequenceNumber": 5846,
    "price": {
      "basicPrice": 3.09,
      "recommendedQuantity": "1.0",
      "measurementUnitPrice": 6.18,
      "measurementUnit": "K",
      "isRedPrice": false,
      "pricePerUOM": 6.18,
      "activationDate": "12-03-2024",
      "recordSource": "Offline",
      "isPromoActive": "N",
      "priceChangeCode": "E"
    },
    "isAvailable": true,
    "isPriceAvailable": true,
    "inPromo": false,
    "gtin": [
      "05411188112747",
      "05411188112754"
    ],
    "topCategoryName": "Zuivel",
    "topCategoryId": "65",
    "businessDomain": "RETAIL_BE",
    "IsPrivateLabel": false,
    "IsBiffe": false,
    "WeightconversionFactor": "0",
    "IsWeightArticle": false,
    "nutriscoreLabel": "B",
    "IsBio": false,
    "CountryOfOrigin": "BELGIË",
    "IsExclusivelySoldInLuxembourg": false,
    "OrderUnit": "P",
    "ShortName": "ALPR GEF.SOJ.LI-CIT500G",
    "IsNew": false,
    "EcoscoreLabel": "A",
    "RecentQuanityOfStockUnits": "1,6",
    "LongName": "ALPRO Geferm. soja limoen-citroen 500g",
    "FicCode": "E",
    "EcoscoreValue": "88"
  },
  {
    "productId": "591305",
    "technicalArticleNumber": "4249791",
    "commercialArticleNumber": "9936",
    "name": "skyr aardbei",
    "description": "*Melkspecialiteit\nmet aardbei en\nzoetstof\n*0% vet\n*Verrijkt in calcium",
    "brand": "VITALINEA",
    "seoBrand": "Vitalinea",
    "thumbNail": "https://static.colruytgroup.com/images/200x200/std.lang.all/75/45/asset-3397545.jpg",
    "fullImage": "https://static.colruytgroup.com/images/500x500/std.lang.all/75/45/asset-3397545.jpg",
    "squareImage": "https://static.colruytgroup.com/images/500x500sq/std.lang.all/75/45/asset-3397545.jpg",
    "content": "2x145g",
    "walkRouteSequenceNumber": 5805,
    "price": {
      "basicPrice": 3.19,
      "recommendedQuantity": "1.0",
      "measurementUnitPrice": 11,
      "measurementUnit": "K",
      "isRedPrice": false,
      "pricePerUOM": 11,
      "activationDate": "28-02-2024",
      "recordSource": "Offline",
      "isPromoActive": "N",
      "priceChangeCode": "E"
    },
    "isAvailable": true,
    "isPriceAvailable": true,
    "inPromo": false,
    "gtin": [
      "15410146419475",
      "05410146419478"
    ],
    "topCategoryName": "Zuivel",
    "topCategoryId": "65",
    "businessDomain": "RETAIL_BE",
    "IsPrivateLabel": false,
    "IsBiffe": false,
    "WeightconversionFactor": "0",
    "IsWeightArticle": false,
    "nutriscoreLabel": "A",
    "IsBio": false,
    "CountryOfOrigin": "FRANKRIJK",
    "IsExclusivelySoldInLuxembourg": false,
    "OrderUnit": "P",
    "ShortName": "VITA SKYR AARB.0%2X145G",
    "IsNew": false,
    "EcoscoreLabel": "A",
    "RecentQuanityOfStockUnits": "1",
    "LongName": "VITALINEA skyr aardbei 2x145g",
    "FicCode": "E",
    "EcoscoreValue": "100"
  },
  {
    "productId": "529268",
    "technicalArticleNumber": "4118934",
    "commercialArticleNumber": "6362",
    "name": "kaas sneetjes Fruitig",
    "description": "*België\n*Halfharde kaas\n*Mild, fruitig\n*Natuurgerijpt",
    "brand": "PASSENDALE",
    "seoBrand": "Passendale",
    "thumbNail": "https://static.colruytgroup.com/images/200x200/std.lang.all/74/07/asset-2717407.jpg",
    "fullImage": "https://static.colruytgroup.com/images/500x500/std.lang.all/74/07/asset-2717407.jpg",
    "squareImage": "https://static.colruytgroup.com/images/500x500sq/std.lang.all/74/07/asset-2717407.jpg",
    "content": "350g",
    "walkRouteSequenceNumber": 6204,
    "price": {
      "basicPrice": 7.75,
      "recommendedQuantity": "1.0",
      "measurementUnitPrice": 22.15,
      "measurementUnit": "K",
      "isRedPrice": false,
      "pricePerUOM": 22.15,
      "activationDate": "12-03-2024",
      "isPromoActive": "N",
      "priceChangeCode": "H"
    },
    "isAvailable": true,
    "isPriceAvailable": true,
    "inPromo": true,
    "promotion": [
      {
        "techPromoId": "100847COLR",
        "promotionId": "100847",
        "promotionType": "3",
        "isPersonalized": "N",
        "publicationStartDate": "13-03-2024",
        "publicationEndDate": "26-03-2024"
      }
    ],
    "gtin": [
      "05400141353433",
      "15400141353430",
      "05400141297461",
      "05400141419238"
    ],
    "topCategoryName": "Zuivel",
    "topCategoryId": "65",
    "businessDomain": "RETAIL_BE",
    "IsPrivateLabel": false,
    "IsBiffe": false,
    "WeightconversionFactor": "0",
    "IsWeightArticle": false,
    "nutriscoreLabel": "D",
    "IsBio": false,
    "CountryOfOrigin": "BELGIË",
    "IsExclusivelySoldInLuxembourg": false,
    "OrderUnit": "P",
    "ShortName": "PASSE.FRUITIG S.350G",
    "InSeason": true,
    "IsNew": false,
    "RecentQuanityOfStockUnits": "1",
    "LongName": "PASSENDALE kaas sneetjes Fruitig 350g",
    "StartSeasonDate": "08/11/2021",
    "FicCode": "I"
  },
  {
    "productId": "671016",
    "technicalArticleNumber": "4383943",
    "commercialArticleNumber": "24416",
    "name": "volle yogh. perzik",
    "description": "*Yoghurt op een\nbedje van perziken",
    "brand": "OIKOS",
    "seoBrand": "Oikos",
    "thumbNail": "https://static.colruytgroup.com/images/200x200/std.lang.all/64/37/asset-2356437.jpg",
    "fullImage": "https://static.colruytgroup.com/images/500x500/std.lang.all/64/37/asset-2356437.jpg",
    "squareImage": "https://static.colruytgroup.com/images/500x500sq/std.lang.all/64/37/asset-2356437.jpg",
    "content": "4x115g",
    "walkRouteSequenceNumber": 5907,
    "price": {
      "basicPrice": 3.99,
      "recommendedQuantity": "1.0",
      "measurementUnitPrice": 8.68,
      "measurementUnit": "K",
      "isRedPrice": false,
      "pricePerUOM": 8.68,
      "activationDate": "15-02-2024",
      "recordSource": "Offline",
      "isPromoActive": "N",
      "priceChangeCode": "E"
    },
    "isAvailable": true,
    "isPriceAvailable": true,
    "inPromo": false,
    "gtin": [
      "05410146419997"
    ],
    "topCategoryName": "Zuivel",
    "topCategoryId": "65",
    "businessDomain": "RETAIL_BE",
    "IsPrivateLabel": false,
    "IsBiffe": false,
    "WeightconversionFactor": "0",
    "IsWeightArticle": false,
    "nutriscoreLabel": "C",
    "IsBio": false,
    "CountryOfOrigin": "DUITSLAND",
    "IsExclusivelySoldInLuxembourg": false,
    "OrderUnit": "P",
    "ShortName": "DANO OIK PERZIK 4X115G",
    "IsNew": false,
    "EcoscoreLabel": "A",
    "RecentQuanityOfStockUnits": "1",
    "LongName": "OIKOS volle yogh. perzik 4x115g",
    "FicCode": "E",
    "EcoscoreValue": "87"
  },
  {
    "productId": "49682",
    "technicalArticleNumber": "2480317",
    "commercialArticleNumber": "9137",
    "name": "maïs- & tarwevlokken natuur",
    "description": "*Vol\n*Gesuikerd\n*extra bevorderend\nvoor de darmflora",
    "brand": "ACTIVIA",
    "seoBrand": "Danone Activia",
    "thumbNail": "https://static.colruytgroup.com/images/200x200/std.lang.all/69/70/asset-2776970.jpg",
    "fullImage": "https://static.colruytgroup.com/images/500x500/std.lang.all/69/70/asset-2776970.jpg",
    "squareImage": "https://static.colruytgroup.com/images/500x500sq/std.lang.all/69/70/asset-2776970.jpg",
    "content": "190g",
    "walkRouteSequenceNumber": 5727,
    "price": {
      "basicPrice": 1.75,
      "recommendedQuantity": "1.0",
      "quantityPrice": 0.875,
      "quantityPriceQuantity": "2.0",
      "measurementUnitPrice": 9.22,
      "measurementUnitQuantityPrice": 4.61,
      "measurementUnit": "K",
      "isRedPrice": false,
      "pricePerUOM": 9.22,
      "activationDate": "19-03-2024",
      "recordSource": "Offline",
      "isPromoActive": "N",
      "priceChangeCode": "E",
      "quantityPricePerUOM": 4.61,
      "quantityActivationDate": "19-03-2024",
      "quantityPriceChangeCode": "L"
    },
    "isAvailable": true,
    "isPriceAvailable": true,
    "inPromo": false,
    "gtin": [
      "15410146411325",
      "05410146411328"
    ],
    "topCategoryName": "Zuivel",
    "topCategoryId": "65",
    "businessDomain": "RETAIL_BE",
    "IsPrivateLabel": false,
    "IsBiffe": false,
    "WeightconversionFactor": "0",
    "IsWeightArticle": false,
    "nutriscoreLabel": "C",
    "IsBio": false,
    "CountryOfOrigin": "POLEN",
    "IsExclusivelySoldInLuxembourg": false,
    "OrderUnit": "P",
    "ShortName": "DAN ACT BREAKF 190G",
    "IsNew": false,
    "EcoscoreLabel": "B",
    "RecentQuanityOfStockUnits": "1",
    "LongName": "ACTIVIA maïs- & tarwevlokken natuur 190g",
    "AlcoholVolume": "0",
    "FicCode": "E",
    "EcoscoreValue": "77"
  },
  {
    "productId": "2161",
    "technicalArticleNumber": "26928",
    "commercialArticleNumber": "26928",
    "name": "Gruyère Zwitserland blok",
    "description": "*Zwitserland\n*Harde kaas\n*O.b.v. rauwe melk",
    "brand": "BONI",
    "seoBrand": "Boni Selection",
    "thumbNail": "https://static.colruytgroup.com/images/200x200/std.lang.all/77/96/asset-3127796.jpg",
    "fullImage": "https://static.colruytgroup.com/images/500x500/std.lang.all/77/96/asset-3127796.jpg",
    "squareImage": "https://static.colruytgroup.com/images/500x500sq/std.lang.all/77/96/asset-3127796.jpg",
    "content": "±300g",
    "walkRouteSequenceNumber": 5654,
    "price": {
      "basicPrice": 28.77,
      "recommendedQuantity": "0.3",
      "unit": "K",
      "measurementUnitPrice": 28.77,
      "measurementUnit": "K",
      "isRedPrice": false,
      "pricePerUOM": 28.77,
      "activationDate": "12-03-2024",
      "recordSource": "Offline",
      "isPromoActive": "N",
      "priceChangeCode": "H"
    },
    "isAvailable": true,
    "isPriceAvailable": true,
    "inPromo": false,
    "gtin": [
      "05400141117974",
      "05400141128949",
      "95400141269287"
    ],
    "topCategoryName": "Zuivel",
    "topCategoryId": "65",
    "businessDomain": "RETAIL_BE",
    "IsPrivateLabel": true,
    "IsBiffe": false,
    "WeightconversionFactor": "300",
    "IsWeightArticle": true,
    "nutriscoreLabel": "C",
    "IsBio": false,
    "CountryOfOrigin": "ZWITSERLAND",
    "IsExclusivelySoldInLuxembourg": false,
    "OrderUnit": "P",
    "ShortName": "BONI ZW.GRUYE.BL+-300GW",
    "IsNew": false,
    "EcoscoreLabel": "C",
    "RecentQuanityOfStockUnits": "1",
    "LongName": "BONI Gruyère Zwitserland blok ±300g",
    "AlcoholVolume": "0",
    "FicCode": "I",
    "EcoscoreValue": "58"
  },
  {
    "productId": "37905",
    "technicalArticleNumber": "1846700",
    "commercialArticleNumber": "34799",
    "name": "yoghurt aardbei",
    "description": "*Vol\n*Met stukjes fruit",
    "brand": "ACTIVIA",
    "seoBrand": "Danone Activia",
    "thumbNail": "https://static.colruytgroup.com/images/200x200/std.lang.all/63/48/asset-2356348.jpg",
    "fullImage": "https://static.colruytgroup.com/images/500x500/std.lang.all/63/48/asset-2356348.jpg",
    "squareImage": "https://static.colruytgroup.com/images/500x500sq/std.lang.all/63/48/asset-2356348.jpg",
    "content": "4x125g",
    "walkRouteSequenceNumber": 5759,
    "price": {
      "basicPrice": 1.89,
      "recommendedQuantity": "1.0",
      "quantityPrice": 1.5,
      "quantityPriceQuantity": "2.0",
      "measurementUnitPrice": 3.78,
      "measurementUnitQuantityPrice": 3,
      "measurementUnit": "K",
      "isRedPrice": false,
      "pricePerUOM": 3.78,
      "activationDate": "18-03-2024",
      "recordSource": "Offline",
      "isPromoActive": "N",
      "priceChangeCode": "E",
      "quantityPricePerUOM": 3,
      "quantityActivationDate": "18-03-2024",
      "quantityPriceChangeCode": "E"
    },
    "isAvailable": true,
    "isPriceAvailable": true,
    "inPromo": false,
    "gtin": [
      "15410146417778",
      "05410146417771",
      "05060058331971"
    ],
    "topCategoryName": "Zuivel",
    "topCategoryId": "65",
    "businessDomain": "RETAIL_BE",
    "IsPrivateLabel": false,
    "IsBiffe": false,
    "WeightconversionFactor": "0",
    "IsWeightArticle": false,
    "nutriscoreLabel": "B",
    "IsBio": false,
    "CountryOfOrigin": "FRANKRIJK",
    "IsExclusivelySoldInLuxembourg": false,
    "OrderUnit": "P",
    "ShortName": "DAN ACT AARDBEI 4X125G",
    "InSeason": true,
    "IsNew": false,
    "EcoscoreLabel": "A",
    "RecentQuanityOfStockUnits": "1",
    "LongName": "ACTIVIA yoghurt aardbei 4x125g",
    "AlcoholVolume": "0",
    "StartSeasonDate": "19/04/2019",
    "FicCode": "E",
    "EcoscoreValue": "86"
  },
  {
    "productId": "2180",
    "technicalArticleNumber": "26511",
    "commercialArticleNumber": "26511",
    "name": "geitenkaas natuur",
    "description": "*Frankrijk\n*Geitenkaas\n*Fris, zachte smaak\n*Gepasteuriseerde\nmelk",
    "brand": "CHAVROUX",
    "seoBrand": "Chavroux",
    "thumbNail": "https://static.colruytgroup.com/images/200x200/nl_be/49/56/asset-924956.jpg",
    "fullImage": "https://static.colruytgroup.com/images/500x500/nl_be/49/56/asset-924956.jpg",
    "squareImage": "https://static.colruytgroup.com/images/500x500sq/nl_be/49/56/asset-924956.jpg",
    "content": "150g",
    "walkRouteSequenceNumber": 4916,
    "price": {
      "basicPrice": 2.65,
      "recommendedQuantity": "1.0",
      "measurementUnitPrice": 17.67,
      "measurementUnit": "K",
      "isRedPrice": false,
      "pricePerUOM": 17.67,
      "activationDate": "08-03-2024",
      "recordSource": "Offline",
      "isPromoActive": "N",
      "priceChangeCode": "H"
    },
    "isAvailable": true,
    "isPriceAvailable": true,
    "inPromo": false,
    "gtin": [
      "03272770003148",
      "03272770097796",
      "03272778054012",
      "03272779779013",
      "03272770016247"
    ],
    "topCategoryName": "Zuivel",
    "topCategoryId": "65",
    "businessDomain": "RETAIL_BE",
    "IsPrivateLabel": false,
    "IsBiffe": false,
    "WeightconversionFactor": "0",
    "IsWeightArticle": false,
    "nutriscoreLabel": "D",
    "IsBio": false,
    "CountryOfOrigin": "FRANKRIJK",
    "IsExclusivelySoldInLuxembourg": false,
    "OrderUnit": "P",
    "ShortName": "CHAVROUX VERS GEITEK150",
    "InSeason": true,
    "IsNew": false,
    "RecentQuanityOfStockUnits": "1",
    "LongName": "CHAVROUX geitenkaas natuur 150g",
    "AlcoholVolume": "0",
    "StartSeasonDate": "26/01/2024",
    "FicCode": "E"
  },
  {
    "productId": "552885",
    "technicalArticleNumber": "4185013",
    "commercialArticleNumber": "13189",
    "name": "tiram.crumb.spec.",
    "description": "*Op basis van recept van\ntiramisu",
    "brand": "HOMEMADE DESSERTS",
    "seoBrand": "Homemade Desserts",
    "thumbNail": "https://static.colruytgroup.com/images/200x200/std.lang.all/21/70/asset-2752170.jpg",
    "fullImage": "https://static.colruytgroup.com/images/500x500/std.lang.all/21/70/asset-2752170.jpg",
    "squareImage": "https://static.colruytgroup.com/images/500x500sq/std.lang.all/21/70/asset-2752170.jpg",
    "content": "95g",
    "walkRouteSequenceNumber": 5925,
    "price": {
      "basicPrice": 2.09,
      "recommendedQuantity": "1.0",
      "measurementUnitPrice": 22,
      "measurementUnit": "K",
      "isRedPrice": false,
      "pricePerUOM": 22,
      "activationDate": "13-12-2023",
      "isPromoActive": "N",
      "priceChangeCode": "E"
    },
    "isAvailable": true,
    "isPriceAvailable": true,
    "inPromo": false,
    "gtin": [
      "05430000775113",
      "05430000775151",
      "05430000775663"
    ],
    "topCategoryName": "Zuivel",
    "topCategoryId": "65",
    "businessDomain": "RETAIL_BE",
    "IsPrivateLabel": false,
    "IsBiffe": false,
    "WeightconversionFactor": "0",
    "IsWeightArticle": false,
    "IsBio": false,
    "CountryOfOrigin": "BELGIË",
    "IsExclusivelySoldInLuxembourg": false,
    "OrderUnit": "P",
    "ShortName": "HODE TIRA.CR.SPEC95G",
    "IsNew": false,
    "EcoscoreLabel": "E",
    "RecentQuanityOfStockUnits": "6,1",
    "LongName": "HOMEMADE DESSERTS tiram.crumb.spec. 95g",
    "FicCode": "E",
    "EcoscoreValue": "0"
  },
  {
    "productId": "54039",
    "technicalArticleNumber": "2386901",
    "commercialArticleNumber": "31556",
    "name": "tiramisu",
    "brand": "BONI",
    "seoBrand": "Boni Selection",
    "thumbNail": "https://static.colruytgroup.com/images/200x200/std.lang.all/72/69/asset-3307269.jpg",
    "fullImage": "https://static.colruytgroup.com/images/500x500/std.lang.all/72/69/asset-3307269.jpg",
    "squareImage": "https://static.colruytgroup.com/images/500x500sq/std.lang.all/72/69/asset-3307269.jpg",
    "content": "4x85g",
    "walkRouteSequenceNumber": 5931,
    "price": {
      "basicPrice": 2.62,
      "recommendedQuantity": "1.0",
      "quantityPrice": 2.04,
      "quantityPriceQuantity": "2.0",
      "measurementUnitPrice": 7.71,
      "measurementUnitQuantityPrice": 6,
      "measurementUnit": "K",
      "isRedPrice": false,
      "pricePerUOM": 7.71,
      "activationDate": "22-03-2024",
      "recordSource": "Offline",
      "isPromoActive": "N",
      "priceChangeCode": "E",
      "quantityPricePerUOM": 6,
      "quantityActivationDate": "22-03-2024",
      "quantityPriceChangeCode": "E"
    },
    "isAvailable": true,
    "isPriceAvailable": true,
    "inPromo": false,
    "gtin": [
      "05400141213683",
      "05400141293234",
      "05400141401585",
      "15400141293231",
      "15400141401582",
      "05400141442281",
      "15400141442288",
      "05400141766196",
      "15400141766193"
    ],
    "topCategoryName": "Zuivel",
    "topCategoryId": "65",
    "businessDomain": "RETAIL_BE",
    "IsPrivateLabel": true,
    "IsBiffe": false,
    "WeightconversionFactor": "0",
    "IsWeightArticle": false,
    "nutriscoreLabel": "D",
    "IsBio": false,
    "CountryOfOrigin": "ITALIË",
    "IsExclusivelySoldInLuxembourg": false,
    "OrderUnit": "P",
    "ShortName": "BONI S TIRAMISU 4X85G",
    "IsNew": false,
    "EcoscoreLabel": "E",
    "RecentQuanityOfStockUnits": "1,4",
    "LongName": "BONI tiramisu 4x85g",
    "AlcoholVolume": "0",
    "FicCode": "I",
    "EcoscoreValue": "7"
  },
  {
    "productId": "345538",
    "technicalArticleNumber": "3829479",
    "commercialArticleNumber": "42212",
    "name": "chocolademousse",
    "brand": "BONI",
    "seoBrand": "Boni Selection",
    "thumbNail": "https://static.colruytgroup.com/images/200x200/std.lang.all/41/65/asset-3224165.jpg",
    "fullImage": "https://static.colruytgroup.com/images/500x500/std.lang.all/41/65/asset-3224165.jpg",
    "squareImage": "https://static.colruytgroup.com/images/500x500sq/std.lang.all/41/65/asset-3224165.jpg",
    "content": "75g",
    "walkRouteSequenceNumber": 5934,
    "price": {
      "basicPrice": 1.05,
      "recommendedQuantity": "1.0",
      "measurementUnitPrice": 14,
      "measurementUnit": "K",
      "isRedPrice": false,
      "pricePerUOM": 14,
      "activationDate": "15-02-2024",
      "recordSource": "Offline",
      "isPromoActive": "N",
      "priceChangeCode": "E"
    },
    "isAvailable": true,
    "isPriceAvailable": true,
    "inPromo": false,
    "gtin": [
      "05400141470185",
      "05400141835939",
      "15400141470182",
      "05400141233339",
      "05400141293579",
      "15400141293576",
      "15400141233336"
    ],
    "topCategoryName": "Zuivel",
    "topCategoryId": "65",
    "businessDomain": "RETAIL_BE",
    "IsPrivateLabel": true,
    "IsBiffe": false,
    "WeightconversionFactor": "0",
    "IsWeightArticle": false,
    "nutriscoreLabel": "E",
    "IsBio": false,
    "CountryOfOrigin": "BELGIË",
    "IsExclusivelySoldInLuxembourg": false,
    "OrderUnit": "P",
    "ShortName": "BONI CHOCOLADEMOUSSE75G",
    "IsNew": false,
    "EcoscoreLabel": "C",
    "RecentQuanityOfStockUnits": "1,12",
    "LongName": "BONI chocolademousse 75g",
    "AlcoholVolume": "0",
    "FicCode": "I",
    "EcoscoreValue": "55"
  },
  {
    "productId": "2078",
    "technicalArticleNumber": "26605",
    "commercialArticleNumber": "26605",
    "name": "ricotta",
    "description": "*Italië\n*Verse kaas\n*Licht, fris, mild,\nromig",
    "brand": "GALBANI",
    "seoBrand": "Galbani",
    "thumbNail": "https://static.colruytgroup.com/images/200x200/std.lang.all/58/68/asset-2985868.jpg",
    "fullImage": "https://static.colruytgroup.com/images/500x500/std.lang.all/58/68/asset-2985868.jpg",
    "squareImage": "https://static.colruytgroup.com/images/500x500sq/std.lang.all/58/68/asset-2985868.jpg",
    "content": "250g",
    "walkRouteSequenceNumber": 5213,
    "price": {
      "basicPrice": 2.19,
      "recommendedQuantity": "1.0",
      "measurementUnitPrice": 8.76,
      "measurementUnit": "K",
      "isRedPrice": false,
      "pricePerUOM": 8.76,
      "activationDate": "18-03-2024",
      "recordSource": "Offline",
      "isPromoActive": "N",
      "priceChangeCode": "H"
    },
    "isAvailable": true,
    "isPriceAvailable": true,
    "inPromo": false,
    "gtin": [
      "08000430194012",
      "08000430919110"
    ],
    "topCategoryName": "Zuivel",
    "topCategoryId": "65",
    "businessDomain": "RETAIL_BE",
    "IsPrivateLabel": false,
    "IsBiffe": false,
    "WeightconversionFactor": "0",
    "IsWeightArticle": false,
    "nutriscoreLabel": "C",
    "IsBio": false,
    "CountryOfOrigin": "ITALIË",
    "IsExclusivelySoldInLuxembourg": false,
    "OrderUnit": "P",
    "ShortName": "GALBANI RICOTTA 250GR",
    "IsNew": false,
    "EcoscoreLabel": "B",
    "RecentQuanityOfStockUnits": "8,1",
    "LongName": "GALBANI ricotta 250g",
    "AlcoholVolume": "0",
    "FicCode": "E",
    "EcoscoreValue": "67"
  },
  {
    "productId": "30164",
    "technicalArticleNumber": "1677493",
    "commercialArticleNumber": "27389",
    "name": "Brie",
    "description": "*Frankrijk\n*Zachte kaas\n*Witschimmelkorst\n*O.b.v. gepast. melk",
    "brand": "BONI",
    "seoBrand": "Boni Selection",
    "thumbNail": "https://static.colruytgroup.com/images/200x200/std.lang.all/31/49/asset-3323149.jpg",
    "fullImage": "https://static.colruytgroup.com/images/500x500/std.lang.all/31/49/asset-3323149.jpg",
    "squareImage": "https://static.colruytgroup.com/images/500x500sq/std.lang.all/31/49/asset-3323149.jpg",
    "content": "±385g",
    "walkRouteSequenceNumber": 5176,
    "price": {
      "basicPrice": 7.45,
      "recommendedQuantity": "0.4",
      "unit": "K",
      "measurementUnitPrice": 7.45,
      "measurementUnit": "K",
      "isRedPrice": false,
      "pricePerUOM": 7.45,
      "activationDate": "23-01-2024",
      "recordSource": "Offline",
      "isPromoActive": "N",
      "priceChangeCode": "H"
    },
    "isAvailable": true,
    "isPriceAvailable": true,
    "inPromo": false,
    "gtin": [
      "00000025273892",
      "03760161340809",
      "95400141273888",
      "95400141132154",
      "05400141132151",
      "95400141737953"
    ],
    "topCategoryName": "Zuivel",
    "topCategoryId": "65",
    "businessDomain": "RETAIL_BE",
    "IsPrivateLabel": true,
    "IsBiffe": false,
    "WeightconversionFactor": "385",
    "IsWeightArticle": true,
    "nutriscoreLabel": "C",
    "IsBio": false,
    "CountryOfOrigin": "FRANKRIJK",
    "IsExclusivelySoldInLuxembourg": false,
    "OrderUnit": "P",
    "ShortName": "BONI FRANS.BRIE+- 385GW",
    "InSeason": true,
    "IsNew": false,
    "EcoscoreLabel": "B",
    "RecentQuanityOfStockUnits": "1",
    "LongName": "BONI Brie ±385g",
    "AlcoholVolume": "0",
    "StartSeasonDate": "28/02/2022",
    "FicCode": "I",
    "EcoscoreValue": "69"
  },
  {
    "productId": "17460",
    "technicalArticleNumber": "1768277",
    "commercialArticleNumber": "33742",
    "name": "verse kaas 0%vg",
    "description": "*Mager\n*Vetgehalte: 0 %",
    "brand": "BONI BIO",
    "seoBrand": "Boni Selection Bio",
    "thumbNail": "https://static.colruytgroup.com/images/200x200/std.lang.all/71/58/asset-3307158.jpg",
    "fullImage": "https://static.colruytgroup.com/images/500x500/std.lang.all/71/58/asset-3307158.jpg",
    "squareImage": "https://static.colruytgroup.com/images/500x500sq/std.lang.all/71/58/asset-3307158.jpg",
    "content": "500g",
    "walkRouteSequenceNumber": 5708,
    "price": {
      "basicPrice": 1.89,
      "recommendedQuantity": "1.0",
      "measurementUnitPrice": 3.78,
      "measurementUnit": "K",
      "isRedPrice": false,
      "pricePerUOM": 3.78,
      "activationDate": "05-01-2024",
      "recordSource": "Offline",
      "isPromoActive": "N",
      "priceChangeCode": "L"
    },
    "isAvailable": true,
    "isPriceAvailable": true,
    "inPromo": false,
    "gtin": [
      "15400141799283",
      "05400141414745",
      "05400141414585",
      "05400141337426",
      "05400141156935",
      "05400141158724",
      "05400141219777",
      "05400141194678",
      "05400141571745"
    ],
    "topCategoryName": "Zuivel",
    "topCategoryId": "65",
    "businessDomain": "RETAIL_BE",
    "IsPrivateLabel": true,
    "IsBiffe": false,
    "WeightconversionFactor": "0",
    "IsWeightArticle": false,
    "nutriscoreLabel": "A",
    "IsBio": true,
    "CountryOfOrigin": "BELGIË",
    "IsExclusivelySoldInLuxembourg": false,
    "OrderUnit": "P",
    "ShortName": "BS BIO KAAS OPC 500G",
    "IsNew": false,
    "EcoscoreLabel": "A",
    "RecentQuanityOfStockUnits": "1,1",
    "LongName": "BONI BIO verse kaas 0%vg 500g",
    "AlcoholVolume": "0",
    "FicCode": "I",
    "EcoscoreValue": "100"
  },
  {
    "productId": "13285",
    "technicalArticleNumber": "1307719",
    "commercialArticleNumber": "26489",
    "name": "Gratin 3 Kazen Geraspt",
    "description": "*Geraspte kaas\n*Emmental,\nmaasdammer en\nbergkaese",
    "brand": "VACHE BLEUE",
    "seoBrand": "Vache Bleue",
    "thumbNail": "https://static.colruytgroup.com/images/200x200/std.lang.all/47/30/asset-3204730.jpg",
    "fullImage": "https://static.colruytgroup.com/images/500x500/std.lang.all/47/30/asset-3204730.jpg",
    "squareImage": "https://static.colruytgroup.com/images/500x500sq/std.lang.all/47/30/asset-3204730.jpg",
    "content": "375g",
    "walkRouteSequenceNumber": 5636,
    "price": {
      "basicPrice": 6.54,
      "recommendedQuantity": "1.0",
      "measurementUnitPrice": 17.44,
      "measurementUnit": "K",
      "isRedPrice": false,
      "pricePerUOM": 17.44,
      "activationDate": "14-03-2024",
      "recordSource": "Offline",
      "isPromoActive": "N",
      "priceChangeCode": "E"
    },
    "isAvailable": true,
    "isPriceAvailable": true,
    "inPromo": false,
    "gtin": [
      "05410298052271",
      "05410298052097"
    ],
    "topCategoryName": "Zuivel",
    "topCategoryId": "65",
    "businessDomain": "RETAIL_BE",
    "IsPrivateLabel": false,
    "IsBiffe": false,
    "WeightconversionFactor": "0",
    "IsWeightArticle": false,
    "nutriscoreLabel": "D",
    "IsBio": false,
    "CountryOfOrigin": "BELGIË",
    "IsExclusivelySoldInLuxembourg": false,
    "OrderUnit": "P",
    "ShortName": "VACHE BLEUE GRATIN 375G",
    "IsNew": false,
    "EcoscoreLabel": "D",
    "RecentQuanityOfStockUnits": "1",
    "LongName": "VACHE BLEUE Gratin 3 Kazen Geraspt 375g",
    "AlcoholVolume": "0",
    "FicCode": "E",
    "EcoscoreValue": "27"
  },
  {
    "productId": "47592",
    "technicalArticleNumber": "2432757",
    "commercialArticleNumber": "25182",
    "name": "crème vanil-choc",
    "brand": "DANONE DANETTE",
    "seoBrand": "Danone Danette",
    "thumbNail": "https://static.colruytgroup.com/images/200x200/std.lang.all/43/24/asset-3394324.jpg",
    "fullImage": "https://static.colruytgroup.com/images/500x500/std.lang.all/43/24/asset-3394324.jpg",
    "squareImage": "https://static.colruytgroup.com/images/500x500sq/std.lang.all/43/24/asset-3394324.jpg",
    "content": "8x125g",
    "walkRouteSequenceNumber": 5970,
    "price": {
      "basicPrice": 3.98,
      "recommendedQuantity": "1.0",
      "measurementUnitPrice": 3.98,
      "measurementUnit": "K",
      "isRedPrice": false,
      "pricePerUOM": 3.98,
      "activationDate": "22-03-2024",
      "recordSource": "Offline",
      "isPromoActive": "N",
      "priceChangeCode": "E"
    },
    "isAvailable": true,
    "isPriceAvailable": true,
    "inPromo": false,
    "gtin": [
      "05410146411304",
      "05410146416491"
    ],
    "topCategoryName": "Zuivel",
    "topCategoryId": "65",
    "businessDomain": "RETAIL_BE",
    "IsPrivateLabel": false,
    "IsBiffe": false,
    "WeightconversionFactor": "0",
    "IsWeightArticle": false,
    "nutriscoreLabel": "C",
    "IsBio": false,
    "CountryOfOrigin": "FRANKRIJK",
    "IsExclusivelySoldInLuxembourg": false,
    "OrderUnit": "P",
    "ShortName": "DAN DUBBEL SMAAK 8X125G",
    "InSeason": true,
    "IsNew": false,
    "EcoscoreLabel": "A",
    "RecentQuanityOfStockUnits": "1",
    "LongName": "DANONE DANETTE crème vanil-choc 8x125g",
    "AlcoholVolume": "0",
    "StartSeasonDate": "29/04/2020",
    "FicCode": "E",
    "EcoscoreValue": "91"
  },
  {
    "productId": "529302",
    "technicalArticleNumber": "4118968",
    "commercialArticleNumber": "7419",
    "name": "extra belegen sneetjes",
    "description": "*Nederland\n*Halfharde kaas\n*Korst niet eetbaar\n*Extra belegen\n6 maanden gerijpt",
    "brand": "BEEMSTER",
    "seoBrand": "Beemster",
    "thumbNail": "https://static.colruytgroup.com/images/200x200/std.lang.all/19/01/asset-2861901.jpg",
    "fullImage": "https://static.colruytgroup.com/images/500x500/std.lang.all/19/01/asset-2861901.jpg",
    "squareImage": "https://static.colruytgroup.com/images/500x500sq/std.lang.all/19/01/asset-2861901.jpg",
    "content": "300g",
    "walkRouteSequenceNumber": 6209,
    "price": {
      "basicPrice": 5.98,
      "recommendedQuantity": "1.0",
      "measurementUnitPrice": 19.94,
      "measurementUnit": "K",
      "isRedPrice": false,
      "pricePerUOM": 19.94,
      "activationDate": "13-03-2024",
      "recordSource": "Offline",
      "isPromoActive": "N",
      "priceChangeCode": "E"
    },
    "isAvailable": true,
    "isPriceAvailable": true,
    "inPromo": false,
    "gtin": [
      "05400141878875",
      "05400141442403",
      "05400141951363",
      "05400141297676"
    ],
    "topCategoryName": "Zuivel",
    "topCategoryId": "65",
    "businessDomain": "RETAIL_BE",
    "IsPrivateLabel": false,
    "IsBiffe": false,
    "WeightconversionFactor": "0",
    "IsWeightArticle": false,
    "nutriscoreLabel": "D",
    "IsBio": false,
    "CountryOfOrigin": "NEDERLAND",
    "IsExclusivelySoldInLuxembourg": false,
    "OrderUnit": "P",
    "ShortName": "BEEM EXT.BELEG.SN 300G",
    "IsNew": false,
    "EcoscoreLabel": "D",
    "RecentQuanityOfStockUnits": "1",
    "LongName": "BEEMSTER extra belegen sneetjes 300g",
    "FicCode": "I",
    "EcoscoreValue": "28"
  },
  {
    "productId": "457966",
    "technicalArticleNumber": "3952990",
    "commercialArticleNumber": "1958",
    "name": "volle yogh. natuur",
    "description": "*Vol",
    "brand": "OIKOS",
    "seoBrand": "Oikos",
    "thumbNail": "https://static.colruytgroup.com/images/200x200/std.lang.all/38/33/asset-3373833.jpg",
    "fullImage": "https://static.colruytgroup.com/images/500x500/std.lang.all/38/33/asset-3373833.jpg",
    "squareImage": "https://static.colruytgroup.com/images/500x500sq/std.lang.all/38/33/asset-3373833.jpg",
    "content": "480g",
    "walkRouteSequenceNumber": 5895,
    "price": {
      "basicPrice": 3.49,
      "recommendedQuantity": "1.0",
      "quantityPrice": 1.77,
      "quantityPriceQuantity": "2.0",
      "measurementUnitPrice": 7.28,
      "measurementUnitQuantityPrice": 3.69,
      "measurementUnit": "K",
      "isRedPrice": false,
      "pricePerUOM": 7.28,
      "activationDate": "19-03-2024",
      "recordSource": "Offline",
      "isPromoActive": "N",
      "priceChangeCode": "E",
      "quantityPricePerUOM": 3.69,
      "quantityActivationDate": "19-03-2024",
      "quantityPriceChangeCode": "L"
    },
    "isAvailable": true,
    "isPriceAvailable": true,
    "inPromo": false,
    "gtin": [
      "05410146417610",
      "35410146417611",
      "15410146417617"
    ],
    "topCategoryName": "Zuivel",
    "topCategoryId": "65",
    "businessDomain": "RETAIL_BE",
    "IsPrivateLabel": false,
    "IsBiffe": false,
    "WeightconversionFactor": "0",
    "IsWeightArticle": false,
    "nutriscoreLabel": "C",
    "IsBio": false,
    "CountryOfOrigin": "POLEN",
    "IsExclusivelySoldInLuxembourg": false,
    "OrderUnit": "P",
    "ShortName": "OIKO YOGHURT NAT. 480G",
    "IsNew": false,
    "EcoscoreLabel": "A",
    "RecentQuanityOfStockUnits": "1",
    "LongName": "OIKOS volle yogh. natuur 480g",
    "FicCode": "E",
    "EcoscoreValue": "100"
  },
  {
    "productId": "147950",
    "technicalArticleNumber": "3313617",
    "commercialArticleNumber": "1883",
    "name": "yoghurt vol van.bio glas",
    "description": "*Vol\n*Met aroma's",
    "brand": "PUR NATUR",
    "seoBrand": "Pur Natur",
    "thumbNail": "https://static.colruytgroup.com/images/200x200/std.lang.all/70/53/asset-1557053.jpg",
    "fullImage": "https://static.colruytgroup.com/images/500x500/std.lang.all/70/53/asset-1557053.jpg",
    "squareImage": "https://static.colruytgroup.com/images/500x500sq/std.lang.all/70/53/asset-1557053.jpg",
    "content": "500g",
    "walkRouteSequenceNumber": 5783,
    "price": {
      "basicPrice": 2.29,
      "recommendedQuantity": "1.0",
      "measurementUnitPrice": 4.58,
      "measurementUnit": "K",
      "isRedPrice": false,
      "pricePerUOM": 4.58,
      "activationDate": "21-03-2024",
      "recordSource": "Offline",
      "isPromoActive": "N",
      "priceChangeCode": "E"
    },
    "isAvailable": true,
    "isPriceAvailable": true,
    "inPromo": false,
    "gtin": [
      "05400141037241",
      "05412971116287"
    ],
    "topCategoryName": "Zuivel",
    "topCategoryId": "65",
    "businessDomain": "RETAIL_BE",
    "IsPrivateLabel": false,
    "IsBiffe": false,
    "WeightconversionFactor": "0",
    "IsWeightArticle": false,
    "nutriscoreLabel": "C",
    "IsBio": true,
    "CountryOfOrigin": "BELGIË",
    "IsExclusivelySoldInLuxembourg": false,
    "OrderUnit": "P",
    "ShortName": "PN BIO YOGH VAN 500G GL",
    "IsNew": false,
    "EcoscoreLabel": "A",
    "RecentQuanityOfStockUnits": "1",
    "LongName": "PUR NATUR yoghurt vol van.bio glas 500g",
    "AlcoholVolume": "0",
    "FicCode": "E",
    "EcoscoreValue": "100"
  },
  {
    "productId": "89755",
    "technicalArticleNumber": "2933215",
    "commercialArticleNumber": "38671",
    "name": "natuur",
    "description": "*Frankrijk\n*Verse kaas\n*Licht gezouten",
    "brand": "ST MÔRET",
    "seoBrand": "St Môret",
    "thumbNail": "https://static.colruytgroup.com/images/200x200/std.lang.all/90/03/asset-1779003.jpg",
    "fullImage": "https://static.colruytgroup.com/images/500x500/std.lang.all/90/03/asset-1779003.jpg",
    "squareImage": "https://static.colruytgroup.com/images/500x500sq/std.lang.all/90/03/asset-1779003.jpg",
    "content": "150g",
    "walkRouteSequenceNumber": 4886,
    "price": {
      "basicPrice": 3.29,
      "recommendedQuantity": "1.0",
      "measurementUnitPrice": 21.94,
      "measurementUnit": "K",
      "isRedPrice": false,
      "pricePerUOM": 21.94,
      "activationDate": "03-01-2024",
      "recordSource": "Offline",
      "isPromoActive": "N",
      "priceChangeCode": "L"
    },
    "isAvailable": true,
    "isPriceAvailable": true,
    "inPromo": true,
    "promotion": [
      {
        "techPromoId": "100978COLR",
        "promotionId": "100978",
        "promotionType": "3",
        "isPersonalized": "N",
        "publicationStartDate": "13-03-2024",
        "publicationEndDate": "26-03-2024"
      }
    ],
    "gtin": [
      "03272770481021",
      "03272770004817"
    ],
    "topCategoryName": "Zuivel",
    "topCategoryId": "65",
    "businessDomain": "RETAIL_BE",
    "IsPrivateLabel": false,
    "IsBiffe": false,
    "WeightconversionFactor": "0",
    "IsWeightArticle": false,
    "nutriscoreLabel": "D",
    "IsBio": false,
    "CountryOfOrigin": "FRANKRIJK",
    "IsExclusivelySoldInLuxembourg": false,
    "OrderUnit": "P",
    "ShortName": "ST-MORET PRIM. NAT 150G",
    "IsNew": false,
    "RecentQuanityOfStockUnits": "1",
    "LongName": "ST MÔRET natuur 150g",
    "AlcoholVolume": "0",
    "FicCode": "E"
  },
  {
    "productId": "195396",
    "technicalArticleNumber": "3421435",
    "commercialArticleNumber": "30369",
    "name": "geitenkaas rol",
    "description": "*Frankrijk\n*Gepas.geitenmelk",
    "brand": "BONI",
    "seoBrand": "Boni Selection",
    "thumbNail": "https://static.colruytgroup.com/images/200x200/std.lang.all/92/56/asset-3349256.jpg",
    "fullImage": "https://static.colruytgroup.com/images/500x500/std.lang.all/92/56/asset-3349256.jpg",
    "squareImage": "https://static.colruytgroup.com/images/500x500sq/std.lang.all/92/56/asset-3349256.jpg",
    "content": "125g",
    "walkRouteSequenceNumber": 4919,
    "price": {
      "basicPrice": 1.79,
      "recommendedQuantity": "1.0",
      "measurementUnitPrice": 14.32,
      "measurementUnit": "K",
      "isRedPrice": false,
      "pricePerUOM": 14.32,
      "activationDate": "19-03-2024",
      "recordSource": "Folder",
      "isPromoActive": "N",
      "priceChangeCode": "E"
    },
    "isAvailable": true,
    "isPriceAvailable": true,
    "inPromo": false,
    "gtin": [
      "15400141843863",
      "05400141243833",
      "15400141243830"
    ],
    "topCategoryName": "Zuivel",
    "topCategoryId": "65",
    "businessDomain": "RETAIL_BE",
    "IsPrivateLabel": true,
    "IsBiffe": false,
    "WeightconversionFactor": "0",
    "IsWeightArticle": false,
    "nutriscoreLabel": "C",
    "IsBio": false,
    "CountryOfOrigin": "FRANKRIJK",
    "IsExclusivelySoldInLuxembourg": false,
    "OrderUnit": "P",
    "ShortName": "BONI GEIT VERS ROL 125G",
    "IsNew": false,
    "EcoscoreLabel": "D",
    "RecentQuanityOfStockUnits": "1,6",
    "LongName": "BONI geitenkaas rol 125g",
    "AlcoholVolume": "0",
    "FicCode": "I",
    "EcoscoreValue": "28"
  },
  {
    "productId": "161690",
    "technicalArticleNumber": "3294767",
    "commercialArticleNumber": "37485",
    "name": "verse kaas stracciatella",
    "brand": "BONI",
    "seoBrand": "Boni Selection",
    "thumbNail": "https://static.colruytgroup.com/images/200x200/std.lang.all/87/50/asset-3208750.jpg",
    "fullImage": "https://static.colruytgroup.com/images/500x500/std.lang.all/87/50/asset-3208750.jpg",
    "squareImage": "https://static.colruytgroup.com/images/500x500sq/std.lang.all/87/50/asset-3208750.jpg",
    "content": "180g",
    "walkRouteSequenceNumber": 5874,
    "price": {
      "basicPrice": 0.55,
      "recommendedQuantity": "1.0",
      "measurementUnitPrice": 3.06,
      "measurementUnit": "K",
      "isRedPrice": false,
      "pricePerUOM": 3.06,
      "activationDate": "02-02-2024",
      "recordSource": "Offline",
      "isPromoActive": "N",
      "priceChangeCode": "E"
    },
    "isAvailable": true,
    "isPriceAvailable": true,
    "inPromo": false,
    "gtin": [
      "05400141238723",
      "15400141293972",
      "15400141799191",
      "05400141293975",
      "05400141414646"
    ],
    "topCategoryName": "Zuivel",
    "topCategoryId": "65",
    "businessDomain": "RETAIL_BE",
    "IsPrivateLabel": true,
    "IsBiffe": false,
    "WeightconversionFactor": "0",
    "IsWeightArticle": false,
    "nutriscoreLabel": "C",
    "IsBio": false,
    "CountryOfOrigin": "FRANKRIJK",
    "IsExclusivelySoldInLuxembourg": false,
    "OrderUnit": "P",
    "ShortName": "BONI KAAS STRACCIAT180G",
    "IsNew": false,
    "EcoscoreLabel": "A",
    "RecentQuanityOfStockUnits": "1,8",
    "LongName": "BONI verse kaas stracciatella 180g",
    "AlcoholVolume": "0",
    "FicCode": "I",
    "EcoscoreValue": "100"
  },
  {
    "productId": "317230",
    "technicalArticleNumber": "3781311",
    "commercialArticleNumber": "40144",
    "name": "yoghurt mager natuur",
    "description": "*Mager\n*Biologisch",
    "brand": "BONI BIO",
    "seoBrand": "Boni Selection Bio",
    "thumbNail": "https://static.colruytgroup.com/images/200x200/std.lang.all/18/22/asset-3031822.jpg",
    "fullImage": "https://static.colruytgroup.com/images/500x500/std.lang.all/18/22/asset-3031822.jpg",
    "squareImage": "https://static.colruytgroup.com/images/500x500sq/std.lang.all/18/22/asset-3031822.jpg",
    "content": "1L",
    "walkRouteSequenceNumber": 5722,
    "price": {
      "basicPrice": 1.49,
      "recommendedQuantity": "1.0",
      "measurementUnitPrice": 1.49,
      "measurementUnit": "L",
      "isRedPrice": false,
      "pricePerUOM": 1.49,
      "activationDate": "17-02-2024",
      "recordSource": "Offline",
      "isPromoActive": "N",
      "priceChangeCode": "E"
    },
    "isAvailable": true,
    "isPriceAvailable": true,
    "inPromo": false,
    "gtin": [
      "05400141194739",
      "05400141213638",
      "05400141367911",
      "15400141194736",
      "15400141213635",
      "15400141367918"
    ],
    "topCategoryName": "Zuivel",
    "topCategoryId": "65",
    "businessDomain": "RETAIL_BE",
    "IsPrivateLabel": true,
    "IsBiffe": false,
    "WeightconversionFactor": "0",
    "IsWeightArticle": false,
    "nutriscoreLabel": "A",
    "IsBio": true,
    "CountryOfOrigin": "NEDERLAND",
    "IsExclusivelySoldInLuxembourg": false,
    "OrderUnit": "P",
    "ShortName": "BONI BIO YOGH MAGER 1K",
    "IsNew": false,
    "EcoscoreLabel": "A",
    "RecentQuanityOfStockUnits": "1,6",
    "LongName": "BONI BIO yoghurt mager natuur 1L",
    "AlcoholVolume": "0",
    "FicCode": "I",
    "EcoscoreValue": "100"
  },
  {
    "productId": "528930",
    "technicalArticleNumber": "4119078",
    "commercialArticleNumber": "8277",
    "name": "kaas Lightlife sneetjes",
    "description": "*Nederland\n*Halfharde kaas\n*Mild, nootachtig\n*Abs. V.G.: 16,5 %",
    "brand": "LEERDAMMER",
    "seoBrand": "Leerdammer",
    "thumbNail": "https://static.colruytgroup.com/images/200x200/std.lang.all/36/02/asset-3363602.jpg",
    "fullImage": "https://static.colruytgroup.com/images/500x500/std.lang.all/36/02/asset-3363602.jpg",
    "squareImage": "https://static.colruytgroup.com/images/500x500sq/std.lang.all/36/02/asset-3363602.jpg",
    "content": "350g",
    "walkRouteSequenceNumber": 6244,
    "price": {
      "basicPrice": 5.14,
      "recommendedQuantity": "1.0",
      "measurementUnitPrice": 14.69,
      "measurementUnit": "K",
      "isRedPrice": false,
      "pricePerUOM": 14.69,
      "activationDate": "16-03-2024",
      "recordSource": "Offline",
      "isPromoActive": "N",
      "priceChangeCode": "L"
    },
    "isAvailable": true,
    "isPriceAvailable": true,
    "inPromo": false,
    "gtin": [
      "05400141517750",
      "05400141297973",
      "05400141398519"
    ],
    "topCategoryName": "Zuivel",
    "topCategoryId": "65",
    "businessDomain": "RETAIL_BE",
    "IsPrivateLabel": false,
    "IsBiffe": false,
    "WeightconversionFactor": "0",
    "IsWeightArticle": false,
    "nutriscoreLabel": "D",
    "IsBio": false,
    "CountryOfOrigin": "NEDERLAND",
    "IsExclusivelySoldInLuxembourg": false,
    "OrderUnit": "P",
    "ShortName": "LEERDAM LIGHT SN 350G",
    "IsNew": false,
    "EcoscoreLabel": "B",
    "RecentQuanityOfStockUnits": "1",
    "LongName": "LEERDAMMER kaas Lightlife sneetjes 350g",
    "FicCode": "I",
    "EcoscoreValue": "61"
  },
  {
    "productId": "10100",
    "technicalArticleNumber": "1370947",
    "commercialArticleNumber": "26729",
    "name": "kruidenboter",
    "description": "*Vetgehalte: 62 %",
    "brand": "BONI",
    "seoBrand": "Boni Selection",
    "thumbNail": "https://static.colruytgroup.com/images/200x200/std.lang.all/92/49/asset-3349249.jpg",
    "fullImage": "https://static.colruytgroup.com/images/500x500/std.lang.all/92/49/asset-3349249.jpg",
    "squareImage": "https://static.colruytgroup.com/images/500x500sq/std.lang.all/92/49/asset-3349249.jpg",
    "content": "125g",
    "walkRouteSequenceNumber": 6071,
    "price": {
      "basicPrice": 2.49,
      "recommendedQuantity": "1.0",
      "measurementUnitPrice": 19.92,
      "measurementUnit": "K",
      "isRedPrice": false,
      "pricePerUOM": 19.92,
      "activationDate": "10-02-2024",
      "isPromoActive": "N",
      "priceChangeCode": "H"
    },
    "isAvailable": true,
    "isPriceAvailable": true,
    "inPromo": false,
    "gtin": [
      "15400141255949",
      "05400141043969",
      "05400141044027",
      "05400141143171",
      "05400141143188",
      "05400141255942",
      "05400141267297",
      "15400141999980",
      "05400141999983"
    ],
    "topCategoryName": "Zuivel",
    "topCategoryId": "65",
    "businessDomain": "RETAIL_BE",
    "IsPrivateLabel": true,
    "IsBiffe": false,
    "WeightconversionFactor": "0",
    "IsWeightArticle": false,
    "nutriscoreLabel": "E",
    "IsBio": false,
    "CountryOfOrigin": "DUITSLAND",
    "IsExclusivelySoldInLuxembourg": false,
    "OrderUnit": "P",
    "ShortName": "BONI KRUIDENBOTER125G",
    "IsNew": false,
    "EcoscoreLabel": "C",
    "RecentQuanityOfStockUnits": "8,1",
    "LongName": "BONI kruidenboter 125g",
    "AlcoholVolume": "0",
    "FicCode": "I",
    "EcoscoreValue": "41"
  },
  {
    "productId": "563193",
    "technicalArticleNumber": "4202616",
    "commercialArticleNumber": "15585",
    "name": "geitenkaas gerookt spek",
    "description": "*Geitenkaas\n*Romig, omhuld met\nspek",
    "brand": "EVERYDAY",
    "seoBrand": "Everyday",
    "thumbNail": "https://ecgproductmw.colruytgroup.com/ecgproductmw/noPicForArticle_2.jpg",
    "fullImage": "https://ecgproductmw.colruytgroup.com/ecgproductmw/noPicForArticle_5.jpg",
    "squareImage": "https://ecgproductmw.colruytgroup.com/ecgproductmw/noPicForArticle_5.jpg",
    "content": "4x30g",
    "walkRouteSequenceNumber": 5206,
    "price": {
      "basicPrice": 2.99,
      "recommendedQuantity": "1.0",
      "measurementUnitPrice": 24.92,
      "measurementUnit": "K",
      "isRedPrice": false,
      "pricePerUOM": 24.92,
      "activationDate": "16-02-2024",
      "recordSource": "Offline",
      "isPromoActive": "N",
      "priceChangeCode": "E"
    },
    "isAvailable": true,
    "isPriceAvailable": true,
    "inPromo": false,
    "gtin": [
      "15400141342588",
      "05400141342581",
      "15400141914532",
      "05400141914535"
    ],
    "topCategoryName": "Zuivel",
    "topCategoryId": "65",
    "businessDomain": "RETAIL_BE",
    "IsPrivateLabel": true,
    "IsBiffe": false,
    "WeightconversionFactor": "0",
    "IsWeightArticle": false,
    "nutriscoreLabel": "C",
    "IsBio": false,
    "CountryOfOrigin": "BELGIË",
    "IsExclusivelySoldInLuxembourg": false,
    "OrderUnit": "P",
    "ShortName": "EVD GEIT SPEK 4X30G",
    "IsNew": false,
    "RecentQuanityOfStockUnits": "12,1",
    "LongName": "EVERYDAY geitenkaas gerookt spek 4x30g",
    "FicCode": "I"
  },
  {
    "productId": "2135",
    "technicalArticleNumber": "26719",
    "commercialArticleNumber": "26719",
    "name": "melkerijboter gezouten",
    "description": "*Melkerijboter\n*Vetgehalte: 80,5 %\n*Gezouten\n*Belgisch",
    "brand": "ROCHEFORT",
    "seoBrand": "Rochefort",
    "thumbNail": "https://static.colruytgroup.com/images/200x200/std.lang.all/34/35/asset-1713435.jpg",
    "fullImage": "https://static.colruytgroup.com/images/500x500/std.lang.all/34/35/asset-1713435.jpg",
    "squareImage": "https://static.colruytgroup.com/images/500x500sq/std.lang.all/34/35/asset-1713435.jpg",
    "content": "250g",
    "walkRouteSequenceNumber": 6154,
    "price": {
      "basicPrice": 4.19,
      "recommendedQuantity": "1.0",
      "quantityPrice": 3.35,
      "quantityPriceQuantity": "2.0",
      "measurementUnitPrice": 16.76,
      "measurementUnitQuantityPrice": 13.4,
      "measurementUnit": "K",
      "isRedPrice": false,
      "pricePerUOM": 16.76,
      "activationDate": "19-03-2024",
      "recordSource": "Offline",
      "isPromoActive": "N",
      "priceChangeCode": "E",
      "quantityPricePerUOM": 13.4,
      "quantityActivationDate": "19-03-2024",
      "quantityPriceChangeCode": "H"
    },
    "isAvailable": true,
    "isPriceAvailable": true,
    "inPromo": false,
    "gtin": [
      "05410603017902",
      "05410603117909"
    ],
    "topCategoryName": "Zuivel",
    "topCategoryId": "65",
    "businessDomain": "RETAIL_BE",
    "IsPrivateLabel": false,
    "IsBiffe": false,
    "WeightconversionFactor": "0",
    "IsWeightArticle": false,
    "nutriscoreLabel": "E",
    "IsBio": false,
    "CountryOfOrigin": "BELGIË",
    "IsExclusivelySoldInLuxembourg": false,
    "OrderUnit": "P",
    "ShortName": "ROCHEF.BOTER GEZOUT250G",
    "IsNew": false,
    "EcoscoreLabel": "C",
    "RecentQuanityOfStockUnits": "1",
    "LongName": "ROCHEFORT melkerijboter gezouten 250g",
    "AlcoholVolume": "0",
    "FicCode": "E",
    "EcoscoreValue": "57"
  },
  {
    "productId": "106049",
    "technicalArticleNumber": "3125553",
    "commercialArticleNumber": "12380",
    "name": "Special Mix geraspt",
    "description": "*België,\n*Geraspte kaas\n50% Grimbergen\n30% belgische gouda\n20% cheddar",
    "brand": "BONI",
    "seoBrand": "Boni Selection",
    "thumbNail": "https://static.colruytgroup.com/images/200x200/std.lang.all/57/68/asset-3245768.jpg",
    "fullImage": "https://static.colruytgroup.com/images/500x500/std.lang.all/57/68/asset-3245768.jpg",
    "squareImage": "https://static.colruytgroup.com/images/500x500sq/std.lang.all/57/68/asset-3245768.jpg",
    "content": "200g",
    "walkRouteSequenceNumber": 5643,
    "price": {
      "basicPrice": 2.19,
      "recommendedQuantity": "1.0",
      "quantityPrice": 1.75,
      "quantityPriceQuantity": "2.0",
      "measurementUnitPrice": 10.95,
      "measurementUnitQuantityPrice": 8.75,
      "measurementUnit": "K",
      "isRedPrice": false,
      "pricePerUOM": 10.95,
      "activationDate": "22-03-2024",
      "recordSource": "Offline",
      "isPromoActive": "N",
      "priceChangeCode": "E",
      "quantityPricePerUOM": 8.75,
      "quantityActivationDate": "22-03-2024",
      "quantityPriceChangeCode": "E"
    },
    "isAvailable": true,
    "isPriceAvailable": true,
    "inPromo": false,
    "gtin": [
      "05400141022483",
      "05400141115901",
      "05400141167054",
      "05400141992205",
      "05400141932096",
      "05400141066913"
    ],
    "topCategoryName": "Zuivel",
    "topCategoryId": "65",
    "businessDomain": "RETAIL_BE",
    "IsPrivateLabel": true,
    "IsBiffe": false,
    "WeightconversionFactor": "0",
    "IsWeightArticle": false,
    "nutriscoreLabel": "C",
    "IsBio": false,
    "CountryOfOrigin": "BELGIË",
    "IsExclusivelySoldInLuxembourg": false,
    "OrderUnit": "P",
    "ShortName": "BONI SPECIAL MIX 200GR",
    "IsNew": false,
    "RecentQuanityOfStockUnits": "1",
    "LongName": "BONI Special Mix geraspt 200g",
    "AlcoholVolume": "0",
    "FicCode": "I"
  },
  {
    "productId": "4362",
    "technicalArticleNumber": "1011178",
    "commercialArticleNumber": "26229",
    "name": "yoghurt fruit 5 smaken 0%vg",
    "description": "*Mager\n*Met stukjes fruit",
    "brand": "BONI",
    "seoBrand": "Boni Selection",
    "thumbNail": "https://static.colruytgroup.com/images/200x200/std.lang.all/94/12/asset-1959412.jpg",
    "fullImage": "https://static.colruytgroup.com/images/500x500/std.lang.all/94/12/asset-1959412.jpg",
    "squareImage": "https://static.colruytgroup.com/images/500x500sq/std.lang.all/94/12/asset-1959412.jpg",
    "content": "12x125g",
    "walkRouteSequenceNumber": 5758,
    "price": {
      "basicPrice": 2.69,
      "recommendedQuantity": "1.0",
      "measurementUnitPrice": 1.8,
      "measurementUnit": "K",
      "isRedPrice": false,
      "pricePerUOM": 1.8,
      "activationDate": "13-03-2024",
      "recordSource": "Offline",
      "isPromoActive": "N",
      "priceChangeCode": "H"
    },
    "isAvailable": true,
    "isPriceAvailable": true,
    "inPromo": false,
    "gtin": [
      "15400141252450",
      "05400141233315",
      "05400141035384",
      "05400141252453",
      "05400141269277",
      "05400141417012"
    ],
    "topCategoryName": "Zuivel",
    "topCategoryId": "65",
    "businessDomain": "RETAIL_BE",
    "IsPrivateLabel": true,
    "IsBiffe": false,
    "WeightconversionFactor": "0",
    "IsWeightArticle": false,
    "nutriscoreLabel": "A",
    "IsBio": false,
    "CountryOfOrigin": "FRANKRIJK",
    "IsExclusivelySoldInLuxembourg": false,
    "OrderUnit": "P",
    "ShortName": "BONI 0PC FR YOG 12X125G",
    "IsNew": false,
    "EcoscoreLabel": "A",
    "RecentQuanityOfStockUnits": "1,4",
    "LongName": "BONI yoghurt fruit 5 smaken 0%vg 12x125g",
    "AlcoholVolume": "0",
    "FicCode": "I",
    "EcoscoreValue": "90"
  },
  {
    "productId": "98004",
    "technicalArticleNumber": "2837266",
    "commercialArticleNumber": "23505",
    "name": "verse kaas light 17%vg",
    "description": "*Denemarken\n*Verse kaas\n*Abs. V.G.: 16,7 %",
    "brand": "EVERYDAY",
    "seoBrand": "Everyday",
    "thumbNail": "https://static.colruytgroup.com/images/200x200/std.lang.all/38/97/asset-2243897.jpg",
    "fullImage": "https://static.colruytgroup.com/images/500x500/std.lang.all/38/97/asset-2243897.jpg",
    "squareImage": "https://static.colruytgroup.com/images/500x500sq/std.lang.all/38/97/asset-2243897.jpg",
    "content": "200g",
    "walkRouteSequenceNumber": 4902,
    "price": {
      "basicPrice": 1.19,
      "recommendedQuantity": "1.0",
      "measurementUnitPrice": 5.95,
      "measurementUnit": "K",
      "isRedPrice": false,
      "pricePerUOM": 5.95,
      "activationDate": "25-11-2023",
      "recordSource": "Offline",
      "isPromoActive": "N",
      "priceChangeCode": "L"
    },
    "isAvailable": true,
    "isPriceAvailable": true,
    "inPromo": false,
    "gtin": [
      "05400141210217",
      "05400141366280",
      "15400141366287",
      "15400141957089"
    ],
    "topCategoryName": "Zuivel",
    "topCategoryId": "65",
    "businessDomain": "RETAIL_BE",
    "IsPrivateLabel": true,
    "IsBiffe": false,
    "WeightconversionFactor": "0",
    "IsWeightArticle": false,
    "nutriscoreLabel": "C",
    "IsBio": false,
    "CountryOfOrigin": "DENEMARKEN",
    "IsExclusivelySoldInLuxembourg": false,
    "OrderUnit": "P",
    "ShortName": "EVD VERS KAAS LIGHT 200",
    "IsNew": false,
    "EcoscoreLabel": "B",
    "RecentQuanityOfStockUnits": "10,1",
    "LongName": "EVERYDAY verse kaas light 17%vg 200g",
    "AlcoholVolume": "0",
    "FicCode": "I",
    "EcoscoreValue": "72"
  },
  {
    "productId": "2063",
    "technicalArticleNumber": "26149",
    "commercialArticleNumber": "26149",
    "name": "slagroom opklopbaar 40% vg brik",
    "description": "* Vetgehalte: 40 %\n* Romige toets in soep, aardappelen\nen nagerechten / saus inkoken /\nslagroom",
    "brand": "BONI",
    "seoBrand": "Boni Selection",
    "thumbNail": "https://static.colruytgroup.com/images/200x200/std.lang.all/80/25/asset-3028025.jpg",
    "fullImage": "https://static.colruytgroup.com/images/500x500/std.lang.all/80/25/asset-3028025.jpg",
    "squareImage": "https://static.colruytgroup.com/images/500x500sq/std.lang.all/80/25/asset-3028025.jpg",
    "content": "1L",
    "walkRouteSequenceNumber": 6033,
    "price": {
      "basicPrice": 3.99,
      "recommendedQuantity": "1.0",
      "measurementUnitPrice": 3.99,
      "measurementUnit": "L",
      "isRedPrice": false,
      "pricePerUOM": 3.99,
      "activationDate": "11-03-2024",
      "recordSource": "Folder",
      "isPromoActive": "N",
      "priceChangeCode": "L"
    },
    "isAvailable": true,
    "isPriceAvailable": true,
    "inPromo": false,
    "gtin": [
      "05400141461497",
      "05400141043884",
      "05400141140729",
      "05400141261493",
      "15400141140726",
      "15400141973348"
    ],
    "topCategoryName": "Zuivel",
    "topCategoryId": "65",
    "businessDomain": "RETAIL_BE",
    "IsPrivateLabel": true,
    "IsBiffe": false,
    "WeightconversionFactor": "0",
    "IsWeightArticle": false,
    "nutriscoreLabel": "D",
    "IsBio": false,
    "CountryOfOrigin": "BELGIË",
    "IsExclusivelySoldInLuxembourg": false,
    "OrderUnit": "P",
    "ShortName": "BONI SLAGROOM 40PC 1L",
    "IsNew": false,
    "EcoscoreLabel": "A",
    "RecentQuanityOfStockUnits": "12,1",
    "LongName": "BONI slagroom opklopbaar 40% vg brik 1L",
    "AlcoholVolume": "0",
    "FicCode": "I",
    "EcoscoreValue": "81"
  },
  {
    "productId": "82147",
    "technicalArticleNumber": "2934303",
    "commercialArticleNumber": "35608",
    "name": "yoghurt mager nat.suik.",
    "description": "*Mager\n*Gesuikerd",
    "brand": "EVERYDAY",
    "seoBrand": "Everyday",
    "thumbNail": "https://static.colruytgroup.com/images/200x200/std.lang.all/34/53/asset-693453.jpg",
    "fullImage": "https://static.colruytgroup.com/images/500x500/std.lang.all/34/53/asset-693453.jpg",
    "squareImage": "https://static.colruytgroup.com/images/500x500sq/std.lang.all/34/53/asset-693453.jpg",
    "content": "8x125g",
    "walkRouteSequenceNumber": 5715,
    "price": {
      "basicPrice": 1.39,
      "recommendedQuantity": "1.0",
      "measurementUnitPrice": 1.39,
      "measurementUnit": "K",
      "isRedPrice": false,
      "pricePerUOM": 1.39,
      "activationDate": "22-07-2023",
      "recordSource": "Offline",
      "isPromoActive": "N",
      "priceChangeCode": "H"
    },
    "isAvailable": true,
    "isPriceAvailable": true,
    "inPromo": false,
    "gtin": [
      "05400141041897",
      "15400141953074",
      "05400141167801",
      "15400141987208"
    ],
    "topCategoryName": "Zuivel",
    "topCategoryId": "65",
    "businessDomain": "RETAIL_BE",
    "IsPrivateLabel": true,
    "IsBiffe": false,
    "WeightconversionFactor": "0",
    "IsWeightArticle": false,
    "nutriscoreLabel": "B",
    "IsBio": false,
    "CountryOfOrigin": "FRANKRIJK",
    "IsExclusivelySoldInLuxembourg": false,
    "OrderUnit": "P",
    "ShortName": "EVD NAT MAG SUIK 8X125G",
    "IsNew": false,
    "EcoscoreLabel": "B",
    "RecentQuanityOfStockUnits": "1,6",
    "LongName": "EVERYDAY yoghurt mager nat.suik. 8x125g",
    "AlcoholVolume": "0",
    "FicCode": "I",
    "EcoscoreValue": "73"
  },
  {
    "productId": "1861",
    "technicalArticleNumber": "26169",
    "commercialArticleNumber": "26169",
    "name": "yoghurt mager Brik",
    "description": "*Mager\n*Roeryoghurt",
    "brand": "EVERYDAY",
    "seoBrand": "Everyday",
    "thumbNail": "https://static.colruytgroup.com/images/200x200/std.lang.all/28/14/asset-382814.jpg",
    "fullImage": "https://static.colruytgroup.com/images/500x500/std.lang.all/28/14/asset-382814.jpg",
    "squareImage": "https://static.colruytgroup.com/images/500x500sq/std.lang.all/28/14/asset-382814.jpg",
    "content": "1L",
    "walkRouteSequenceNumber": 5717,
    "price": {
      "basicPrice": 0.79,
      "recommendedQuantity": "1.0",
      "measurementUnitPrice": 0.79,
      "measurementUnit": "L",
      "isRedPrice": false,
      "pricePerUOM": 0.79,
      "activationDate": "14-11-2023",
      "recordSource": "Offline",
      "isPromoActive": "N",
      "priceChangeCode": "E"
    },
    "isAvailable": true,
    "isPriceAvailable": true,
    "inPromo": false,
    "gtin": [
      "05400141118742",
      "05400141361698",
      "05400141664966",
      "05400141167870",
      "05400141306996",
      "15400141306993",
      "05400141927597",
      "15400141664963"
    ],
    "topCategoryName": "Zuivel",
    "topCategoryId": "65",
    "businessDomain": "RETAIL_BE",
    "IsPrivateLabel": true,
    "IsBiffe": false,
    "WeightconversionFactor": "0",
    "IsWeightArticle": false,
    "nutriscoreLabel": "A",
    "IsBio": false,
    "CountryOfOrigin": "BELGIË",
    "IsExclusivelySoldInLuxembourg": false,
    "OrderUnit": "P",
    "ShortName": "EVD MAGER YOGH 1L",
    "IsNew": false,
    "EcoscoreLabel": "B",
    "RecentQuanityOfStockUnits": "1,6,6",
    "LongName": "EVERYDAY yoghurt mager Brik 1L",
    "AlcoholVolume": "0",
    "FicCode": "I",
    "EcoscoreValue": "67"
  },
  {
    "productId": "583835",
    "technicalArticleNumber": "4238130",
    "commercialArticleNumber": "18999",
    "name": "Griekse yoghurt vanille",
    "brand": "BONI",
    "seoBrand": "Boni Selection",
    "thumbNail": "https://static.colruytgroup.com/images/200x200/std.lang.all/10/53/asset-2201053.jpg",
    "fullImage": "https://static.colruytgroup.com/images/500x500/std.lang.all/10/53/asset-2201053.jpg",
    "squareImage": "https://static.colruytgroup.com/images/500x500sq/std.lang.all/10/53/asset-2201053.jpg",
    "content": "4x150g",
    "walkRouteSequenceNumber": 5912,
    "price": {
      "basicPrice": 2.29,
      "recommendedQuantity": "1.0",
      "measurementUnitPrice": 3.82,
      "measurementUnit": "K",
      "isRedPrice": false,
      "pricePerUOM": 3.82,
      "activationDate": "18-03-2024",
      "recordSource": "Offline",
      "isPromoActive": "N",
      "priceChangeCode": "E"
    },
    "isAvailable": true,
    "isPriceAvailable": true,
    "inPromo": false,
    "gtin": [
      "05400141364958"
    ],
    "topCategoryName": "Zuivel",
    "topCategoryId": "65",
    "businessDomain": "RETAIL_BE",
    "IsPrivateLabel": true,
    "IsBiffe": false,
    "WeightconversionFactor": "0",
    "IsWeightArticle": false,
    "nutriscoreLabel": "C",
    "IsBio": false,
    "CountryOfOrigin": "FRANKRIJK",
    "IsExclusivelySoldInLuxembourg": false,
    "OrderUnit": "P",
    "ShortName": "BONI GRI.STIJL.VAN4X150",
    "IsNew": false,
    "EcoscoreLabel": "A",
    "RecentQuanityOfStockUnits": "1,6",
    "LongName": "BONI Griekse yoghurt vanille 4x150g",
    "FicCode": "I",
    "EcoscoreValue": "100"
  },
  {
    "productId": "861905",
    "technicalArticleNumber": "4712996",
    "commercialArticleNumber": "29090",
    "name": "pannenkoeken",
    "brand": "EVERYDAY",
    "seoBrand": "Everyday",
    "thumbNail": "https://static.colruytgroup.com/images/200x200/std.lang.all/71/28/asset-3257128.jpg",
    "fullImage": "https://static.colruytgroup.com/images/500x500/std.lang.all/71/28/asset-3257128.jpg",
    "squareImage": "https://static.colruytgroup.com/images/500x500sq/std.lang.all/71/28/asset-3257128.jpg",
    "content": "600g",
    "walkRouteSequenceNumber": 6109,
    "price": {
      "basicPrice": 1.69,
      "recommendedQuantity": "1.0",
      "measurementUnitPrice": 2.82,
      "measurementUnit": "K",
      "isRedPrice": false,
      "pricePerUOM": 2.82,
      "activationDate": "22-03-2024",
      "recordSource": "Offline",
      "isPromoActive": "N",
      "priceChangeCode": "L"
    },
    "isAvailable": true,
    "isPriceAvailable": true,
    "inPromo": false,
    "gtin": [
      "15400141443902",
      "05400141443905"
    ],
    "topCategoryName": "Bereidingen/Charcuterie/Vis/Veggie",
    "topCategoryId": "105",
    "businessDomain": "RETAIL_BE",
    "IsPrivateLabel": true,
    "IsBiffe": false,
    "WeightconversionFactor": "0",
    "IsWeightArticle": false,
    "nutriscoreLabel": "C",
    "IsBio": false,
    "CountryOfOrigin": "NEDERLAND",
    "IsExclusivelySoldInLuxembourg": false,
    "OrderUnit": "P",
    "ShortName": "EVD PANNENKOEK 600G",
    "IsNew": false,
    "EcoscoreLabel": "B",
    "RecentQuanityOfStockUnits": "1,10",
    "LongName": "EVERYDAY pannenkoeken 600g",
    "AlcoholVolume": "0",
    "FicCode": "I",
    "EcoscoreValue": "66"
  },
  {
    "productId": "2137",
    "technicalArticleNumber": "26730",
    "commercialArticleNumber": "26730",
    "name": "boter HV zeezout vlootje",
    "description": "*Vetgehalte: 41 %\n*Gezouten\n*Belgisch",
    "brand": "BALADE",
    "seoBrand": "Balade",
    "thumbNail": "https://static.colruytgroup.com/images/200x200/std.lang.all/10/29/asset-3441029.jpg",
    "fullImage": "https://static.colruytgroup.com/images/500x500/std.lang.all/10/29/asset-3441029.jpg",
    "squareImage": "https://static.colruytgroup.com/images/500x500sq/std.lang.all/10/29/asset-3441029.jpg",
    "content": "250g",
    "walkRouteSequenceNumber": 6085,
    "price": {
      "basicPrice": 2.99,
      "recommendedQuantity": "1.0",
      "measurementUnitPrice": 11.96,
      "measurementUnit": "K",
      "isRedPrice": false,
      "pricePerUOM": 11.96,
      "activationDate": "27-02-2024",
      "recordSource": "Offline",
      "isPromoActive": "N",
      "priceChangeCode": "E"
    },
    "isAvailable": true,
    "isPriceAvailable": true,
    "inPromo": false,
    "gtin": [
      "05411396035975",
      "05411156001110",
      "05411156004289",
      "05411156007068"
    ],
    "topCategoryName": "Zuivel",
    "topCategoryId": "65",
    "businessDomain": "RETAIL_BE",
    "IsPrivateLabel": false,
    "IsBiffe": false,
    "WeightconversionFactor": "0",
    "IsWeightArticle": false,
    "nutriscoreLabel": "E",
    "IsBio": false,
    "CountryOfOrigin": "BELGIË",
    "IsExclusivelySoldInLuxembourg": false,
    "OrderUnit": "P",
    "ShortName": "BALADE MET ZEEZOUT 250G",
    "IsNew": false,
    "RecentQuanityOfStockUnits": "1,12",
    "LongName": "BALADE boter HV zeezout vlootje 250g",
    "AlcoholVolume": "0",
    "FicCode": "E"
  },
  {
    "productId": "218071",
    "technicalArticleNumber": "3501784",
    "commercialArticleNumber": "28054",
    "name": "Belgisch ei vrije uitloop L",
    "description": "*Oorsprong: België\n*Klasse A",
    "brand": "BONI",
    "seoBrand": "Boni Selection",
    "thumbNail": "https://static.colruytgroup.com/images/200x200/std.lang.all/19/45/asset-3331945.jpg",
    "fullImage": "https://static.colruytgroup.com/images/500x500/std.lang.all/19/45/asset-3331945.jpg",
    "squareImage": "https://static.colruytgroup.com/images/500x500sq/std.lang.all/19/45/asset-3331945.jpg",
    "content": "6st",
    "walkRouteSequenceNumber": 8701,
    "price": {
      "basicPrice": 2.39,
      "recommendedQuantity": "1.0",
      "measurementUnitPrice": 0.399,
      "measurementUnit": "S",
      "isRedPrice": false,
      "pricePerUOM": 0.399,
      "activationDate": "16-03-2024",
      "recordSource": "Offline",
      "isPromoActive": "N",
      "priceChangeCode": "H"
    },
    "isAvailable": true,
    "isPriceAvailable": true,
    "inPromo": false,
    "gtin": [
      "15400141824848",
      "15400141089650",
      "15400141089216",
      "05400141299649",
      "05400141401318",
      "05400141234114",
      "05400141800838",
      "45400141661338",
      "15400141800835",
      "25400141800832",
      "05400141661330"
    ],
    "topCategoryName": "Zuivel",
    "topCategoryId": "65",
    "businessDomain": "RETAIL_BE",
    "IsPrivateLabel": true,
    "IsBiffe": false,
    "WeightconversionFactor": "0",
    "IsWeightArticle": false,
    "nutriscoreLabel": "A",
    "IsBio": false,
    "CountryOfOrigin": "BELGIË",
    "IsExclusivelySoldInLuxembourg": false,
    "OrderUnit": "P",
    "ShortName": "BONI EIEREN 6L VR. UITL",
    "InSeason": true,
    "IsNew": false,
    "EcoscoreLabel": "D",
    "RecentQuanityOfStockUnits": "1",
    "LongName": "BONI Belgisch ei vrije uitloop L 6st",
    "AlcoholVolume": "0",
    "StartSeasonDate": "12/06/2023",
    "FicCode": "I",
    "EcoscoreValue": "30"
  },
  {
    "productId": "825687",
    "technicalArticleNumber": "4662737",
    "commercialArticleNumber": "29899",
    "name": "Original",
    "brand": "BECEL PROACTIV",
    "seoBrand": "Becel ProActiv",
    "thumbNail": "https://static.colruytgroup.com/images/200x200/nl_be/00/32/asset-3430032.jpg",
    "fullImage": "https://static.colruytgroup.com/images/500x500/nl_be/00/32/asset-3430032.jpg",
    "squareImage": "https://static.colruytgroup.com/images/500x500sq/nl_be/00/32/asset-3430032.jpg",
    "content": "450g",
    "walkRouteSequenceNumber": 6067,
    "price": {
      "basicPrice": 5.39,
      "recommendedQuantity": "1.0",
      "measurementUnitPrice": 11.98,
      "measurementUnit": "K",
      "isRedPrice": false,
      "pricePerUOM": 11.98,
      "activationDate": "18-03-2024",
      "recordSource": "Offline",
      "isPromoActive": "Y",
      "priceChangeCode": "H"
    },
    "isAvailable": true,
    "isPriceAvailable": true,
    "inPromo": true,
    "promotion": [
      {
        "techPromoId": "100878COLR",
        "promotionId": "100878",
        "promotionType": "3",
        "isPersonalized": "N",
        "publicationStartDate": "13-03-2024",
        "publicationEndDate": "26-03-2024"
      }
    ],
    "gtin": [
      "08719200230453",
      "08719200230446"
    ],
    "topCategoryName": "Zuivel",
    "topCategoryId": "65",
    "businessDomain": "RETAIL_BE",
    "IsPrivateLabel": false,
    "IsBiffe": false,
    "WeightconversionFactor": "0",
    "IsWeightArticle": false,
    "nutriscoreLabel": "C",
    "IsBio": false,
    "CountryOfOrigin": "POLEN",
    "IsExclusivelySoldInLuxembourg": false,
    "OrderUnit": "P",
    "ShortName": "PROAC.ORIGINAL450G",
    "IsNew": false,
    "EcoscoreLabel": "B",
    "RecentQuanityOfStockUnits": "1,8",
    "LongName": "BECEL PROACTIV Original 450g",
    "FicCode": "E",
    "EcoscoreValue": "68"
  },
  {
    "productId": "2138",
    "technicalArticleNumber": "26731",
    "commercialArticleNumber": "26731",
    "name": "boter HV ongezouten vlootje",
    "description": "*Vetgehalte: 41 %\n*Ongezouten\n*Belgisch",
    "brand": "BALADE",
    "seoBrand": "Balade",
    "thumbNail": "https://static.colruytgroup.com/images/200x200/std.lang.all/06/97/asset-3440697.jpg",
    "fullImage": "https://static.colruytgroup.com/images/500x500/std.lang.all/06/97/asset-3440697.jpg",
    "squareImage": "https://static.colruytgroup.com/images/500x500sq/std.lang.all/06/97/asset-3440697.jpg",
    "content": "250g",
    "walkRouteSequenceNumber": 6086,
    "price": {
      "basicPrice": 2.99,
      "recommendedQuantity": "1.0",
      "measurementUnitPrice": 11.96,
      "measurementUnit": "K",
      "isRedPrice": false,
      "pricePerUOM": 11.96,
      "activationDate": "27-02-2024",
      "recordSource": "Offline",
      "isPromoActive": "N",
      "priceChangeCode": "E"
    },
    "isAvailable": true,
    "isPriceAvailable": true,
    "inPromo": false,
    "gtin": [
      "05411396035951",
      "05411156004272",
      "05411156007051",
      "05411396000164"
    ],
    "topCategoryName": "Zuivel",
    "topCategoryId": "65",
    "businessDomain": "RETAIL_BE",
    "IsPrivateLabel": false,
    "IsBiffe": false,
    "WeightconversionFactor": "0",
    "IsWeightArticle": false,
    "nutriscoreLabel": "D",
    "IsBio": false,
    "CountryOfOrigin": "BELGIË",
    "IsExclusivelySoldInLuxembourg": false,
    "OrderUnit": "P",
    "ShortName": "BALAD HALFVOL BOTER250G",
    "IsNew": false,
    "RecentQuanityOfStockUnits": "1",
    "LongName": "BALADE boter HV ongezouten vlootje 250g",
    "AlcoholVolume": "0",
    "FicCode": "E"
  },
  {
    "productId": "528471",
    "technicalArticleNumber": "4117766",
    "commercialArticleNumber": "3850",
    "name": "rijstpap vanille",
    "brand": "BONI",
    "seoBrand": "Boni Selection",
    "thumbNail": "https://static.colruytgroup.com/images/200x200/std.lang.all/34/00/asset-1953400.jpg",
    "fullImage": "https://static.colruytgroup.com/images/500x500/std.lang.all/34/00/asset-1953400.jpg",
    "squareImage": "https://static.colruytgroup.com/images/500x500sq/std.lang.all/34/00/asset-1953400.jpg",
    "content": "6x140g",
    "walkRouteSequenceNumber": 5983,
    "price": {
      "basicPrice": 2.63,
      "recommendedQuantity": "1.0",
      "measurementUnitPrice": 3.14,
      "measurementUnit": "K",
      "isRedPrice": false,
      "pricePerUOM": 3.14,
      "activationDate": "17-11-2023",
      "recordSource": "Offline",
      "isPromoActive": "N",
      "priceChangeCode": "H"
    },
    "isAvailable": true,
    "isPriceAvailable": true,
    "inPromo": false,
    "gtin": [
      "05400141292824",
      "15400141292821",
      "15400141410782",
      "05400141410785",
      "05400141486155"
    ],
    "topCategoryName": "Zuivel",
    "topCategoryId": "65",
    "businessDomain": "RETAIL_BE",
    "IsPrivateLabel": true,
    "IsBiffe": false,
    "WeightconversionFactor": "0",
    "IsWeightArticle": false,
    "nutriscoreLabel": "C",
    "IsBio": false,
    "CountryOfOrigin": "BELGIË",
    "IsExclusivelySoldInLuxembourg": false,
    "OrderUnit": "P",
    "ShortName": "BONI RIJSTPAP 6X140G",
    "IsNew": false,
    "EcoscoreLabel": "A",
    "RecentQuanityOfStockUnits": "1",
    "LongName": "BONI rijstpap vanille 6x140g",
    "AlcoholVolume": "0",
    "FicCode": "I",
    "EcoscoreValue": "85"
  },
  {
    "productId": "883208",
    "technicalArticleNumber": "4741357",
    "commercialArticleNumber": "23690",
    "name": "Original palmolievrij",
    "description": "*Margarine smeren\n*Palmolievrij\n*Omega 3",
    "brand": "BECEL",
    "seoBrand": "Becel",
    "thumbNail": "https://static.colruytgroup.com/images/200x200/std.lang.all/91/58/asset-3329158.jpg",
    "fullImage": "https://static.colruytgroup.com/images/500x500/std.lang.all/91/58/asset-3329158.jpg",
    "squareImage": "https://static.colruytgroup.com/images/500x500sq/std.lang.all/91/58/asset-3329158.jpg",
    "content": "225g",
    "walkRouteSequenceNumber": 5739,
    "price": {
      "basicPrice": 1.79,
      "recommendedQuantity": "1.0",
      "measurementUnitPrice": 7.96,
      "measurementUnit": "K",
      "isRedPrice": false,
      "pricePerUOM": 7.96,
      "activationDate": "13-03-2024",
      "recordSource": "Offline",
      "isPromoActive": "N",
      "priceChangeCode": "E"
    },
    "isAvailable": true,
    "isPriceAvailable": true,
    "inPromo": false,
    "gtin": [
      "08719200262072",
      "08719200262065"
    ],
    "topCategoryName": "Zuivel",
    "topCategoryId": "65",
    "businessDomain": "RETAIL_BE",
    "IsPrivateLabel": false,
    "IsBiffe": false,
    "WeightconversionFactor": "0",
    "IsWeightArticle": false,
    "nutriscoreLabel": "D",
    "IsBio": false,
    "CountryOfOrigin": "DUITSLAND",
    "IsExclusivelySoldInLuxembourg": false,
    "OrderUnit": "P",
    "ShortName": "BECE MARGAR ORIG 225G",
    "IsNew": false,
    "EcoscoreLabel": "B",
    "RecentQuanityOfStockUnits": "16,1",
    "LongName": "BECEL Original palmolievrij 225g",
    "FicCode": "E",
    "EcoscoreValue": "63"
  },
  {
    "productId": "467850",
    "technicalArticleNumber": "3997371",
    "commercialArticleNumber": "4480",
    "name": "Mozzarella Di Bufala",
    "description": "*Italië\n*Verse kaas\n*O.b.v. buffelmelk",
    "brand": "BONI",
    "seoBrand": "Boni Selection",
    "thumbNail": "https://static.colruytgroup.com/images/200x200/std.lang.all/14/77/asset-3341477.jpg",
    "fullImage": "https://static.colruytgroup.com/images/500x500/std.lang.all/14/77/asset-3341477.jpg",
    "squareImage": "https://static.colruytgroup.com/images/500x500sq/std.lang.all/14/77/asset-3341477.jpg",
    "content": "125g",
    "walkRouteSequenceNumber": 5234,
    "price": {
      "basicPrice": 1.59,
      "recommendedQuantity": "1.0",
      "measurementUnitPrice": 12.72,
      "measurementUnit": "K",
      "isRedPrice": false,
      "pricePerUOM": 12.72,
      "activationDate": "27-02-2024",
      "recordSource": "Offline",
      "isPromoActive": "N",
      "priceChangeCode": "E"
    },
    "isAvailable": true,
    "isPriceAvailable": true,
    "inPromo": false,
    "gtin": [
      "05400141144833",
      "05400141266313",
      "15400141144830",
      "15400141266310"
    ],
    "topCategoryName": "Zuivel",
    "topCategoryId": "65",
    "businessDomain": "RETAIL_BE",
    "IsPrivateLabel": true,
    "IsBiffe": false,
    "WeightconversionFactor": "0",
    "IsWeightArticle": false,
    "nutriscoreLabel": "C",
    "IsBio": false,
    "CountryOfOrigin": "ITALIË",
    "IsExclusivelySoldInLuxembourg": false,
    "OrderUnit": "P",
    "ShortName": "BONI MOZZAR.BUFALA 125G",
    "IsNew": false,
    "EcoscoreLabel": "C",
    "RecentQuanityOfStockUnits": "8,1",
    "LongName": "BONI Mozzarella Di Bufala 125g",
    "FicCode": "I",
    "EcoscoreValue": "59"
  },
  {
    "productId": "18164",
    "technicalArticleNumber": "1727313",
    "commercialArticleNumber": "33342",
    "name": "smeerkaas ham",
    "description": "*Smeerkaas\n*Smeuïg,\nmet stukjes ham",
    "brand": "MAREDSOUS",
    "seoBrand": "Maredsous",
    "thumbNail": "https://static.colruytgroup.com/images/200x200/std.lang.all/46/56/asset-2274656.jpg",
    "fullImage": "https://static.colruytgroup.com/images/500x500/std.lang.all/46/56/asset-2274656.jpg",
    "squareImage": "https://static.colruytgroup.com/images/500x500sq/std.lang.all/46/56/asset-2274656.jpg",
    "content": "250g",
    "walkRouteSequenceNumber": 6129,
    "price": {
      "basicPrice": 4.36,
      "recommendedQuantity": "1.0",
      "measurementUnitPrice": 17.44,
      "measurementUnit": "K",
      "isRedPrice": false,
      "pricePerUOM": 17.44,
      "activationDate": "13-03-2024",
      "recordSource": "Offline",
      "isPromoActive": "N",
      "priceChangeCode": "H"
    },
    "isAvailable": true,
    "isPriceAvailable": true,
    "inPromo": false,
    "gtin": [
      "03073781181210",
      "03073780959636",
      "03073780966689",
      "03073780966757",
      "03073780959612",
      "03073781181203"
    ],
    "topCategoryName": "Zuivel",
    "topCategoryId": "65",
    "businessDomain": "RETAIL_BE",
    "IsPrivateLabel": false,
    "IsBiffe": false,
    "WeightconversionFactor": "0",
    "IsWeightArticle": false,
    "nutriscoreLabel": "E",
    "IsBio": false,
    "CountryOfOrigin": "SLOWAKIJE",
    "IsExclusivelySoldInLuxembourg": false,
    "OrderUnit": "P",
    "ShortName": "MDS DUBBELROOM HESP250G",
    "IsNew": false,
    "RecentQuanityOfStockUnits": "1,4",
    "LongName": "MAREDSOUS smeerkaas ham 250g",
    "AlcoholVolume": "0",
    "FicCode": "E"
  },
  {
    "productId": "2134",
    "technicalArticleNumber": "26718",
    "commercialArticleNumber": "26718",
    "name": "melkerijboter ongezouten",
    "description": "*Melkerijboter\n*Vetgehalte: 82 %\n*Ongezouten\n*Belgisch",
    "brand": "ROCHEFORT",
    "seoBrand": "Rochefort",
    "thumbNail": "https://static.colruytgroup.com/images/200x200/std.lang.all/34/34/asset-1713434.jpg",
    "fullImage": "https://static.colruytgroup.com/images/500x500/std.lang.all/34/34/asset-1713434.jpg",
    "squareImage": "https://static.colruytgroup.com/images/500x500sq/std.lang.all/34/34/asset-1713434.jpg",
    "content": "250g",
    "walkRouteSequenceNumber": 6155,
    "price": {
      "basicPrice": 4.19,
      "recommendedQuantity": "1.0",
      "quantityPrice": 3.35,
      "quantityPriceQuantity": "2.0",
      "measurementUnitPrice": 16.76,
      "measurementUnitQuantityPrice": 13.4,
      "measurementUnit": "K",
      "isRedPrice": false,
      "pricePerUOM": 16.76,
      "activationDate": "19-03-2024",
      "recordSource": "Offline",
      "isPromoActive": "N",
      "priceChangeCode": "E",
      "quantityPricePerUOM": 13.4,
      "quantityActivationDate": "19-03-2024",
      "quantityPriceChangeCode": "H"
    },
    "isAvailable": true,
    "isPriceAvailable": true,
    "inPromo": false,
    "gtin": [
      "05410603017919",
      "05410603117916"
    ],
    "topCategoryName": "Zuivel",
    "topCategoryId": "65",
    "businessDomain": "RETAIL_BE",
    "IsPrivateLabel": false,
    "IsBiffe": false,
    "WeightconversionFactor": "0",
    "IsWeightArticle": false,
    "nutriscoreLabel": "E",
    "IsBio": false,
    "CountryOfOrigin": "BELGIË",
    "IsExclusivelySoldInLuxembourg": false,
    "OrderUnit": "P",
    "ShortName": "ROCH.MELKERIJBOTER 250G",
    "IsNew": false,
    "EcoscoreLabel": "C",
    "RecentQuanityOfStockUnits": "1,40",
    "LongName": "ROCHEFORT melkerijboter ongezouten 250g",
    "AlcoholVolume": "0",
    "FicCode": "E",
    "EcoscoreValue": "56"
  },
  {
    "productId": "670679",
    "technicalArticleNumber": "4383344",
    "commercialArticleNumber": "24397",
    "name": "scharreleieren wit M / L",
    "brand": "BONI",
    "seoBrand": "Boni Selection",
    "thumbNail": "https://static.colruytgroup.com/images/200x200/std.lang.all/54/90/asset-3215490.jpg",
    "fullImage": "https://static.colruytgroup.com/images/500x500/std.lang.all/54/90/asset-3215490.jpg",
    "squareImage": "https://static.colruytgroup.com/images/500x500sq/std.lang.all/54/90/asset-3215490.jpg",
    "content": "10st",
    "walkRouteSequenceNumber": 8712,
    "price": {
      "basicPrice": 2.89,
      "recommendedQuantity": "1.0",
      "measurementUnitPrice": 0.289,
      "measurementUnit": "S",
      "isRedPrice": false,
      "pricePerUOM": 0.289,
      "activationDate": "01-02-2023",
      "isPromoActive": "N",
      "priceChangeCode": "H"
    },
    "isAvailable": true,
    "isPriceAvailable": true,
    "inPromo": false,
    "gtin": [
      "05400141661347",
      "05400141507065",
      "15400141507062",
      "45400141661345",
      "25400141507069",
      "35400141661348",
      "35400141507066",
      "05400141530117",
      "25400141661341"
    ],
    "topCategoryName": "Zuivel",
    "topCategoryId": "65",
    "businessDomain": "RETAIL_BE",
    "IsPrivateLabel": true,
    "IsBiffe": false,
    "WeightconversionFactor": "0",
    "IsWeightArticle": false,
    "nutriscoreLabel": "A",
    "IsBio": false,
    "CountryOfOrigin": "BELGIË",
    "IsExclusivelySoldInLuxembourg": false,
    "OrderUnit": "P",
    "ShortName": "BONI EI WIT SCH.M/L 10S",
    "InSeason": true,
    "IsNew": false,
    "EcoscoreLabel": "D",
    "RecentQuanityOfStockUnits": "1",
    "LongName": "BONI scharreleieren wit M / L 10st",
    "StartSeasonDate": "05/07/2022",
    "FicCode": "I",
    "EcoscoreValue": "30"
  },
  {
    "productId": "855808",
    "technicalArticleNumber": "4704933",
    "commercialArticleNumber": "31349",
    "name": "smeltk. natuur 24p",
    "brand": "LA VACHE QUI RIT",
    "seoBrand": "La Vache Qui Rit",
    "thumbNail": "https://static.colruytgroup.com/images/200x200/std.lang.all/19/25/asset-3141925.jpg",
    "fullImage": "https://static.colruytgroup.com/images/500x500/std.lang.all/19/25/asset-3141925.jpg",
    "squareImage": "https://static.colruytgroup.com/images/500x500sq/std.lang.all/19/25/asset-3141925.jpg",
    "content": "360g",
    "walkRouteSequenceNumber": 6116,
    "price": {
      "basicPrice": 5.38,
      "recommendedQuantity": "1.0",
      "measurementUnitPrice": 14.95,
      "measurementUnit": "K",
      "isRedPrice": false,
      "pricePerUOM": 14.95,
      "activationDate": "13-03-2024",
      "recordSource": "Offline",
      "isPromoActive": "N",
      "priceChangeCode": "E"
    },
    "isAvailable": true,
    "isPriceAvailable": true,
    "inPromo": false,
    "gtin": [
      "03073781195071",
      "03073781195064"
    ],
    "topCategoryName": "Zuivel",
    "topCategoryId": "65",
    "businessDomain": "RETAIL_BE",
    "IsPrivateLabel": false,
    "IsBiffe": false,
    "WeightconversionFactor": "0",
    "IsWeightArticle": false,
    "nutriscoreLabel": "D",
    "IsBio": false,
    "CountryOfOrigin": "SLOWAKIJE",
    "IsExclusivelySoldInLuxembourg": false,
    "OrderUnit": "P",
    "ShortName": "LVQR SMELT.NAT.24P 360G",
    "IsNew": false,
    "EcoscoreLabel": "D",
    "RecentQuanityOfStockUnits": "1,18",
    "LongName": "LA VACHE QUI RIT smeltk. natuur 24p 360g",
    "FicCode": "E",
    "EcoscoreValue": "34"
  },
  {
    "productId": "951533",
    "technicalArticleNumber": "4769665",
    "commercialArticleNumber": "20333",
    "name": "original vlootje",
    "brand": "BECEL PROACTIV",
    "seoBrand": "Becel ProActiv",
    "thumbNail": "https://static.colruytgroup.com/images/200x200/std.lang.all/27/23/asset-3352723.jpg",
    "fullImage": "https://static.colruytgroup.com/images/500x500/std.lang.all/27/23/asset-3352723.jpg",
    "squareImage": "https://static.colruytgroup.com/images/500x500sq/std.lang.all/27/23/asset-3352723.jpg",
    "content": "250g",
    "walkRouteSequenceNumber": 5736,
    "price": {
      "basicPrice": 2.28,
      "recommendedQuantity": "1.0",
      "measurementUnitPrice": 9.12,
      "measurementUnit": "K",
      "isRedPrice": false,
      "pricePerUOM": 9.12,
      "activationDate": "18-03-2024",
      "recordSource": "Folder",
      "isPromoActive": "N",
      "priceChangeCode": "H"
    },
    "isAvailable": true,
    "isPriceAvailable": true,
    "inPromo": true,
    "promotion": [
      {
        "techPromoId": "100878COLR",
        "promotionId": "100878",
        "promotionType": "3",
        "isPersonalized": "N",
        "publicationStartDate": "13-03-2024",
        "publicationEndDate": "26-03-2024"
      }
    ],
    "gtin": [
      "08719200265592",
      "08719200265608"
    ],
    "topCategoryName": "Zuivel",
    "topCategoryId": "65",
    "businessDomain": "RETAIL_BE",
    "IsPrivateLabel": false,
    "IsBiffe": false,
    "WeightconversionFactor": "0",
    "IsWeightArticle": false,
    "nutriscoreLabel": "C",
    "IsBio": false,
    "CountryOfOrigin": "PORTUGAL",
    "IsExclusivelySoldInLuxembourg": false,
    "OrderUnit": "P",
    "ShortName": "BECE PROA ORIGI.VL 250G",
    "IsNew": false,
    "EcoscoreLabel": "B",
    "RecentQuanityOfStockUnits": "8,1",
    "LongName": "BECEL PROACTIV original vlootje 250g",
    "FicCode": "E",
    "EcoscoreValue": "68"
  },
  {
    "productId": "111577",
    "technicalArticleNumber": "3043356",
    "commercialArticleNumber": "18349",
    "name": "Griekse yoghurt abr/perzik",
    "description": "*Vol\n*Met gemixt fruit",
    "brand": "BONI",
    "seoBrand": "Boni Selection",
    "thumbNail": "https://static.colruytgroup.com/images/200x200/std.lang.all/21/09/asset-1212109.jpg",
    "fullImage": "https://static.colruytgroup.com/images/500x500/std.lang.all/21/09/asset-1212109.jpg",
    "squareImage": "https://static.colruytgroup.com/images/500x500sq/std.lang.all/21/09/asset-1212109.jpg",
    "content": "4x150g",
    "walkRouteSequenceNumber": 5908,
    "price": {
      "basicPrice": 2.85,
      "recommendedQuantity": "1.0",
      "measurementUnitPrice": 4.75,
      "measurementUnit": "K",
      "isRedPrice": false,
      "pricePerUOM": 4.75,
      "activationDate": "05-03-2024",
      "recordSource": "Offline",
      "isPromoActive": "N",
      "priceChangeCode": "E"
    },
    "isAvailable": true,
    "isPriceAvailable": true,
    "inPromo": false,
    "gtin": [
      "05400141246117",
      "05400141414837",
      "15400141978589",
      "05400141910186"
    ],
    "topCategoryName": "Zuivel",
    "topCategoryId": "65",
    "businessDomain": "RETAIL_BE",
    "IsPrivateLabel": true,
    "IsBiffe": false,
    "WeightconversionFactor": "0",
    "IsWeightArticle": false,
    "nutriscoreLabel": "C",
    "IsBio": false,
    "CountryOfOrigin": "FRANKRIJK",
    "IsExclusivelySoldInLuxembourg": false,
    "OrderUnit": "P",
    "ShortName": "BONI GRIEK GEEL 4X150G",
    "IsNew": false,
    "EcoscoreLabel": "A",
    "RecentQuanityOfStockUnits": "1",
    "LongName": "BONI Griekse yoghurt abr/perzik 4x150g",
    "AlcoholVolume": "0",
    "FicCode": "I",
    "EcoscoreValue": "88"
  },
  {
    "productId": "354156",
    "technicalArticleNumber": "3876935",
    "commercialArticleNumber": "22734",
    "name": "vers pizzadeeg",
    "description": "*Vers pizzadeeg\n*Uitgerold op bak-\npapier\n*29x38cm",
    "brand": "BONI",
    "seoBrand": "Boni Selection",
    "thumbNail": "https://static.colruytgroup.com/images/200x200/std.lang.all/83/97/asset-1758397.jpg",
    "fullImage": "https://static.colruytgroup.com/images/500x500/std.lang.all/83/97/asset-1758397.jpg",
    "squareImage": "https://static.colruytgroup.com/images/500x500sq/std.lang.all/83/97/asset-1758397.jpg",
    "content": "550g",
    "walkRouteSequenceNumber": 6047,
    "price": {
      "basicPrice": 2.59,
      "recommendedQuantity": "1.0",
      "measurementUnitPrice": 4.71,
      "measurementUnit": "K",
      "isRedPrice": false,
      "pricePerUOM": 4.71,
      "activationDate": "04-10-2023",
      "recordSource": "Offline",
      "isPromoActive": "N",
      "priceChangeCode": "H"
    },
    "isAvailable": true,
    "isPriceAvailable": true,
    "inPromo": false,
    "gtin": [
      "15400141266235",
      "05400141266238",
      "05400141237528"
    ],
    "topCategoryName": "Bereidingen/Charcuterie/Vis/Veggie",
    "topCategoryId": "105",
    "businessDomain": "RETAIL_BE",
    "IsPrivateLabel": true,
    "IsBiffe": false,
    "WeightconversionFactor": "0",
    "IsWeightArticle": false,
    "nutriscoreLabel": "D",
    "IsBio": false,
    "CountryOfOrigin": "OOSTENRIJK",
    "IsExclusivelySoldInLuxembourg": false,
    "OrderUnit": "P",
    "ShortName": "BONI VERS PIZZADEEG550G",
    "IsNew": false,
    "EcoscoreLabel": "B",
    "RecentQuanityOfStockUnits": "1,6",
    "LongName": "BONI vers pizzadeeg 550g",
    "AlcoholVolume": "0",
    "FicCode": "I",
    "EcoscoreValue": "79"
  },
  {
    "productId": "62003",
    "technicalArticleNumber": "2756027",
    "commercialArticleNumber": "42688",
    "name": "vanille",
    "description": "*Plantaardig\nalternatief\nvoor yoghurt",
    "brand": "ALPRO",
    "seoBrand": "Alpro",
    "thumbNail": "https://static.colruytgroup.com/images/200x200/std.lang.all/66/78/asset-3376678.jpg",
    "fullImage": "https://static.colruytgroup.com/images/500x500/std.lang.all/66/78/asset-3376678.jpg",
    "squareImage": "https://static.colruytgroup.com/images/500x500sq/std.lang.all/66/78/asset-3376678.jpg",
    "content": "500g",
    "walkRouteSequenceNumber": 5840,
    "price": {
      "basicPrice": 1.99,
      "recommendedQuantity": "1.0",
      "measurementUnitPrice": 3.98,
      "measurementUnit": "K",
      "isRedPrice": false,
      "pricePerUOM": 3.98,
      "activationDate": "04-03-2024",
      "recordSource": "Offline",
      "isPromoActive": "N",
      "priceChangeCode": "H"
    },
    "isAvailable": true,
    "isPriceAvailable": true,
    "inPromo": false,
    "gtin": [
      "05411188103394",
      "05411188103387"
    ],
    "topCategoryName": "Zuivel",
    "topCategoryId": "65",
    "businessDomain": "RETAIL_BE",
    "IsPrivateLabel": false,
    "IsBiffe": false,
    "WeightconversionFactor": "0",
    "IsWeightArticle": false,
    "nutriscoreLabel": "A",
    "IsBio": false,
    "CountryOfOrigin": "BELGIË",
    "IsExclusivelySoldInLuxembourg": false,
    "OrderUnit": "P",
    "ShortName": "ALPRO VANILLE 500G",
    "InSeason": true,
    "IsNew": false,
    "EcoscoreLabel": "A",
    "RecentQuanityOfStockUnits": "1,6",
    "LongName": "ALPRO vanille 500g",
    "AlcoholVolume": "0",
    "StartSeasonDate": "16/03/2015",
    "FicCode": "E",
    "EcoscoreValue": "87"
  },
  {
    "productId": "531328",
    "technicalArticleNumber": "4122481",
    "commercialArticleNumber": "9089",
    "name": "emmental sneetjes",
    "description": "*Nederland\n*Halfharde kaas\n*Vol, mild\n*Microbieel\nstremsel",
    "brand": "EVERYDAY",
    "seoBrand": "Everyday",
    "thumbNail": "https://static.colruytgroup.com/images/200x200/std.lang.all/48/71/asset-1994871.jpg",
    "fullImage": "https://static.colruytgroup.com/images/500x500/std.lang.all/48/71/asset-1994871.jpg",
    "squareImage": "https://static.colruytgroup.com/images/500x500sq/std.lang.all/48/71/asset-1994871.jpg",
    "content": "300g",
    "walkRouteSequenceNumber": 6246,
    "price": {
      "basicPrice": 2.09,
      "recommendedQuantity": "1.0",
      "measurementUnitPrice": 6.97,
      "measurementUnit": "K",
      "isRedPrice": false,
      "pricePerUOM": 6.97,
      "activationDate": "06-03-2024",
      "isPromoActive": "N",
      "priceChangeCode": "L"
    },
    "isAvailable": true,
    "isPriceAvailable": true,
    "inPromo": false,
    "gtin": [
      "05400141298567"
    ],
    "topCategoryName": "Zuivel",
    "topCategoryId": "65",
    "businessDomain": "RETAIL_BE",
    "IsPrivateLabel": true,
    "IsBiffe": false,
    "WeightconversionFactor": "0",
    "IsWeightArticle": false,
    "nutriscoreLabel": "C",
    "IsBio": false,
    "CountryOfOrigin": "NEDERLAND",
    "IsExclusivelySoldInLuxembourg": false,
    "OrderUnit": "P",
    "ShortName": "EVD EMMENTAL SN 300G",
    "IsNew": false,
    "EcoscoreLabel": "B",
    "RecentQuanityOfStockUnits": "1",
    "LongName": "EVERYDAY emmental sneetjes 300g",
    "FicCode": "I",
    "EcoscoreValue": "62"
  },
  {
    "productId": "529271",
    "technicalArticleNumber": "4118937",
    "commercialArticleNumber": "6435",
    "name": "jong belegen sneetjes",
    "description": "*Nederland\n*Halfharde kaas\n*Korst niet eetbaar\n*Jong belegen",
    "brand": "BEEMSTER",
    "seoBrand": "Beemster",
    "thumbNail": "https://static.colruytgroup.com/images/200x200/std.lang.all/27/57/asset-2892757.jpg",
    "fullImage": "https://static.colruytgroup.com/images/500x500/std.lang.all/27/57/asset-2892757.jpg",
    "squareImage": "https://static.colruytgroup.com/images/500x500sq/std.lang.all/27/57/asset-2892757.jpg",
    "content": "400g",
    "walkRouteSequenceNumber": 6214,
    "price": {
      "basicPrice": 6.98,
      "recommendedQuantity": "1.0",
      "measurementUnitPrice": 17.45,
      "measurementUnit": "K",
      "isRedPrice": false,
      "pricePerUOM": 17.45,
      "activationDate": "17-02-2024",
      "recordSource": "Offline",
      "isPromoActive": "N",
      "priceChangeCode": "E"
    },
    "isAvailable": true,
    "isPriceAvailable": true,
    "inPromo": false,
    "gtin": [
      "05400141882292",
      "05400141951349",
      "05400141297478",
      "05400141444377"
    ],
    "topCategoryName": "Zuivel",
    "topCategoryId": "65",
    "businessDomain": "RETAIL_BE",
    "IsPrivateLabel": false,
    "IsBiffe": false,
    "WeightconversionFactor": "0",
    "IsWeightArticle": false,
    "nutriscoreLabel": "D",
    "IsBio": false,
    "CountryOfOrigin": "BELGIË",
    "IsExclusivelySoldInLuxembourg": false,
    "OrderUnit": "P",
    "ShortName": "BEEM JONG BELEG.SN 400G",
    "IsNew": false,
    "EcoscoreLabel": "D",
    "RecentQuanityOfStockUnits": "1",
    "LongName": "BEEMSTER jong belegen sneetjes 400g",
    "FicCode": "I",
    "EcoscoreValue": "28"
  },
  {
    "productId": "26834",
    "technicalArticleNumber": "1979592",
    "commercialArticleNumber": "16840",
    "name": "smeerkaas 24st",
    "description": "*Smeerkaas",
    "brand": "BONI",
    "seoBrand": "Boni Selection",
    "thumbNail": "https://static.colruytgroup.com/images/200x200/std.lang.all/25/74/asset-1932574.jpg",
    "fullImage": "https://static.colruytgroup.com/images/500x500/std.lang.all/25/74/asset-1932574.jpg",
    "squareImage": "https://static.colruytgroup.com/images/500x500sq/std.lang.all/25/74/asset-1932574.jpg",
    "content": "400g",
    "walkRouteSequenceNumber": 6133,
    "price": {
      "basicPrice": 2.75,
      "recommendedQuantity": "1.0",
      "measurementUnitPrice": 6.88,
      "measurementUnit": "K",
      "isRedPrice": false,
      "pricePerUOM": 6.88,
      "activationDate": "13-03-2024",
      "recordSource": "Offline",
      "isPromoActive": "N",
      "priceChangeCode": "E"
    },
    "isAvailable": true,
    "isPriceAvailable": true,
    "inPromo": false,
    "gtin": [
      "05400141998191",
      "15400141998198",
      "05400141063424",
      "15400141265061",
      "05400141041668",
      "05400141136883",
      "05400141265064"
    ],
    "topCategoryName": "Zuivel",
    "topCategoryId": "65",
    "businessDomain": "RETAIL_BE",
    "IsPrivateLabel": true,
    "IsBiffe": false,
    "WeightconversionFactor": "0",
    "IsWeightArticle": false,
    "nutriscoreLabel": "C",
    "IsBio": false,
    "CountryOfOrigin": "FRANKRIJK",
    "IsExclusivelySoldInLuxembourg": false,
    "OrderUnit": "P",
    "ShortName": "BONI 24 SMEERKAAS 400G",
    "IsNew": false,
    "EcoscoreLabel": "D",
    "RecentQuanityOfStockUnits": "1,24",
    "LongName": "BONI smeerkaas 24st 400g",
    "AlcoholVolume": "0",
    "FicCode": "I",
    "EcoscoreValue": "39"
  },
  {
    "productId": "428182",
    "technicalArticleNumber": "3968017",
    "commercialArticleNumber": "2910",
    "name": "camembert",
    "description": "*Zachte korst\n*Gepasteuriseerde\nkoemelk",
    "brand": "EVERYDAY",
    "seoBrand": "Everyday",
    "thumbNail": "https://static.colruytgroup.com/images/200x200/std.lang.all/38/09/asset-2243809.jpg",
    "fullImage": "https://static.colruytgroup.com/images/500x500/std.lang.all/38/09/asset-2243809.jpg",
    "squareImage": "https://static.colruytgroup.com/images/500x500sq/std.lang.all/38/09/asset-2243809.jpg",
    "content": "250g",
    "walkRouteSequenceNumber": 4933,
    "price": {
      "basicPrice": 1.38,
      "recommendedQuantity": "1.0",
      "measurementUnitPrice": 5.52,
      "measurementUnit": "K",
      "isRedPrice": false,
      "pricePerUOM": 5.52,
      "activationDate": "02-02-2024",
      "recordSource": "Offline",
      "isPromoActive": "N",
      "priceChangeCode": "E"
    },
    "isAvailable": true,
    "isPriceAvailable": true,
    "inPromo": false,
    "gtin": [
      "15400141406044",
      "15400141088691",
      "05400141088694",
      "05400141406047"
    ],
    "topCategoryName": "Zuivel",
    "topCategoryId": "65",
    "businessDomain": "RETAIL_BE",
    "IsPrivateLabel": true,
    "IsBiffe": false,
    "WeightconversionFactor": "0",
    "IsWeightArticle": false,
    "nutriscoreLabel": "C",
    "IsBio": false,
    "CountryOfOrigin": "FRANKRIJK",
    "IsExclusivelySoldInLuxembourg": false,
    "OrderUnit": "P",
    "ShortName": "EVD CAMEMBERT 250G",
    "IsNew": false,
    "EcoscoreLabel": "C",
    "RecentQuanityOfStockUnits": "1,12",
    "LongName": "EVERYDAY camembert 250g",
    "FicCode": "I",
    "EcoscoreValue": "41"
  },
  {
    "productId": "2131",
    "technicalArticleNumber": "26712",
    "commercialArticleNumber": "26712",
    "name": "ardense boter ongez.alu",
    "description": "*Melkerijboter\n*Vetgehalte: 82,5 %\n*Ongezouten\n*Belgisch",
    "brand": "CARLSBOURG",
    "seoBrand": "Carlsbourg",
    "thumbNail": "https://static.colruytgroup.com/images/200x200/std.lang.all/57/36/asset-385736.jpg",
    "fullImage": "https://static.colruytgroup.com/images/500x500/std.lang.all/57/36/asset-385736.jpg",
    "squareImage": "https://static.colruytgroup.com/images/500x500sq/std.lang.all/57/36/asset-385736.jpg",
    "content": "250g",
    "walkRouteSequenceNumber": 6143,
    "price": {
      "basicPrice": 3.59,
      "recommendedQuantity": "1.0",
      "measurementUnitPrice": 14.36,
      "measurementUnit": "K",
      "isRedPrice": false,
      "pricePerUOM": 14.36,
      "activationDate": "20-03-2024",
      "recordSource": "Offline",
      "isPromoActive": "N",
      "priceChangeCode": "H"
    },
    "isAvailable": true,
    "isPriceAvailable": true,
    "inPromo": false,
    "gtin": [
      "05411156000250",
      "05411156031070"
    ],
    "topCategoryName": "Zuivel",
    "topCategoryId": "65",
    "businessDomain": "RETAIL_BE",
    "IsPrivateLabel": false,
    "IsBiffe": false,
    "WeightconversionFactor": "0",
    "IsWeightArticle": false,
    "nutriscoreLabel": "E",
    "IsBio": false,
    "CountryOfOrigin": "BELGIË",
    "IsExclusivelySoldInLuxembourg": false,
    "OrderUnit": "P",
    "ShortName": "CARLSB ARD.BOT.ALU 250G",
    "IsNew": false,
    "RecentQuanityOfStockUnits": "1,20",
    "LongName": "CARLSBOURG ardense boter ongez.alu 250g",
    "AlcoholVolume": "0",
    "FicCode": "E"
  },
  {
    "productId": "2152",
    "technicalArticleNumber": "26871",
    "commercialArticleNumber": "26871",
    "name": "gouda jong blok",
    "description": "Nederland, Duitsland\n*Halfharde kaas\n*Mild, neutraal\n*Jong",
    "brand": "EVERYDAY",
    "seoBrand": "Everyday",
    "thumbNail": "https://static.colruytgroup.com/images/200x200/std.lang.all/01/43/asset-1320143.jpg",
    "fullImage": "https://static.colruytgroup.com/images/500x500/std.lang.all/01/43/asset-1320143.jpg",
    "squareImage": "https://static.colruytgroup.com/images/500x500sq/std.lang.all/01/43/asset-1320143.jpg",
    "content": "±700g",
    "walkRouteSequenceNumber": 5666,
    "price": {
      "basicPrice": 6.99,
      "recommendedQuantity": "0.7",
      "unit": "K",
      "measurementUnitPrice": 6.99,
      "measurementUnit": "K",
      "isRedPrice": false,
      "pricePerUOM": 6.99,
      "activationDate": "14-03-2024",
      "recordSource": "Offline",
      "isPromoActive": "N",
      "priceChangeCode": "L"
    },
    "isAvailable": true,
    "isPriceAvailable": true,
    "inPromo": false,
    "gtin": [
      "95400141268716",
      "95400141011817",
      "05400141268713",
      "05400141340198"
    ],
    "topCategoryName": "Zuivel",
    "topCategoryId": "65",
    "businessDomain": "RETAIL_BE",
    "IsPrivateLabel": true,
    "IsBiffe": false,
    "WeightconversionFactor": "700",
    "IsWeightArticle": true,
    "nutriscoreLabel": "C",
    "IsBio": false,
    "CountryOfOrigin": "NEDERLAND",
    "IsExclusivelySoldInLuxembourg": false,
    "OrderUnit": "P",
    "ShortName": "EVD GOUD JONG BL+-700GW",
    "IsNew": false,
    "EcoscoreLabel": "D",
    "RecentQuanityOfStockUnits": "1",
    "LongName": "EVERYDAY gouda jong blok ±700g",
    "AlcoholVolume": "0",
    "FicCode": "I",
    "EcoscoreValue": "38"
  },
  {
    "productId": "40338",
    "technicalArticleNumber": "2477581",
    "commercialArticleNumber": "39143",
    "name": "Emmental light geraspt",
    "description": "*Geraspte kaas\n*Gepasteuriseerde\nkoemelk\n*Vegetarisch",
    "brand": "BONI",
    "seoBrand": "Boni Selection",
    "thumbNail": "https://static.colruytgroup.com/images/200x200/std.lang.all/87/34/asset-3208734.jpg",
    "fullImage": "https://static.colruytgroup.com/images/500x500/std.lang.all/87/34/asset-3208734.jpg",
    "squareImage": "https://static.colruytgroup.com/images/500x500sq/std.lang.all/87/34/asset-3208734.jpg",
    "content": "250g",
    "walkRouteSequenceNumber": 5631,
    "price": {
      "basicPrice": 3.73,
      "recommendedQuantity": "1.0",
      "measurementUnitPrice": 14.92,
      "measurementUnit": "K",
      "isRedPrice": false,
      "pricePerUOM": 14.92,
      "activationDate": "16-01-2024",
      "recordSource": "Offline",
      "isPromoActive": "N",
      "priceChangeCode": "H"
    },
    "isAvailable": true,
    "isPriceAvailable": true,
    "inPromo": false,
    "gtin": [
      "05400141451542",
      "05400141129076",
      "05400141041392",
      "05400141887884"
    ],
    "topCategoryName": "Zuivel",
    "topCategoryId": "65",
    "businessDomain": "RETAIL_BE",
    "IsPrivateLabel": true,
    "IsBiffe": false,
    "WeightconversionFactor": "0",
    "IsWeightArticle": false,
    "nutriscoreLabel": "C",
    "IsBio": false,
    "CountryOfOrigin": "FINLAND",
    "IsExclusivelySoldInLuxembourg": false,
    "OrderUnit": "P",
    "ShortName": "BONI GER. EM.LIGHT 250G",
    "IsNew": false,
    "EcoscoreLabel": "B",
    "RecentQuanityOfStockUnits": "1",
    "LongName": "BONI Emmental light geraspt 250g",
    "AlcoholVolume": "0",
    "FicCode": "I",
    "EcoscoreValue": "61"
  },
  {
    "productId": "364834",
    "technicalArticleNumber": "3785740",
    "commercialArticleNumber": "40203",
    "name": "drinkyoghurt aardbei",
    "description": "*0,8% VG\n*Gesuikerd\n*Met aroma's",
    "brand": "EVERYDAY",
    "seoBrand": "Everyday",
    "thumbNail": "https://static.colruytgroup.com/images/200x200/std.lang.all/32/58/asset-3323258.jpg",
    "fullImage": "https://static.colruytgroup.com/images/500x500/std.lang.all/32/58/asset-3323258.jpg",
    "squareImage": "https://static.colruytgroup.com/images/500x500sq/std.lang.all/32/58/asset-3323258.jpg",
    "content": "850g",
    "walkRouteSequenceNumber": 5741,
    "price": {
      "basicPrice": 1.19,
      "recommendedQuantity": "1.0",
      "measurementUnitPrice": 1.4,
      "measurementUnit": "K",
      "isRedPrice": false,
      "pricePerUOM": 1.4,
      "activationDate": "06-12-2023",
      "recordSource": "Offline",
      "isPromoActive": "N",
      "priceChangeCode": "E"
    },
    "isAvailable": true,
    "isPriceAvailable": true,
    "inPromo": false,
    "gtin": [
      "15400141562320",
      "05400141562323",
      "15400141187813",
      "05400141187816",
      "05400141462739"
    ],
    "topCategoryName": "Zuivel",
    "topCategoryId": "65",
    "businessDomain": "RETAIL_BE",
    "IsPrivateLabel": true,
    "IsBiffe": false,
    "WeightconversionFactor": "0",
    "IsWeightArticle": false,
    "nutriscoreLabel": "D",
    "IsBio": false,
    "CountryOfOrigin": "BELGIË",
    "IsExclusivelySoldInLuxembourg": false,
    "OrderUnit": "P",
    "ShortName": "EVD DR.YOGH.AARDB.850G",
    "IsNew": false,
    "EcoscoreLabel": "A",
    "RecentQuanityOfStockUnits": "6,1",
    "LongName": "EVERYDAY drinkyoghurt aardbei 850g",
    "AlcoholVolume": "0",
    "FicCode": "I",
    "EcoscoreValue": "96"
  },
  {
    "productId": "2074",
    "technicalArticleNumber": "26585",
    "commercialArticleNumber": "26585",
    "name": "kaas blauwschimmel",
    "description": "*Frankrijk B.O.B.\n*Blauwgeaderde kaas\n*Sterke smaak\n*O.b.v. schapenmelk\n*Met rauwe melk",
    "brand": "ROQUEFORT",
    "seoBrand": "Roquefort",
    "thumbNail": "https://static.colruytgroup.com/images/200x200/std.lang.all/34/57/asset-1013457.jpg",
    "fullImage": "https://static.colruytgroup.com/images/500x500/std.lang.all/34/57/asset-1013457.jpg",
    "squareImage": "https://static.colruytgroup.com/images/500x500sq/std.lang.all/34/57/asset-1013457.jpg",
    "content": "100g",
    "walkRouteSequenceNumber": 5195,
    "price": {
      "basicPrice": 1.59,
      "recommendedQuantity": "1.0",
      "measurementUnitPrice": 15.9,
      "measurementUnit": "K",
      "isRedPrice": false,
      "pricePerUOM": 15.9,
      "activationDate": "14-11-2023",
      "recordSource": "Offline",
      "isPromoActive": "N",
      "priceChangeCode": "E"
    },
    "isAvailable": true,
    "isPriceAvailable": true,
    "inPromo": false,
    "gtin": [
      "03023265142008",
      "03023265180949",
      "03149290004095"
    ],
    "topCategoryName": "Zuivel",
    "topCategoryId": "65",
    "businessDomain": "RETAIL_BE",
    "IsPrivateLabel": false,
    "IsBiffe": false,
    "WeightconversionFactor": "0",
    "IsWeightArticle": false,
    "nutriscoreLabel": "E",
    "IsBio": false,
    "CountryOfOrigin": "FRANKRIJK",
    "IsExclusivelySoldInLuxembourg": false,
    "OrderUnit": "P",
    "ShortName": "ROQUEFORT KAAS 100GR",
    "InSeason": true,
    "IsNew": false,
    "EcoscoreLabel": "E",
    "RecentQuanityOfStockUnits": "1,16",
    "LongName": "ROQUEFORT kaas blauwschimmel 100g",
    "AlcoholVolume": "0",
    "StartSeasonDate": "08/05/2015",
    "FicCode": "E",
    "EcoscoreValue": "19"
  },
  {
    "productId": "622388",
    "technicalArticleNumber": "4302877",
    "commercialArticleNumber": "23656",
    "name": "smeren",
    "brand": "VITELMA",
    "seoBrand": "Vitelma",
    "thumbNail": "https://static.colruytgroup.com/images/200x200/std.lang.all/67/70/asset-2286770.jpg",
    "fullImage": "https://static.colruytgroup.com/images/500x500/std.lang.all/67/70/asset-2286770.jpg",
    "squareImage": "https://static.colruytgroup.com/images/500x500sq/std.lang.all/67/70/asset-2286770.jpg",
    "content": "250g",
    "walkRouteSequenceNumber": 6061,
    "price": {
      "basicPrice": 1.39,
      "recommendedQuantity": "1.0",
      "measurementUnitPrice": 5.56,
      "measurementUnit": "K",
      "isRedPrice": false,
      "pricePerUOM": 5.56,
      "activationDate": "13-03-2024",
      "recordSource": "Offline",
      "isPromoActive": "N",
      "priceChangeCode": "E"
    },
    "isAvailable": true,
    "isPriceAvailable": true,
    "inPromo": false,
    "gtin": [
      "05410093171351",
      "05410093171344"
    ],
    "topCategoryName": "Zuivel",
    "topCategoryId": "65",
    "businessDomain": "RETAIL_BE",
    "IsPrivateLabel": false,
    "IsBiffe": false,
    "WeightconversionFactor": "0",
    "IsWeightArticle": false,
    "nutriscoreLabel": "C",
    "IsBio": false,
    "CountryOfOrigin": "BELGIË",
    "IsExclusivelySoldInLuxembourg": false,
    "OrderUnit": "P",
    "ShortName": "VITE SMEREN 250G",
    "IsNew": false,
    "EcoscoreLabel": "B",
    "RecentQuanityOfStockUnits": "1,8",
    "LongName": "VITELMA smeren 250g",
    "FicCode": "E",
    "EcoscoreValue": "66"
  },
  {
    "productId": "882338",
    "technicalArticleNumber": "4740166",
    "commercialArticleNumber": "10463",
    "name": "Bakken braden plantaardig 79%",
    "description": "*Bakken en braden\n*Vetgehalte: 79 %\n*Plantaardig\n*Alu",
    "brand": "SOLO",
    "seoBrand": "Solo",
    "thumbNail": "https://static.colruytgroup.com/images/200x200/std.lang.all/99/96/asset-3339996.jpg",
    "fullImage": "https://static.colruytgroup.com/images/500x500/std.lang.all/99/96/asset-3339996.jpg",
    "squareImage": "https://static.colruytgroup.com/images/500x500sq/std.lang.all/99/96/asset-3339996.jpg",
    "content": "250g",
    "walkRouteSequenceNumber": 6013,
    "price": {
      "basicPrice": 1.89,
      "recommendedQuantity": "1.0",
      "measurementUnitPrice": 7.56,
      "measurementUnit": "K",
      "isRedPrice": false,
      "pricePerUOM": 7.56,
      "activationDate": "22-03-2024",
      "recordSource": "Offline",
      "isPromoActive": "N",
      "priceChangeCode": "E"
    },
    "isAvailable": true,
    "isPriceAvailable": true,
    "inPromo": false,
    "gtin": [
      "08719200262522",
      "08719200262515",
      "08719200262508"
    ],
    "topCategoryName": "Zuivel",
    "topCategoryId": "65",
    "businessDomain": "RETAIL_BE",
    "IsPrivateLabel": false,
    "IsBiffe": false,
    "WeightconversionFactor": "0",
    "IsWeightArticle": false,
    "nutriscoreLabel": "E",
    "IsBio": false,
    "CountryOfOrigin": "POLEN",
    "IsExclusivelySoldInLuxembourg": false,
    "OrderUnit": "P",
    "ShortName": "SOLO BAKKEN PLANT 250G",
    "IsNew": false,
    "EcoscoreLabel": "C",
    "RecentQuanityOfStockUnits": "20,1",
    "LongName": "SOLO Bakken braden plantaardig 79% 250g",
    "FicCode": "E",
    "EcoscoreValue": "46"
  },
  {
    "productId": "9625",
    "technicalArticleNumber": "1123669",
    "commercialArticleNumber": "16836",
    "name": "Pamesello geraspt",
    "description": "*Italië\n*Geraspte kaas",
    "brand": "KRAFT",
    "seoBrand": "Kraft",
    "thumbNail": "https://static.colruytgroup.com/images/200x200/std.lang.all/03/43/asset-390343.jpg",
    "fullImage": "https://static.colruytgroup.com/images/500x500/std.lang.all/03/43/asset-390343.jpg",
    "squareImage": "https://static.colruytgroup.com/images/500x500sq/std.lang.all/03/43/asset-390343.jpg",
    "content": "100g",
    "walkRouteSequenceNumber": 5614,
    "price": {
      "basicPrice": 3.72,
      "recommendedQuantity": "2.0",
      "measurementUnitPrice": 37.2,
      "measurementUnit": "K",
      "isRedPrice": false,
      "pricePerUOM": 37.2,
      "activationDate": "11-03-2024",
      "recordSource": "Offline",
      "isPromoActive": "N",
      "priceChangeCode": "H"
    },
    "isAvailable": true,
    "isPriceAvailable": true,
    "inPromo": false,
    "gtin": [
      "15410318540068",
      "07622400012570",
      "15410318540051",
      "07622200189038",
      "05410318540054",
      "04002359671043",
      "04002359671050"
    ],
    "topCategoryName": "Zuivel",
    "topCategoryId": "65",
    "businessDomain": "RETAIL_BE",
    "IsPrivateLabel": false,
    "IsBiffe": false,
    "WeightconversionFactor": "0",
    "IsWeightArticle": false,
    "nutriscoreLabel": "E",
    "IsBio": false,
    "CountryOfOrigin": "ITALIË",
    "IsExclusivelySoldInLuxembourg": false,
    "OrderUnit": "P",
    "ShortName": "PAMESELLO 100GR",
    "IsNew": false,
    "RecentQuanityOfStockUnits": "2,10,1",
    "LongName": "KRAFT Pamesello geraspt 100g",
    "FicCode": "E"
  },
  {
    "productId": "528922",
    "technicalArticleNumber": "4119070",
    "commercialArticleNumber": "8138",
    "name": "Original sneetjes",
    "description": "*Nederland\n*Halfharde kaas\n*Mild, nootachtig\n*O.b.v. gepast. melk",
    "brand": "LEERDAMMER",
    "seoBrand": "Leerdammer",
    "thumbNail": "https://static.colruytgroup.com/images/200x200/std.lang.all/36/01/asset-3363601.jpg",
    "fullImage": "https://static.colruytgroup.com/images/500x500/std.lang.all/36/01/asset-3363601.jpg",
    "squareImage": "https://static.colruytgroup.com/images/500x500sq/std.lang.all/36/01/asset-3363601.jpg",
    "content": "350g",
    "walkRouteSequenceNumber": 6245,
    "price": {
      "basicPrice": 5.13,
      "recommendedQuantity": "1.0",
      "measurementUnitPrice": 14.66,
      "measurementUnit": "K",
      "isRedPrice": false,
      "pricePerUOM": 14.66,
      "activationDate": "20-03-2024",
      "recordSource": "Offline",
      "isPromoActive": "N",
      "priceChangeCode": "L"
    },
    "isAvailable": true,
    "isPriceAvailable": true,
    "inPromo": false,
    "gtin": [
      "05400141397635",
      "05400141297966",
      "05400141519815"
    ],
    "topCategoryName": "Zuivel",
    "topCategoryId": "65",
    "businessDomain": "RETAIL_BE",
    "IsPrivateLabel": false,
    "IsBiffe": false,
    "WeightconversionFactor": "0",
    "IsWeightArticle": false,
    "nutriscoreLabel": "D",
    "IsBio": false,
    "CountryOfOrigin": "NEDERLAND",
    "IsExclusivelySoldInLuxembourg": false,
    "OrderUnit": "P",
    "ShortName": "LEERDAMMER SNED 350G",
    "IsNew": false,
    "EcoscoreLabel": "B",
    "RecentQuanityOfStockUnits": "1",
    "LongName": "LEERDAMMER Original sneetjes 350g",
    "FicCode": "I",
    "EcoscoreValue": "61"
  },
  {
    "productId": "442294",
    "technicalArticleNumber": "3991325",
    "commercialArticleNumber": "4188",
    "name": "original light",
    "description": "*Duitsland",
    "brand": "PHILADELPHIA",
    "seoBrand": "Philadelphia",
    "thumbNail": "https://static.colruytgroup.com/images/200x200/std.lang.all/35/75/asset-1993575.jpg",
    "fullImage": "https://static.colruytgroup.com/images/500x500/std.lang.all/35/75/asset-1993575.jpg",
    "squareImage": "https://static.colruytgroup.com/images/500x500sq/std.lang.all/35/75/asset-1993575.jpg",
    "content": "320g",
    "walkRouteSequenceNumber": 4877,
    "price": {
      "basicPrice": 2.95,
      "recommendedQuantity": "1.0",
      "measurementUnitPrice": 9.22,
      "measurementUnit": "K",
      "isRedPrice": false,
      "pricePerUOM": 9.22,
      "activationDate": "21-03-2024",
      "recordSource": "Offline",
      "isPromoActive": "N",
      "priceChangeCode": "H"
    },
    "isAvailable": true,
    "isPriceAvailable": true,
    "inPromo": true,
    "promotion": [
      {
        "techPromoId": "100860COLR",
        "promotionId": "100860",
        "promotionType": "4",
        "isPersonalized": "N",
        "publicationStartDate": "13-03-2024",
        "publicationEndDate": "26-03-2024"
      }
    ],
    "gtin": [
      "07622210955487",
      "07622210955494"
    ],
    "topCategoryName": "Zuivel",
    "topCategoryId": "65",
    "businessDomain": "RETAIL_BE",
    "IsPrivateLabel": false,
    "IsBiffe": false,
    "WeightconversionFactor": "0",
    "IsWeightArticle": false,
    "nutriscoreLabel": "C",
    "IsBio": false,
    "CountryOfOrigin": "DUITSLAND",
    "IsExclusivelySoldInLuxembourg": false,
    "OrderUnit": "P",
    "ShortName": "PHIL ORIGINAL LIGHT320G",
    "IsNew": false,
    "RecentQuanityOfStockUnits": "1,8",
    "LongName": "PHILADELPHIA original light 320g",
    "FicCode": "E"
  },
  {
    "productId": "594358",
    "technicalArticleNumber": "4254849",
    "commercialArticleNumber": "21674",
    "name": "Griekse yoghurt straciatella",
    "description": "*Yoghurt op\ngriekse wijze\nmet chocolade\nschilfers",
    "brand": "BONI",
    "seoBrand": "Boni Selection",
    "thumbNail": "https://static.colruytgroup.com/images/200x200/std.lang.all/12/90/asset-2781290.jpg",
    "fullImage": "https://static.colruytgroup.com/images/500x500/std.lang.all/12/90/asset-2781290.jpg",
    "squareImage": "https://static.colruytgroup.com/images/500x500sq/std.lang.all/12/90/asset-2781290.jpg",
    "content": "4x150g",
    "walkRouteSequenceNumber": 5909,
    "price": {
      "basicPrice": 2.59,
      "recommendedQuantity": "1.0",
      "measurementUnitPrice": 4.32,
      "measurementUnit": "K",
      "isRedPrice": false,
      "pricePerUOM": 4.32,
      "activationDate": "22-03-2024",
      "recordSource": "Offline",
      "isPromoActive": "N",
      "priceChangeCode": "L"
    },
    "isAvailable": true,
    "isPriceAvailable": true,
    "inPromo": false,
    "gtin": [
      "05400141910933",
      "05400141386486"
    ],
    "topCategoryName": "Zuivel",
    "topCategoryId": "65",
    "businessDomain": "RETAIL_BE",
    "IsPrivateLabel": true,
    "IsBiffe": false,
    "WeightconversionFactor": "0",
    "IsWeightArticle": false,
    "nutriscoreLabel": "C",
    "IsBio": false,
    "CountryOfOrigin": "FRANKRIJK",
    "IsExclusivelySoldInLuxembourg": false,
    "OrderUnit": "P",
    "ShortName": "BONI GRIEK.STRACI4X150G",
    "IsNew": false,
    "EcoscoreLabel": "C",
    "RecentQuanityOfStockUnits": "1,6",
    "LongName": "BONI Griekse yoghurt straciatella 4x150g",
    "FicCode": "I",
    "EcoscoreValue": "53"
  },
  {
    "productId": "364709",
    "technicalArticleNumber": "3876371",
    "commercialArticleNumber": "18277",
    "name": "kookroom 20% vetgehalte UHT",
    "brand": "DEBIC",
    "seoBrand": "Debic",
    "thumbNail": "https://static.colruytgroup.com/images/200x200/std.lang.all/65/48/asset-2186548.jpg",
    "fullImage": "https://static.colruytgroup.com/images/500x500/std.lang.all/65/48/asset-2186548.jpg",
    "squareImage": "https://static.colruytgroup.com/images/500x500sq/std.lang.all/65/48/asset-2186548.jpg",
    "content": "1L",
    "walkRouteSequenceNumber": 6007,
    "price": {
      "basicPrice": 5.69,
      "recommendedQuantity": "1.0",
      "measurementUnitPrice": 5.69,
      "measurementUnit": "L",
      "isRedPrice": false,
      "pricePerUOM": 5.69,
      "activationDate": "20-02-2024",
      "recordSource": "Offline",
      "isPromoActive": "N",
      "priceChangeCode": "E"
    },
    "isAvailable": true,
    "isPriceAvailable": true,
    "inPromo": false,
    "gtin": [
      "05410488822141",
      "05410488821687",
      "05410488824558",
      "05410488824565"
    ],
    "topCategoryName": "Zuivel",
    "topCategoryId": "65",
    "businessDomain": "RETAIL_BE",
    "IsPrivateLabel": false,
    "IsBiffe": false,
    "WeightconversionFactor": "0",
    "IsWeightArticle": false,
    "nutriscoreLabel": "D",
    "IsBio": false,
    "CountryOfOrigin": "BELGIË",
    "IsExclusivelySoldInLuxembourg": false,
    "OrderUnit": "P",
    "ShortName": "HC DEBI ROOM 20% UHT 1L",
    "InSeason": true,
    "IsNew": false,
    "EcoscoreLabel": "B",
    "RecentQuanityOfStockUnits": "1,6,1,6",
    "LongName": "DEBIC kookroom 20% vetgehalte UHT 1L",
    "AlcoholVolume": "0",
    "StartSeasonDate": "31/01/2019",
    "FicCode": "E",
    "EcoscoreValue": "79"
  },
  {
    "productId": "54296",
    "technicalArticleNumber": "2478754",
    "commercialArticleNumber": "38090",
    "name": "kaas Iberico blok",
    "description": "*Spanje\n*Harde kaas\n*Zacht\n*6 maanden gerijpt",
    "brand": "GARCIA BAQUERO",
    "seoBrand": "Garcia Baquero",
    "thumbNail": "https://static.colruytgroup.com/images/200x200/std.lang.all/19/85/asset-2111985.jpg",
    "fullImage": "https://static.colruytgroup.com/images/500x500/std.lang.all/19/85/asset-2111985.jpg",
    "squareImage": "https://static.colruytgroup.com/images/500x500sq/std.lang.all/19/85/asset-2111985.jpg",
    "content": "250g",
    "walkRouteSequenceNumber": 5174,
    "price": {
      "basicPrice": 5.02,
      "recommendedQuantity": "1.0",
      "measurementUnitPrice": 20.08,
      "measurementUnit": "K",
      "isRedPrice": false,
      "pricePerUOM": 20.08,
      "activationDate": "19-03-2024",
      "recordSource": "Offline",
      "isPromoActive": "N",
      "priceChangeCode": "L"
    },
    "isAvailable": true,
    "isPriceAvailable": true,
    "inPromo": false,
    "gtin": [
      "08412289000169",
      "18412289200160"
    ],
    "topCategoryName": "Zuivel",
    "topCategoryId": "65",
    "businessDomain": "RETAIL_BE",
    "IsPrivateLabel": false,
    "IsBiffe": false,
    "WeightconversionFactor": "0",
    "IsWeightArticle": false,
    "IsBio": false,
    "CountryOfOrigin": "BELGIË",
    "IsExclusivelySoldInLuxembourg": false,
    "OrderUnit": "P",
    "ShortName": "GR MAE BAQ IBERICO 250G",
    "InSeason": true,
    "IsNew": false,
    "RecentQuanityOfStockUnits": "1",
    "LongName": "GARCIA BAQUERO kaas Iberico blok 250g",
    "AlcoholVolume": "0",
    "StartSeasonDate": "29/01/2021",
    "FicCode": "E"
  },
  {
    "productId": "17644",
    "technicalArticleNumber": "1460725",
    "commercialArticleNumber": "28603",
    "name": "melkerijboter ongezouten",
    "description": "*Melkerijboter\n*Vetgehalte: 82 %\n*Ongezouten\n*Belgisch",
    "brand": "DIXMUDA",
    "seoBrand": "Dixmuda",
    "thumbNail": "https://static.colruytgroup.com/images/200x200/std.lang.all/60/54/asset-646054.jpg",
    "fullImage": "https://static.colruytgroup.com/images/500x500/std.lang.all/60/54/asset-646054.jpg",
    "squareImage": "https://static.colruytgroup.com/images/500x500sq/std.lang.all/60/54/asset-646054.jpg",
    "content": "250g",
    "walkRouteSequenceNumber": 6142,
    "price": {
      "basicPrice": 4.55,
      "recommendedQuantity": "1.0",
      "measurementUnitPrice": 18.2,
      "measurementUnit": "K",
      "isRedPrice": false,
      "pricePerUOM": 18.2,
      "activationDate": "07-03-2024",
      "recordSource": "Offline",
      "isPromoActive": "N",
      "priceChangeCode": "E"
    },
    "isAvailable": true,
    "isPriceAvailable": true,
    "inPromo": false,
    "gtin": [
      "15413721404217",
      "05413721404210"
    ],
    "topCategoryName": "Zuivel",
    "topCategoryId": "65",
    "businessDomain": "RETAIL_BE",
    "IsPrivateLabel": false,
    "IsBiffe": false,
    "WeightconversionFactor": "0",
    "IsWeightArticle": false,
    "nutriscoreLabel": "E",
    "IsBio": false,
    "CountryOfOrigin": "BELGIË",
    "IsExclusivelySoldInLuxembourg": false,
    "OrderUnit": "P",
    "ShortName": "DIXMUDA BOT 250G",
    "IsNew": false,
    "EcoscoreLabel": "E",
    "RecentQuanityOfStockUnits": "1",
    "LongName": "DIXMUDA melkerijboter ongezouten 250g",
    "AlcoholVolume": "0",
    "FicCode": "E",
    "EcoscoreValue": "19"
  },
  {
    "productId": "53490",
    "technicalArticleNumber": "2409616",
    "commercialArticleNumber": "21083",
    "name": "kaas zacht romig Le Crémier",
    "description": "*Frankrijk\n*Zachte kaas\n*Rode gewassen\nnatuurkorst\n*Microbieel stremsel",
    "brand": "CHAUMES",
    "seoBrand": "Chaumes",
    "thumbNail": "https://static.colruytgroup.com/images/200x200/std.lang.all/31/12/asset-743112.jpg",
    "fullImage": "https://static.colruytgroup.com/images/500x500/std.lang.all/31/12/asset-743112.jpg",
    "squareImage": "https://static.colruytgroup.com/images/500x500sq/std.lang.all/31/12/asset-743112.jpg",
    "content": "250g",
    "walkRouteSequenceNumber": 4913,
    "price": {
      "basicPrice": 5.95,
      "recommendedQuantity": "1.0",
      "measurementUnitPrice": 23.8,
      "measurementUnit": "K",
      "isRedPrice": false,
      "pricePerUOM": 23.8,
      "activationDate": "18-01-2024",
      "recordSource": "Offline",
      "isPromoActive": "N",
      "priceChangeCode": "L"
    },
    "isAvailable": true,
    "isPriceAvailable": true,
    "inPromo": false,
    "gtin": [
      "03222110021844",
      "03222110021813"
    ],
    "topCategoryName": "Zuivel",
    "topCategoryId": "65",
    "businessDomain": "RETAIL_BE",
    "IsPrivateLabel": false,
    "IsBiffe": false,
    "WeightconversionFactor": "0",
    "IsWeightArticle": false,
    "nutriscoreLabel": "D",
    "IsBio": false,
    "CountryOfOrigin": "FRANKRIJK",
    "IsExclusivelySoldInLuxembourg": false,
    "OrderUnit": "P",
    "ShortName": "CREMIER DE CHAUMES 250G",
    "IsNew": false,
    "RecentQuanityOfStockUnits": "1",
    "LongName": "CHAUMES kaas zacht romig Le Crémier 250g",
    "AlcoholVolume": "0",
    "FicCode": "E"
  },
  {
    "productId": "295011",
    "technicalArticleNumber": "3682697",
    "commercialArticleNumber": "41864",
    "name": "kaas abdij tuinkr.blokje",
    "description": "*België\n*Halfharde kaas\n*Zacht, pittige\nkruidensmaak\n*Jong",
    "brand": "GRIMBERGEN",
    "seoBrand": "Grimbergen",
    "thumbNail": "https://static.colruytgroup.com/images/200x200/std.lang.all/88/32/asset-2378832.jpg",
    "fullImage": "https://static.colruytgroup.com/images/500x500/std.lang.all/88/32/asset-2378832.jpg",
    "squareImage": "https://static.colruytgroup.com/images/500x500sq/std.lang.all/88/32/asset-2378832.jpg",
    "content": "280g",
    "walkRouteSequenceNumber": 5646,
    "price": {
      "basicPrice": 7.62,
      "recommendedQuantity": "1.0",
      "measurementUnitPrice": 27.22,
      "measurementUnit": "K",
      "isRedPrice": false,
      "pricePerUOM": 27.22,
      "activationDate": "01-12-2023",
      "isPromoActive": "N",
      "priceChangeCode": "L"
    },
    "isAvailable": true,
    "isPriceAvailable": true,
    "inPromo": true,
    "promotion": [
      {
        "techPromoId": "100851COLR",
        "promotionId": "100851",
        "promotionType": "3",
        "isPersonalized": "N",
        "publicationStartDate": "13-03-2024",
        "publicationEndDate": "26-03-2024"
      }
    ],
    "gtin": [
      "05400141465594",
      "05400141126730",
      "05400141388152"
    ],
    "topCategoryName": "Zuivel",
    "topCategoryId": "65",
    "businessDomain": "RETAIL_BE",
    "IsPrivateLabel": false,
    "IsBiffe": false,
    "WeightconversionFactor": "0",
    "IsWeightArticle": false,
    "nutriscoreLabel": "D",
    "IsBio": false,
    "CountryOfOrigin": "BELGIË",
    "IsExclusivelySoldInLuxembourg": false,
    "OrderUnit": "P",
    "ShortName": "GRIMB.KRUID.KUBUS 280 G",
    "IsNew": false,
    "EcoscoreLabel": "C",
    "RecentQuanityOfStockUnits": "1",
    "LongName": "GRIMBERGEN kaas abdij tuinkr.blokje 280g",
    "AlcoholVolume": "0",
    "FicCode": "I",
    "EcoscoreValue": "59"
  },
  {
    "productId": "14060",
    "technicalArticleNumber": "1571903",
    "commercialArticleNumber": "29878",
    "name": "Roquefort",
    "description": "*Frankrijk B.O.B.\n*Blauwgeaderde kaas\n*O.b.v. rauwe\nschapenmelk",
    "brand": "SOCIÉTÉ",
    "seoBrand": "Société",
    "thumbNail": "https://static.colruytgroup.com/images/200x200/std.lang.all/54/09/asset-395409.jpg",
    "fullImage": "https://static.colruytgroup.com/images/500x500/std.lang.all/54/09/asset-395409.jpg",
    "squareImage": "https://static.colruytgroup.com/images/500x500sq/std.lang.all/54/09/asset-395409.jpg",
    "content": "100g",
    "walkRouteSequenceNumber": 5135,
    "price": {
      "basicPrice": 4.99,
      "recommendedQuantity": "1.0",
      "measurementUnitPrice": 49.9,
      "measurementUnit": "K",
      "isRedPrice": false,
      "pricePerUOM": 49.9,
      "activationDate": "06-01-2024",
      "recordSource": "Offline",
      "isPromoActive": "N",
      "priceChangeCode": "E"
    },
    "isAvailable": true,
    "isPriceAvailable": true,
    "inPromo": false,
    "gtin": [
      "03023265101531",
      "03023265170902",
      "03023260001362"
    ],
    "topCategoryName": "Zuivel",
    "topCategoryId": "65",
    "businessDomain": "RETAIL_BE",
    "IsPrivateLabel": false,
    "IsBiffe": false,
    "WeightconversionFactor": "0",
    "IsWeightArticle": false,
    "nutriscoreLabel": "E",
    "IsBio": false,
    "CountryOfOrigin": "FRANKRIJK",
    "IsExclusivelySoldInLuxembourg": false,
    "OrderUnit": "P",
    "ShortName": "SOCIETE ROQUEFORT 100GR",
    "IsNew": false,
    "EcoscoreLabel": "D",
    "RecentQuanityOfStockUnits": "1",
    "LongName": "SOCIÉTÉ Roquefort 100g",
    "AlcoholVolume": "0",
    "FicCode": "E",
    "EcoscoreValue": "33"
  },
  {
    "productId": "1123",
    "technicalArticleNumber": "16849",
    "commercialArticleNumber": "16849",
    "name": "smeerkaas light",
    "description": "*Smeerkaas\n*Volle smaak\n*Abs. V.G.: 7 %",
    "brand": "LA VACHE QUI RIT",
    "seoBrand": "La Vache Qui Rit",
    "thumbNail": "https://static.colruytgroup.com/images/200x200/std.lang.all/35/27/asset-1553527.jpg",
    "fullImage": "https://static.colruytgroup.com/images/500x500/std.lang.all/35/27/asset-1553527.jpg",
    "squareImage": "https://static.colruytgroup.com/images/500x500sq/std.lang.all/35/27/asset-1553527.jpg",
    "content": "200g",
    "walkRouteSequenceNumber": 6120,
    "price": {
      "basicPrice": 5.35,
      "recommendedQuantity": "1.0",
      "measurementUnitPrice": 26.75,
      "measurementUnit": "K",
      "isRedPrice": false,
      "pricePerUOM": 26.75,
      "activationDate": "15-03-2024",
      "recordSource": "Offline",
      "isPromoActive": "N",
      "priceChangeCode": "E"
    },
    "isAvailable": true,
    "isPriceAvailable": true,
    "inPromo": false,
    "gtin": [
      "03073781065169",
      "03073780780247",
      "03073781065343"
    ],
    "topCategoryName": "Zuivel",
    "topCategoryId": "65",
    "businessDomain": "RETAIL_BE",
    "IsPrivateLabel": false,
    "IsBiffe": false,
    "WeightconversionFactor": "0",
    "IsWeightArticle": false,
    "nutriscoreLabel": "D",
    "IsBio": false,
    "CountryOfOrigin": "FRANKRIJK",
    "IsExclusivelySoldInLuxembourg": false,
    "OrderUnit": "P",
    "ShortName": "VQR 4STER LIGHT KUIP200",
    "IsNew": false,
    "EcoscoreLabel": "D",
    "RecentQuanityOfStockUnits": "1",
    "LongName": "LA VACHE QUI RIT smeerkaas light 200g",
    "AlcoholVolume": "0",
    "FicCode": "E",
    "EcoscoreValue": "39"
  },
  {
    "productId": "715051",
    "technicalArticleNumber": "4459854",
    "commercialArticleNumber": "21158",
    "name": "verse kaas met kruiden",
    "brand": "FAIREBEL",
    "seoBrand": "Fairebel",
    "thumbNail": "https://static.colruytgroup.com/images/200x200/std.lang.all/67/11/asset-2816711.jpg",
    "fullImage": "https://static.colruytgroup.com/images/500x500/std.lang.all/67/11/asset-2816711.jpg",
    "squareImage": "https://static.colruytgroup.com/images/500x500sq/std.lang.all/67/11/asset-2816711.jpg",
    "content": "150g",
    "walkRouteSequenceNumber": 4893,
    "price": {
      "basicPrice": 2.82,
      "recommendedQuantity": "1.0",
      "measurementUnitPrice": 18.8,
      "measurementUnit": "K",
      "isRedPrice": false,
      "pricePerUOM": 18.8,
      "activationDate": "02-11-2023",
      "isPromoActive": "N",
      "priceChangeCode": "L"
    },
    "isAvailable": true,
    "isPriceAvailable": true,
    "inPromo": false,
    "gtin": [
      "15425027280228",
      "05425027280221"
    ],
    "topCategoryName": "Zuivel",
    "topCategoryId": "65",
    "businessDomain": "RETAIL_BE",
    "IsPrivateLabel": false,
    "IsBiffe": false,
    "WeightconversionFactor": "0",
    "IsWeightArticle": false,
    "IsBio": false,
    "CountryOfOrigin": "BELGIË",
    "IsExclusivelySoldInLuxembourg": false,
    "OrderUnit": "P",
    "ShortName": "FAIR VERS KAAS KRU.150G",
    "IsNew": false,
    "RecentQuanityOfStockUnits": "1",
    "LongName": "FAIREBEL verse kaas met kruiden 150g",
    "FicCode": "E"
  },
  {
    "productId": "639492",
    "technicalArticleNumber": "4333897",
    "commercialArticleNumber": "15793",
    "name": "Madame Loïk met noten",
    "description": "*Opgeklopte kaas\nmet koemelk en noten",
    "brand": "PAYSAN BRETON",
    "seoBrand": "Paysan Breton Madame Loïk",
    "thumbNail": "https://static.colruytgroup.com/images/200x200/std.lang.all/84/76/asset-2838476.jpg",
    "fullImage": "https://static.colruytgroup.com/images/500x500/std.lang.all/84/76/asset-2838476.jpg",
    "squareImage": "https://static.colruytgroup.com/images/500x500sq/std.lang.all/84/76/asset-2838476.jpg",
    "content": "150g",
    "walkRouteSequenceNumber": 4890,
    "price": {
      "basicPrice": 2.99,
      "recommendedQuantity": "1.0",
      "measurementUnitPrice": 19.94,
      "measurementUnit": "K",
      "isRedPrice": false,
      "pricePerUOM": 19.94,
      "activationDate": "20-02-2024",
      "recordSource": "Offline",
      "isPromoActive": "N",
      "priceChangeCode": "E"
    },
    "isAvailable": true,
    "isPriceAvailable": true,
    "inPromo": false,
    "gtin": [
      "03236240071914",
      "83236240071910"
    ],
    "topCategoryName": "Zuivel",
    "topCategoryId": "65",
    "businessDomain": "RETAIL_BE",
    "IsPrivateLabel": false,
    "IsBiffe": false,
    "WeightconversionFactor": "0",
    "IsWeightArticle": false,
    "nutriscoreLabel": "D",
    "IsBio": false,
    "CountryOfOrigin": "FRANKRIJK",
    "IsExclusivelySoldInLuxembourg": false,
    "OrderUnit": "P",
    "ShortName": "MADL MET NOTEN 150G",
    "IsNew": false,
    "EcoscoreLabel": "B",
    "RecentQuanityOfStockUnits": "1",
    "LongName": "PAYSAN BRETON Madame Loïk met noten 150g",
    "FicCode": "E",
    "EcoscoreValue": "67"
  },
  {
    "productId": "507804",
    "technicalArticleNumber": "4088072",
    "commercialArticleNumber": "2742",
    "name": "AYRAN",
    "description": "*Drankje met\nyoghurt en zout",
    "brand": "GAZI",
    "seoBrand": "Gazi",
    "thumbNail": "https://static.colruytgroup.com/images/200x200/std.lang.all/05/69/asset-2340569.jpg",
    "fullImage": "https://static.colruytgroup.com/images/500x500/std.lang.all/05/69/asset-2340569.jpg",
    "squareImage": "https://static.colruytgroup.com/images/500x500sq/std.lang.all/05/69/asset-2340569.jpg",
    "content": "250ml",
    "walkRouteSequenceNumber": 5750,
    "price": {
      "basicPrice": 0.89,
      "recommendedQuantity": "1.0",
      "measurementUnitPrice": 3.56,
      "measurementUnit": "L",
      "isRedPrice": false,
      "pricePerUOM": 3.56,
      "activationDate": "10-01-2024",
      "isPromoActive": "N",
      "priceChangeCode": "H"
    },
    "isAvailable": true,
    "isPriceAvailable": true,
    "inPromo": false,
    "gtin": [
      "04002566004191",
      "04002566014190"
    ],
    "topCategoryName": "Zuivel",
    "topCategoryId": "65",
    "businessDomain": "RETAIL_BE",
    "IsPrivateLabel": false,
    "IsBiffe": false,
    "WeightconversionFactor": "0",
    "IsWeightArticle": false,
    "IsBio": false,
    "CountryOfOrigin": "DUITSLAND",
    "IsExclusivelySoldInLuxembourg": false,
    "OrderUnit": "P",
    "ShortName": "GAZI AYRAN 250ML",
    "IsNew": false,
    "RecentQuanityOfStockUnits": "1",
    "LongName": "GAZI AYRAN 250ml",
    "FicCode": "E"
  },
  {
    "productId": "893138",
    "technicalArticleNumber": "4755125",
    "commercialArticleNumber": "7671",
    "name": "blok",
    "description": "* België\n* Vegetarisch\n* Gepasteuris. melk\n* Vol en pittig\n* Korst is niet eetbaar",
    "brand": "PATER LIEVENS",
    "seoBrand": "PATER LIEVENS",
    "thumbNail": "https://static.colruytgroup.com/images/200x200/std.lang.all/23/51/asset-3342351.jpg",
    "fullImage": "https://static.colruytgroup.com/images/500x500/std.lang.all/23/51/asset-3342351.jpg",
    "squareImage": "https://static.colruytgroup.com/images/500x500sq/std.lang.all/23/51/asset-3342351.jpg",
    "content": "±220g",
    "walkRouteSequenceNumber": 6226,
    "price": {
      "basicPrice": 19.9,
      "recommendedQuantity": "1.0",
      "unit": "K",
      "measurementUnitPrice": 19.9,
      "measurementUnit": "K",
      "isRedPrice": false,
      "pricePerUOM": 19.9,
      "activationDate": "13-03-2024",
      "isPromoActive": "Y",
      "priceChangeCode": "E"
    },
    "isAvailable": true,
    "isPriceAvailable": true,
    "inPromo": false,
    "gtin": [
      "95400141610485"
    ],
    "topCategoryName": "Zuivel",
    "topCategoryId": "65",
    "businessDomain": "RETAIL_BE",
    "IsPrivateLabel": false,
    "IsBiffe": false,
    "WeightconversionFactor": "216.66",
    "IsWeightArticle": true,
    "IsBio": false,
    "CountryOfOrigin": "BELGIË",
    "IsExclusivelySoldInLuxembourg": false,
    "OrderUnit": "P",
    "ShortName": "PALI BLOK +-220G W",
    "IsNew": false,
    "RecentQuanityOfStockUnits": "1",
    "LongName": "PATER LIEVENS blok ±220g",
    "FicCode": "I"
  },
  {
    "productId": "579318",
    "technicalArticleNumber": "4230632",
    "commercialArticleNumber": "11534",
    "name": "Géromé munster",
    "description": "*Frankrijk\n*Zachte kaas\n*Gewassen korst",
    "thumbNail": "https://static.colruytgroup.com/images/200x200/std.lang.all/15/73/asset-2041573.jpg",
    "fullImage": "https://static.colruytgroup.com/images/500x500/std.lang.all/15/73/asset-2041573.jpg",
    "squareImage": "https://static.colruytgroup.com/images/500x500sq/std.lang.all/15/73/asset-2041573.jpg",
    "content": "200g",
    "walkRouteSequenceNumber": 5132,
    "price": {
      "basicPrice": 4.95,
      "recommendedQuantity": "1.0",
      "measurementUnitPrice": 24.75,
      "measurementUnit": "K",
      "isRedPrice": false,
      "pricePerUOM": 24.75,
      "activationDate": "28-10-2023",
      "isPromoActive": "N",
      "priceChangeCode": "L"
    },
    "isAvailable": true,
    "isPriceAvailable": true,
    "inPromo": false,
    "gtin": [
      "53390959010024",
      "03390959010029"
    ],
    "topCategoryName": "Zuivel",
    "topCategoryId": "65",
    "businessDomain": "RETAIL_BE",
    "IsPrivateLabel": false,
    "IsBiffe": false,
    "WeightconversionFactor": "0",
    "IsWeightArticle": false,
    "nutriscoreLabel": "D",
    "IsBio": false,
    "CountryOfOrigin": "FRANKRIJK",
    "IsExclusivelySoldInLuxembourg": false,
    "OrderUnit": "P",
    "ShortName": "GEROME MUNSTER 200G",
    "IsNew": false,
    "EcoscoreLabel": "D",
    "RecentQuanityOfStockUnits": "1",
    "LongName": "Géromé munster 200g",
    "FicCode": "E",
    "EcoscoreValue": "33"
  },
  {
    "productId": "38889",
    "technicalArticleNumber": "1674991",
    "commercialArticleNumber": "27003",
    "name": "kaas Bouquet des Moines",
    "description": "*België\n*Zachte kaas\n*Witschimmelkorst\n*Smeuïg, zacht",
    "brand": "VAL-DIEU",
    "seoBrand": "Val-Dieu",
    "thumbNail": "https://static.colruytgroup.com/images/200x200/std.lang.all/54/45/asset-3335445.jpg",
    "fullImage": "https://static.colruytgroup.com/images/500x500/std.lang.all/54/45/asset-3335445.jpg",
    "squareImage": "https://static.colruytgroup.com/images/500x500sq/std.lang.all/54/45/asset-3335445.jpg",
    "content": "225g",
    "walkRouteSequenceNumber": 5148,
    "price": {
      "basicPrice": 4.1,
      "recommendedQuantity": "1.0",
      "measurementUnitPrice": 18.23,
      "measurementUnit": "K",
      "isRedPrice": false,
      "pricePerUOM": 18.23,
      "activationDate": "19-03-2024",
      "recordSource": "Folder",
      "isPromoActive": "N",
      "priceChangeCode": "L"
    },
    "isAvailable": true,
    "isPriceAvailable": true,
    "inPromo": false,
    "gtin": [
      "05411021100221",
      "15411021100228"
    ],
    "topCategoryName": "Zuivel",
    "topCategoryId": "65",
    "businessDomain": "RETAIL_BE",
    "IsPrivateLabel": false,
    "IsBiffe": false,
    "WeightconversionFactor": "0",
    "IsWeightArticle": false,
    "IsBio": false,
    "CountryOfOrigin": "BELGIË",
    "IsExclusivelySoldInLuxembourg": false,
    "OrderUnit": "P",
    "ShortName": "V.D.BOUQUET MOINES225G",
    "IsNew": false,
    "EcoscoreLabel": "B",
    "RecentQuanityOfStockUnits": "1",
    "LongName": "VAL-DIEU kaas Bouquet des Moines 225g",
    "AlcoholVolume": "0",
    "FicCode": "E",
    "EcoscoreValue": "68"
  },
  {
    "productId": "699116",
    "technicalArticleNumber": "4430780",
    "commercialArticleNumber": "11063",
    "name": "tommette de savoie",
    "description": "*Frankrijk\n*Kaas met geperste\nbloemige korst",
    "brand": "POCHAT & FILS",
    "seoBrand": "Pochat & Fils",
    "thumbNail": "https://static.colruytgroup.com/images/200x200/std.lang.all/17/19/asset-2451719.jpg",
    "fullImage": "https://static.colruytgroup.com/images/500x500/std.lang.all/17/19/asset-2451719.jpg",
    "squareImage": "https://static.colruytgroup.com/images/500x500sq/std.lang.all/17/19/asset-2451719.jpg",
    "content": "250g",
    "walkRouteSequenceNumber": 5152,
    "price": {
      "basicPrice": 4.75,
      "recommendedQuantity": "1.0",
      "measurementUnitPrice": 19,
      "measurementUnit": "K",
      "isRedPrice": false,
      "pricePerUOM": 19,
      "activationDate": "02-03-2024",
      "isPromoActive": "N",
      "priceChangeCode": "H"
    },
    "isAvailable": true,
    "isPriceAvailable": true,
    "inPromo": false,
    "gtin": [
      "03294580003248",
      "03294580948990"
    ],
    "topCategoryName": "Zuivel",
    "topCategoryId": "65",
    "businessDomain": "RETAIL_BE",
    "IsPrivateLabel": false,
    "IsBiffe": false,
    "WeightconversionFactor": "0",
    "IsWeightArticle": false,
    "IsBio": false,
    "CountryOfOrigin": "FRANKRIJK",
    "IsExclusivelySoldInLuxembourg": false,
    "OrderUnit": "P",
    "ShortName": "POCHAT TOMMET.SAVOI250G",
    "IsNew": false,
    "EcoscoreLabel": "B",
    "RecentQuanityOfStockUnits": "1",
    "LongName": "POCHAT & FILS tommette de savoie 250g",
    "FicCode": "E",
    "EcoscoreValue": "66"
  },
  {
    "productId": "2141",
    "technicalArticleNumber": "26742",
    "commercialArticleNumber": "26742",
    "name": "kaas zacht",
    "description": "*Frankrijk\n*Zachte kaas\n*Witschimmelkorst\n*Vegetarisch",
    "brand": "CHAMOIS D'OR",
    "seoBrand": "Chamois d'Or",
    "thumbNail": "https://static.colruytgroup.com/images/200x200/std.lang.all/50/43/asset-2245043.jpg",
    "fullImage": "https://static.colruytgroup.com/images/500x500/std.lang.all/50/43/asset-2245043.jpg",
    "squareImage": "https://static.colruytgroup.com/images/500x500sq/std.lang.all/50/43/asset-2245043.jpg",
    "content": "±300g",
    "walkRouteSequenceNumber": 5146,
    "price": {
      "basicPrice": 21.5,
      "recommendedQuantity": "0.3",
      "unit": "K",
      "measurementUnitPrice": 21.5,
      "measurementUnit": "K",
      "isRedPrice": false,
      "pricePerUOM": 21.5,
      "activationDate": "19-03-2024",
      "recordSource": "Folder",
      "isPromoActive": "N",
      "priceChangeCode": "H"
    },
    "isAvailable": true,
    "isPriceAvailable": true,
    "inPromo": false,
    "gtin": [
      "05413362206808",
      "95400141267429",
      "95413362206818",
      "00000025267426",
      "00000054267428",
      "03760161340830",
      "05400141017694"
    ],
    "topCategoryName": "Zuivel",
    "topCategoryId": "65",
    "businessDomain": "RETAIL_BE",
    "IsPrivateLabel": false,
    "IsBiffe": false,
    "WeightconversionFactor": "300",
    "IsWeightArticle": true,
    "nutriscoreLabel": "D",
    "IsBio": false,
    "CountryOfOrigin": "FRANKRIJK",
    "IsExclusivelySoldInLuxembourg": false,
    "OrderUnit": "P",
    "ShortName": "CHAMOIS D OR KA.+-300GW",
    "InSeason": true,
    "IsNew": false,
    "RecentQuanityOfStockUnits": "1",
    "LongName": "CHAMOIS D'OR kaas zacht ±300g",
    "AlcoholVolume": "0",
    "StartSeasonDate": "13/12/2021",
    "FicCode": "I"
  },
  {
    "productId": "864439",
    "technicalArticleNumber": "4716247",
    "commercialArticleNumber": "32007",
    "name": "gatenkaas sneetjes",
    "brand": "EIGEN BODEM",
    "seoBrand": "EIGEN BODEM",
    "thumbNail": "https://static.colruytgroup.com/images/200x200/std.lang.all/54/21/asset-3365421.jpg",
    "fullImage": "https://static.colruytgroup.com/images/500x500/std.lang.all/54/21/asset-3365421.jpg",
    "squareImage": "https://static.colruytgroup.com/images/500x500sq/std.lang.all/54/21/asset-3365421.jpg",
    "content": "150g",
    "walkRouteSequenceNumber": 6162,
    "price": {
      "basicPrice": 3.3,
      "recommendedQuantity": "1.0",
      "measurementUnitPrice": 22,
      "measurementUnit": "K",
      "isRedPrice": false,
      "pricePerUOM": 22,
      "activationDate": "14-02-2024",
      "isPromoActive": "N",
      "priceChangeCode": "E"
    },
    "isAvailable": true,
    "isPriceAvailable": true,
    "inPromo": false,
    "gtin": [
      "05410834002210"
    ],
    "topCategoryName": "Zuivel",
    "topCategoryId": "65",
    "businessDomain": "RETAIL_BE",
    "IsPrivateLabel": false,
    "IsBiffe": false,
    "WeightconversionFactor": "0",
    "IsWeightArticle": false,
    "nutriscoreLabel": "D",
    "IsBio": false,
    "CountryOfOrigin": "BELGIË",
    "IsExclusivelySoldInLuxembourg": false,
    "OrderUnit": "P",
    "ShortName": "EIBO GATENKAAS SN. 150G",
    "IsNew": false,
    "EcoscoreLabel": "D",
    "RecentQuanityOfStockUnits": "1",
    "LongName": "EIGEN BODEM gatenkaas sneetjes 150g",
    "FicCode": "E",
    "EcoscoreValue": "30"
  },
  {
    "productId": "18562",
    "technicalArticleNumber": "1769822",
    "commercialArticleNumber": "33758",
    "name": "rijstpap vanille",
    "brand": "LA LAITIÈRE",
    "seoBrand": "Nestlé La Laitière",
    "thumbNail": "https://static.colruytgroup.com/images/200x200/std.lang.all/85/73/asset-358573.jpg",
    "fullImage": "https://static.colruytgroup.com/images/500x500/std.lang.all/85/73/asset-358573.jpg",
    "squareImage": "https://static.colruytgroup.com/images/500x500sq/std.lang.all/85/73/asset-358573.jpg",
    "content": "500g",
    "walkRouteSequenceNumber": 5973,
    "price": {
      "basicPrice": 2.89,
      "recommendedQuantity": "1.0",
      "measurementUnitPrice": 5.78,
      "measurementUnit": "K",
      "isRedPrice": false,
      "pricePerUOM": 5.78,
      "activationDate": "28-02-2024",
      "recordSource": "Offline",
      "isPromoActive": "N",
      "priceChangeCode": "H"
    },
    "isAvailable": true,
    "isPriceAvailable": true,
    "inPromo": false,
    "gtin": [
      "05410096784701",
      "03023290034910",
      "03023290103654"
    ],
    "topCategoryName": "Zuivel",
    "topCategoryId": "65",
    "businessDomain": "RETAIL_BE",
    "IsPrivateLabel": false,
    "IsBiffe": false,
    "WeightconversionFactor": "0",
    "IsWeightArticle": false,
    "nutriscoreLabel": "C",
    "IsBio": false,
    "CountryOfOrigin": "FRANKRIJK",
    "IsExclusivelySoldInLuxembourg": false,
    "OrderUnit": "P",
    "ShortName": "LL RIJSTPAP 500G",
    "IsNew": false,
    "RecentQuanityOfStockUnits": "1",
    "LongName": "LA LAITIÈRE rijstpap vanille 500g",
    "AlcoholVolume": "0",
    "FicCode": "E"
  },
  {
    "productId": "82559",
    "technicalArticleNumber": "2950148",
    "commercialArticleNumber": "31659",
    "name": "sensationsneetjes",
    "description": "Sneetjes kaas met zachte en fruitige\nsmaak - absoluut vetgehalte 29%",
    "brand": "MAREDSOUS",
    "seoBrand": "Maredsous",
    "thumbNail": "https://static.colruytgroup.com/images/200x200/std.lang.all/02/76/asset-2880276.jpg",
    "fullImage": "https://static.colruytgroup.com/images/500x500/std.lang.all/02/76/asset-2880276.jpg",
    "squareImage": "https://static.colruytgroup.com/images/500x500sq/std.lang.all/02/76/asset-2880276.jpg",
    "content": "170g",
    "walkRouteSequenceNumber": 6188,
    "price": {
      "basicPrice": 5.05,
      "recommendedQuantity": "1.0",
      "measurementUnitPrice": 29.71,
      "measurementUnit": "K",
      "isRedPrice": false,
      "pricePerUOM": 29.71,
      "activationDate": "06-03-2024",
      "recordSource": "Offline",
      "isPromoActive": "N",
      "priceChangeCode": "H"
    },
    "isAvailable": true,
    "isPriceAvailable": true,
    "inPromo": false,
    "gtin": [
      "03073781037302",
      "03073781037296"
    ],
    "topCategoryName": "Zuivel",
    "topCategoryId": "65",
    "businessDomain": "RETAIL_BE",
    "IsPrivateLabel": false,
    "IsBiffe": false,
    "WeightconversionFactor": "0",
    "IsWeightArticle": false,
    "nutriscoreLabel": "D",
    "IsBio": false,
    "CountryOfOrigin": "FRANKRIJK",
    "IsExclusivelySoldInLuxembourg": false,
    "OrderUnit": "P",
    "ShortName": "MARE SENSATION SN.170G",
    "IsNew": false,
    "EcoscoreLabel": "B",
    "RecentQuanityOfStockUnits": "1,6",
    "LongName": "MAREDSOUS sensationsneetjes 170g",
    "AlcoholVolume": "0",
    "FicCode": "E",
    "EcoscoreValue": "62"
  },
  {
    "productId": "920588",
    "technicalArticleNumber": "4763054",
    "commercialArticleNumber": "21211",
    "name": "high protein yoghurt",
    "brand": "PUR NATUR",
    "seoBrand": "Pur Natur",
    "thumbNail": "https://static.colruytgroup.com/images/200x200/std.lang.all/37/09/asset-3343709.jpg",
    "fullImage": "https://static.colruytgroup.com/images/500x500/std.lang.all/37/09/asset-3343709.jpg",
    "squareImage": "https://static.colruytgroup.com/images/500x500sq/std.lang.all/37/09/asset-3343709.jpg",
    "content": "400g",
    "walkRouteSequenceNumber": 5678,
    "price": {
      "basicPrice": 2.69,
      "recommendedQuantity": "1.0",
      "measurementUnitPrice": 6.73,
      "measurementUnit": "K",
      "isRedPrice": false,
      "pricePerUOM": 6.73,
      "activationDate": "21-03-2024",
      "recordSource": "Offline",
      "isPromoActive": "N",
      "priceChangeCode": "E"
    },
    "isAvailable": true,
    "isPriceAvailable": true,
    "inPromo": false,
    "gtin": [
      "05412971014569"
    ],
    "topCategoryName": "Zuivel",
    "topCategoryId": "65",
    "businessDomain": "RETAIL_BE",
    "IsPrivateLabel": false,
    "IsBiffe": false,
    "WeightconversionFactor": "0",
    "IsWeightArticle": false,
    "nutriscoreLabel": "A",
    "IsBio": false,
    "CountryOfOrigin": "BELGIË",
    "IsExclusivelySoldInLuxembourg": false,
    "OrderUnit": "P",
    "ShortName": "PUNA HI.PR.YOGHURT400G",
    "IsNew": false,
    "EcoscoreLabel": "B",
    "RecentQuanityOfStockUnits": "1",
    "LongName": "PUR NATUR high protein yoghurt 400g",
    "FicCode": "E",
    "EcoscoreValue": "67"
  },
  {
    "productId": "695797",
    "technicalArticleNumber": "4425162",
    "commercialArticleNumber": "25986",
    "name": "blok",
    "description": "*Belgisch\n*Halfharde kaas\n*Pittig&romig\n*Vegetarisch",
    "brand": "PERE JOSEPH",
    "seoBrand": "Père Joseph",
    "thumbNail": "https://static.colruytgroup.com/images/200x200/std.lang.all/80/14/asset-2478014.jpg",
    "fullImage": "https://static.colruytgroup.com/images/500x500/std.lang.all/80/14/asset-2478014.jpg",
    "squareImage": "https://static.colruytgroup.com/images/500x500sq/std.lang.all/80/14/asset-2478014.jpg",
    "content": "±200g",
    "walkRouteSequenceNumber": 6178,
    "price": {
      "basicPrice": 24.95,
      "recommendedQuantity": "0.2",
      "unit": "K",
      "measurementUnitPrice": 24.95,
      "measurementUnit": "K",
      "isRedPrice": false,
      "pricePerUOM": 24.95,
      "activationDate": "13-03-2024",
      "recordSource": "Offline",
      "isPromoActive": "Y",
      "priceChangeCode": "E"
    },
    "isAvailable": true,
    "isPriceAvailable": true,
    "inPromo": true,
    "promotion": [
      {
        "techPromoId": "100846COLR",
        "promotionId": "100846",
        "promotionType": "3",
        "isPersonalized": "N",
        "publicationStartDate": "13-03-2024",
        "publicationEndDate": "26-03-2024"
      }
    ],
    "gtin": [
      "05400141500660",
      "05400141439878",
      "95400141500663",
      "95400141439871"
    ],
    "topCategoryName": "Zuivel",
    "topCategoryId": "65",
    "businessDomain": "RETAIL_BE",
    "IsPrivateLabel": false,
    "IsBiffe": false,
    "WeightconversionFactor": "200",
    "IsWeightArticle": true,
    "nutriscoreLabel": "D",
    "IsBio": false,
    "CountryOfOrigin": "BELGIË",
    "IsExclusivelySoldInLuxembourg": false,
    "OrderUnit": "P",
    "ShortName": "PEJO BLOK +-200G W",
    "IsNew": false,
    "RecentQuanityOfStockUnits": "1",
    "LongName": "PERE JOSEPH blok ±200g",
    "FicCode": "I"
  },
  {
    "productId": "709724",
    "technicalArticleNumber": "4449664",
    "commercialArticleNumber": "26394",
    "name": "gourmet",
    "description": "*Margarine",
    "brand": "SOLO",
    "seoBrand": "Solo",
    "thumbNail": "https://static.colruytgroup.com/images/200x200/std.lang.all/86/09/asset-3208609.jpg",
    "fullImage": "https://static.colruytgroup.com/images/500x500/std.lang.all/86/09/asset-3208609.jpg",
    "squareImage": "https://static.colruytgroup.com/images/500x500sq/std.lang.all/86/09/asset-3208609.jpg",
    "content": "250g",
    "walkRouteSequenceNumber": 6042,
    "price": {
      "basicPrice": 2.45,
      "recommendedQuantity": "1.0",
      "measurementUnitPrice": 9.8,
      "measurementUnit": "K",
      "isRedPrice": false,
      "pricePerUOM": 9.8,
      "activationDate": "22-03-2024",
      "recordSource": "Offline",
      "isPromoActive": "N",
      "priceChangeCode": "E"
    },
    "isAvailable": true,
    "isPriceAvailable": true,
    "inPromo": false,
    "gtin": [
      "08719200193611",
      "08719200193604",
      "08719200223547"
    ],
    "topCategoryName": "Zuivel",
    "topCategoryId": "65",
    "businessDomain": "RETAIL_BE",
    "IsPrivateLabel": false,
    "IsBiffe": false,
    "WeightconversionFactor": "0",
    "IsWeightArticle": false,
    "nutriscoreLabel": "D",
    "IsBio": false,
    "CountryOfOrigin": "DUITSLAND",
    "IsExclusivelySoldInLuxembourg": false,
    "OrderUnit": "P",
    "ShortName": "SOLO GOURMET 250G",
    "IsNew": false,
    "EcoscoreLabel": "C",
    "RecentQuanityOfStockUnits": "1,10",
    "LongName": "SOLO gourmet 250g",
    "FicCode": "E",
    "EcoscoreValue": "45"
  },
  {
    "productId": "2059",
    "technicalArticleNumber": "26135",
    "commercialArticleNumber": "26135",
    "name": "Brusselse kaas",
    "description": "*België\n*Zachte kaas\n*Doordringend, zout",
    "brand": "HERVE",
    "seoBrand": "Herve",
    "thumbNail": "https://static.colruytgroup.com/images/200x200/std.lang.all/78/58/asset-1287858.jpg",
    "fullImage": "https://static.colruytgroup.com/images/500x500/std.lang.all/78/58/asset-1287858.jpg",
    "squareImage": "https://static.colruytgroup.com/images/500x500sq/std.lang.all/78/58/asset-1287858.jpg",
    "content": "150g",
    "walkRouteSequenceNumber": 5150,
    "price": {
      "basicPrice": 4.99,
      "recommendedQuantity": "1.0",
      "measurementUnitPrice": 33.27,
      "measurementUnit": "K",
      "isRedPrice": false,
      "pricePerUOM": 33.27,
      "activationDate": "16-11-2023",
      "recordSource": "Offline",
      "isPromoActive": "N",
      "priceChangeCode": "L"
    },
    "isAvailable": true,
    "isPriceAvailable": true,
    "inPromo": false,
    "gtin": [
      "00000054134027",
      "05411696000147",
      "15411696000144",
      "05411021102775"
    ],
    "topCategoryName": "Zuivel",
    "topCategoryId": "65",
    "businessDomain": "RETAIL_BE",
    "IsPrivateLabel": false,
    "IsBiffe": false,
    "WeightconversionFactor": "0",
    "IsWeightArticle": false,
    "nutriscoreLabel": "D",
    "IsBio": false,
    "CountryOfOrigin": "BELGIË",
    "IsExclusivelySoldInLuxembourg": false,
    "OrderUnit": "P",
    "ShortName": "RE BRUSSELSE KAAS 150GR",
    "IsNew": false,
    "EcoscoreLabel": "C",
    "RecentQuanityOfStockUnits": "1",
    "LongName": "HERVE Brusselse kaas 150g",
    "AlcoholVolume": "0",
    "FicCode": "E",
    "EcoscoreValue": "48"
  },
  {
    "productId": "528944",
    "technicalArticleNumber": "4119092",
    "commercialArticleNumber": "8484",
    "name": "licht gerijpt sneet",
    "description": "*België\n*12 weken rijping\n*Pittige smaak\n*Smeuïg",
    "brand": "FLANDRIEN",
    "seoBrand": "FLANDRIEN",
    "thumbNail": "https://static.colruytgroup.com/images/200x200/std.lang.all/01/58/asset-3280158.jpg",
    "fullImage": "https://static.colruytgroup.com/images/500x500/std.lang.all/01/58/asset-3280158.jpg",
    "squareImage": "https://static.colruytgroup.com/images/500x500sq/std.lang.all/01/58/asset-3280158.jpg",
    "content": "200g",
    "walkRouteSequenceNumber": 6236,
    "price": {
      "basicPrice": 3.49,
      "recommendedQuantity": "1.0",
      "measurementUnitPrice": 17.45,
      "measurementUnit": "K",
      "isRedPrice": false,
      "pricePerUOM": 17.45,
      "activationDate": "13-03-2024",
      "isPromoActive": "N",
      "priceChangeCode": "L"
    },
    "isAvailable": true,
    "isPriceAvailable": true,
    "inPromo": true,
    "promotion": [
      {
        "techPromoId": "100862COLR",
        "promotionId": "100862",
        "promotionType": "3",
        "isPersonalized": "N",
        "publicationStartDate": "13-03-2024",
        "publicationEndDate": "26-03-2024"
      }
    ],
    "gtin": [
      "05400141298048"
    ],
    "topCategoryName": "Zuivel",
    "topCategoryId": "65",
    "businessDomain": "RETAIL_BE",
    "IsPrivateLabel": false,
    "IsBiffe": false,
    "WeightconversionFactor": "0",
    "IsWeightArticle": false,
    "nutriscoreLabel": "D",
    "IsBio": false,
    "CountryOfOrigin": "BELGIË",
    "IsExclusivelySoldInLuxembourg": false,
    "OrderUnit": "P",
    "ShortName": "FLAN LICHT GERIJ.SN200G",
    "IsNew": false,
    "EcoscoreLabel": "B",
    "RecentQuanityOfStockUnits": "1",
    "LongName": "FLANDRIEN licht gerijpt sneet 200g",
    "FicCode": "I",
    "EcoscoreValue": "62"
  },
  {
    "productId": "224064",
    "technicalArticleNumber": "3478120",
    "commercialArticleNumber": "30820",
    "name": "soyaroom light 5%vg",
    "description": "*Plantaardig\n*Lactosevrij",
    "brand": "ALPRO",
    "seoBrand": "Alpro",
    "thumbNail": "https://static.colruytgroup.com/images/200x200/std.lang.all/67/57/asset-3386757.jpg",
    "fullImage": "https://static.colruytgroup.com/images/500x500/std.lang.all/67/57/asset-3386757.jpg",
    "squareImage": "https://static.colruytgroup.com/images/500x500sq/std.lang.all/67/57/asset-3386757.jpg",
    "content": "25cl",
    "walkRouteSequenceNumber": 5991,
    "price": {
      "basicPrice": 2.29,
      "recommendedQuantity": "2.0",
      "measurementUnitPrice": 9.16,
      "measurementUnit": "L",
      "isRedPrice": false,
      "pricePerUOM": 9.16,
      "activationDate": "20-03-2024",
      "recordSource": "Offline",
      "isPromoActive": "N",
      "priceChangeCode": "L"
    },
    "isAvailable": true,
    "isPriceAvailable": true,
    "inPromo": false,
    "gtin": [
      "05411188121732",
      "05411188121329",
      "05411188121725"
    ],
    "topCategoryName": "Zuivel",
    "topCategoryId": "65",
    "businessDomain": "RETAIL_BE",
    "IsPrivateLabel": false,
    "IsBiffe": false,
    "WeightconversionFactor": "0",
    "IsWeightArticle": false,
    "nutriscoreLabel": "B",
    "IsBio": false,
    "CountryOfOrigin": "BELGIË",
    "IsExclusivelySoldInLuxembourg": false,
    "OrderUnit": "P",
    "ShortName": "ALPRO LIGHT 25 CL",
    "IsNew": false,
    "EcoscoreLabel": "A",
    "RecentQuanityOfStockUnits": "3,1",
    "LongName": "ALPRO soyaroom light 5%vg 25cl",
    "AlcoholVolume": "0",
    "FicCode": "E",
    "EcoscoreValue": "85"
  },
  {
    "productId": "12145",
    "technicalArticleNumber": "1297510",
    "commercialArticleNumber": "13887",
    "name": "margarine bakken&braden vl.",
    "description": "*Bakken\n*Vetgehalte: 74 %",
    "brand": "BECEL",
    "seoBrand": "Becel",
    "thumbNail": "https://static.colruytgroup.com/images/200x200/std.lang.all/21/34/asset-2372134.jpg",
    "fullImage": "https://static.colruytgroup.com/images/500x500/std.lang.all/21/34/asset-2372134.jpg",
    "squareImage": "https://static.colruytgroup.com/images/500x500sq/std.lang.all/21/34/asset-2372134.jpg",
    "content": "500ml",
    "walkRouteSequenceNumber": 6035,
    "price": {
      "basicPrice": 2.79,
      "recommendedQuantity": "2.0",
      "measurementUnitPrice": 5.58,
      "measurementUnit": "L",
      "isRedPrice": false,
      "pricePerUOM": 5.58,
      "activationDate": "18-03-2024",
      "recordSource": "Offline",
      "isPromoActive": "N",
      "priceChangeCode": "H"
    },
    "isAvailable": true,
    "isPriceAvailable": true,
    "inPromo": false,
    "gtin": [
      "05400141138870",
      "05400141238877",
      "08719200021259",
      "08719200021242",
      "05410003001266"
    ],
    "topCategoryName": "Zuivel",
    "topCategoryId": "65",
    "businessDomain": "RETAIL_BE",
    "IsPrivateLabel": false,
    "IsBiffe": false,
    "WeightconversionFactor": "0",
    "IsWeightArticle": false,
    "nutriscoreLabel": "E",
    "IsBio": false,
    "CountryOfOrigin": "BELGIË",
    "IsExclusivelySoldInLuxembourg": false,
    "OrderUnit": "P",
    "ShortName": "BECEL B.BR VLOEIB.500ML",
    "IsNew": false,
    "EcoscoreLabel": "C",
    "RecentQuanityOfStockUnits": "2,1,12",
    "LongName": "BECEL margarine bakken&braden vl. 500ml",
    "AlcoholVolume": "0",
    "FicCode": "E",
    "EcoscoreValue": "48"
  },
  {
    "productId": "12400",
    "technicalArticleNumber": "1224634",
    "commercialArticleNumber": "16747",
    "name": "smeerkaas",
    "description": "*Smeerkaas",
    "brand": "EVERYDAY",
    "seoBrand": "Everyday",
    "thumbNail": "https://static.colruytgroup.com/images/200x200/std.lang.all/66/88/asset-376688.jpg",
    "fullImage": "https://static.colruytgroup.com/images/500x500/std.lang.all/66/88/asset-376688.jpg",
    "squareImage": "https://static.colruytgroup.com/images/500x500sq/std.lang.all/66/88/asset-376688.jpg",
    "content": "8st",
    "walkRouteSequenceNumber": 6135,
    "price": {
      "basicPrice": 1.18,
      "recommendedQuantity": "1.0",
      "quantityPrice": 0.963,
      "quantityPriceQuantity": "3.0",
      "measurementUnitPrice": 8.43,
      "measurementUnitQuantityPrice": 6.89,
      "measurementUnit": "K",
      "isRedPrice": false,
      "pricePerUOM": 8.43,
      "activationDate": "02-02-2024",
      "recordSource": "Offline",
      "isPromoActive": "N",
      "priceChangeCode": "E",
      "quantityPricePerUOM": 6.89,
      "quantityActivationDate": "02-02-2024",
      "quantityPriceChangeCode": "E"
    },
    "isAvailable": true,
    "isPriceAvailable": true,
    "inPromo": false,
    "gtin": [
      "15400141699163",
      "05400141699166",
      "05400141778878",
      "15400141778875"
    ],
    "topCategoryName": "Zuivel",
    "topCategoryId": "65",
    "businessDomain": "RETAIL_BE",
    "IsPrivateLabel": true,
    "IsBiffe": false,
    "WeightconversionFactor": "0",
    "IsWeightArticle": false,
    "nutriscoreLabel": "C",
    "IsBio": false,
    "CountryOfOrigin": "FRANKRIJK",
    "IsExclusivelySoldInLuxembourg": false,
    "OrderUnit": "P",
    "ShortName": "EVD 8P. SMEERKAAS 140GR",
    "InSeason": true,
    "IsNew": false,
    "EcoscoreLabel": "D",
    "RecentQuanityOfStockUnits": "1,48",
    "LongName": "EVERYDAY smeerkaas 8st",
    "AlcoholVolume": "0",
    "StartSeasonDate": "19/01/2005",
    "FicCode": "I",
    "EcoscoreValue": "39"
  },
  {
    "productId": "720631",
    "technicalArticleNumber": "4470609",
    "commercialArticleNumber": "27147",
    "name": "bakken en braden alu",
    "brand": "FAMA",
    "seoBrand": "Fama",
    "thumbNail": "https://static.colruytgroup.com/images/200x200/std.lang.all/50/04/asset-2475004.jpg",
    "fullImage": "https://static.colruytgroup.com/images/500x500/std.lang.all/50/04/asset-2475004.jpg",
    "squareImage": "https://static.colruytgroup.com/images/500x500sq/std.lang.all/50/04/asset-2475004.jpg",
    "content": "500g",
    "walkRouteSequenceNumber": 6040,
    "price": {
      "basicPrice": 2.15,
      "recommendedQuantity": "1.0",
      "measurementUnitPrice": 4.3,
      "measurementUnit": "K",
      "isRedPrice": false,
      "pricePerUOM": 4.3,
      "activationDate": "13-03-2024",
      "recordSource": "Offline",
      "isPromoActive": "N",
      "priceChangeCode": "E"
    },
    "isAvailable": true,
    "isPriceAvailable": true,
    "inPromo": false,
    "gtin": [
      "05410093174024",
      "05410093174017"
    ],
    "topCategoryName": "Zuivel",
    "topCategoryId": "65",
    "businessDomain": "RETAIL_BE",
    "IsPrivateLabel": false,
    "IsBiffe": false,
    "WeightconversionFactor": "0",
    "IsWeightArticle": false,
    "nutriscoreLabel": "E",
    "IsBio": false,
    "CountryOfOrigin": "BELGIË",
    "IsExclusivelySoldInLuxembourg": false,
    "OrderUnit": "P",
    "ShortName": "FAMA BAK&BRA ALU 500G",
    "IsNew": false,
    "EcoscoreLabel": "C",
    "RecentQuanityOfStockUnits": "16,1",
    "LongName": "FAMA bakken en braden alu 500g",
    "FicCode": "E",
    "EcoscoreValue": "46"
  },
  {
    "productId": "215309",
    "technicalArticleNumber": "3494982",
    "commercialArticleNumber": "21051",
    "name": "mozzarella sneetjes",
    "description": "*Duitsland\n*Zacht, mild",
    "brand": "BONI",
    "seoBrand": "Boni Selection",
    "thumbNail": "https://static.colruytgroup.com/images/200x200/std.lang.all/14/32/asset-1921432.jpg",
    "fullImage": "https://static.colruytgroup.com/images/500x500/std.lang.all/14/32/asset-1921432.jpg",
    "squareImage": "https://static.colruytgroup.com/images/500x500sq/std.lang.all/14/32/asset-1921432.jpg",
    "content": "150g",
    "walkRouteSequenceNumber": 6228,
    "price": {
      "basicPrice": 2.13,
      "recommendedQuantity": "1.0",
      "measurementUnitPrice": 14.2,
      "measurementUnit": "K",
      "isRedPrice": false,
      "pricePerUOM": 14.2,
      "activationDate": "21-03-2024",
      "recordSource": "Offline",
      "isPromoActive": "N",
      "priceChangeCode": "E"
    },
    "isAvailable": true,
    "isPriceAvailable": true,
    "inPromo": false,
    "gtin": [
      "05400141398366",
      "05400141237054",
      "15400141237051",
      "05400141626315"
    ],
    "topCategoryName": "Zuivel",
    "topCategoryId": "65",
    "businessDomain": "RETAIL_BE",
    "IsPrivateLabel": true,
    "IsBiffe": false,
    "WeightconversionFactor": "0",
    "IsWeightArticle": false,
    "nutriscoreLabel": "C",
    "IsBio": false,
    "CountryOfOrigin": "DUITSLAND",
    "IsExclusivelySoldInLuxembourg": false,
    "OrderUnit": "P",
    "ShortName": "BONI MOZZARELLA SN.150G",
    "IsNew": false,
    "EcoscoreLabel": "B",
    "RecentQuanityOfStockUnits": "1,1",
    "LongName": "BONI mozzarella sneetjes 150g",
    "AlcoholVolume": "0",
    "FicCode": "I",
    "EcoscoreValue": "63"
  },
  {
    "productId": "269161",
    "technicalArticleNumber": "3641664",
    "commercialArticleNumber": "40594",
    "name": "yoghurt vezels muesli",
    "description": "*Extra bevorderend\nvoor de darmflora",
    "brand": "ACTIVIA",
    "seoBrand": "Danone Activia",
    "thumbNail": "https://static.colruytgroup.com/images/200x200/std.lang.all/61/69/asset-2356169.jpg",
    "fullImage": "https://static.colruytgroup.com/images/500x500/std.lang.all/61/69/asset-2356169.jpg",
    "squareImage": "https://static.colruytgroup.com/images/500x500sq/std.lang.all/61/69/asset-2356169.jpg",
    "content": "4x125g",
    "walkRouteSequenceNumber": 5763,
    "price": {
      "basicPrice": 2.49,
      "recommendedQuantity": "1.0",
      "quantityPrice": 1.5,
      "quantityPriceQuantity": "2.0",
      "measurementUnitPrice": 4.98,
      "measurementUnitQuantityPrice": 3,
      "measurementUnit": "K",
      "isRedPrice": false,
      "pricePerUOM": 4.98,
      "activationDate": "18-03-2024",
      "isPromoActive": "Y",
      "priceChangeCode": "E",
      "quantityPricePerUOM": 3,
      "quantityActivationDate": "18-03-2024",
      "quantityPriceChangeCode": "L"
    },
    "isAvailable": true,
    "isPriceAvailable": true,
    "inPromo": false,
    "gtin": [
      "05410146416446",
      "05410146419072",
      "05410146420580",
      "15410146416443"
    ],
    "topCategoryName": "Zuivel",
    "topCategoryId": "65",
    "businessDomain": "RETAIL_BE",
    "IsPrivateLabel": false,
    "IsBiffe": false,
    "WeightconversionFactor": "0",
    "IsWeightArticle": false,
    "nutriscoreLabel": "B",
    "IsBio": false,
    "CountryOfOrigin": "FRANKRIJK",
    "IsExclusivelySoldInLuxembourg": false,
    "OrderUnit": "P",
    "ShortName": "DAN ACT GRA.MUES.4X125G",
    "IsNew": false,
    "EcoscoreLabel": "A",
    "RecentQuanityOfStockUnits": "1",
    "LongName": "ACTIVIA yoghurt vezels muesli 4x125g",
    "AlcoholVolume": "0",
    "FicCode": "E",
    "EcoscoreValue": "81"
  },
  {
    "productId": "529388",
    "technicalArticleNumber": "4119054",
    "commercialArticleNumber": "7954",
    "name": "abdijkaas Traditie sn.",
    "description": "*Frankrijk\n*Halfharde kaas\n*Zacht\n*Veggie",
    "brand": "MAREDSOUS",
    "seoBrand": "Maredsous",
    "thumbNail": "https://static.colruytgroup.com/images/200x200/std.lang.all/59/14/asset-3305914.jpg",
    "fullImage": "https://static.colruytgroup.com/images/500x500/std.lang.all/59/14/asset-3305914.jpg",
    "squareImage": "https://static.colruytgroup.com/images/500x500sq/std.lang.all/59/14/asset-3305914.jpg",
    "content": "330g",
    "walkRouteSequenceNumber": 6206,
    "price": {
      "basicPrice": 6.58,
      "recommendedQuantity": "1.0",
      "measurementUnitPrice": 19.94,
      "measurementUnit": "K",
      "isRedPrice": false,
      "pricePerUOM": 19.94,
      "activationDate": "15-03-2024",
      "recordSource": "Offline",
      "isPromoActive": "N",
      "priceChangeCode": "L"
    },
    "isAvailable": true,
    "isPriceAvailable": true,
    "inPromo": false,
    "gtin": [
      "05400141297881",
      "05400141686159",
      "05400141398540"
    ],
    "topCategoryName": "Zuivel",
    "topCategoryId": "65",
    "businessDomain": "RETAIL_BE",
    "IsPrivateLabel": false,
    "IsBiffe": false,
    "WeightconversionFactor": "0",
    "IsWeightArticle": false,
    "nutriscoreLabel": "D",
    "IsBio": false,
    "CountryOfOrigin": "BELGIË",
    "IsExclusivelySoldInLuxembourg": false,
    "OrderUnit": "P",
    "ShortName": "MARE TRADITIE SN 330G",
    "IsNew": false,
    "EcoscoreLabel": "B",
    "RecentQuanityOfStockUnits": "1",
    "LongName": "MAREDSOUS abdijkaas Traditie sn. 330g",
    "FicCode": "I",
    "EcoscoreValue": "63"
  },
  {
    "productId": "61587",
    "technicalArticleNumber": "2734920",
    "commercialArticleNumber": "8023",
    "name": "boter HV ongezouten",
    "description": "*Vetgehalte: 40 %\n*Belgisch",
    "brand": "BONI",
    "seoBrand": "Boni Selection",
    "thumbNail": "https://static.colruytgroup.com/images/200x200/std.lang.all/25/75/asset-1932575.jpg",
    "fullImage": "https://static.colruytgroup.com/images/500x500/std.lang.all/25/75/asset-1932575.jpg",
    "squareImage": "https://static.colruytgroup.com/images/500x500sq/std.lang.all/25/75/asset-1932575.jpg",
    "content": "250g",
    "walkRouteSequenceNumber": 6080,
    "price": {
      "basicPrice": 2.29,
      "recommendedQuantity": "1.0",
      "measurementUnitPrice": 9.16,
      "measurementUnit": "K",
      "isRedPrice": false,
      "pricePerUOM": 9.16,
      "activationDate": "20-03-2024",
      "recordSource": "Offline",
      "isPromoActive": "N",
      "priceChangeCode": "H"
    },
    "isAvailable": true,
    "isPriceAvailable": true,
    "inPromo": false,
    "gtin": [
      "05400141262957",
      "05400141066609",
      "15400141975199",
      "15400141066606",
      "15400141262954"
    ],
    "topCategoryName": "Zuivel",
    "topCategoryId": "65",
    "businessDomain": "RETAIL_BE",
    "IsPrivateLabel": true,
    "IsBiffe": false,
    "WeightconversionFactor": "0",
    "IsWeightArticle": false,
    "nutriscoreLabel": "D",
    "IsBio": false,
    "CountryOfOrigin": "BELGIË",
    "IsExclusivelySoldInLuxembourg": false,
    "OrderUnit": "P",
    "ShortName": "BONI HALFV.BOTER250",
    "InSeason": true,
    "IsNew": false,
    "EcoscoreLabel": "D",
    "RecentQuanityOfStockUnits": "1,12",
    "LongName": "BONI boter HV ongezouten 250g",
    "AlcoholVolume": "0",
    "StartSeasonDate": "14/06/2022",
    "FicCode": "I",
    "EcoscoreValue": "30"
  },
  {
    "productId": "2069",
    "technicalArticleNumber": "26561",
    "commercialArticleNumber": "26561",
    "name": "camembert",
    "description": "*Frankrijk\n*Zachte kaas\n*Witschimmelkorst\n*Karaktervol",
    "brand": "PRÉSIDENT",
    "seoBrand": "Président",
    "thumbNail": "https://static.colruytgroup.com/images/200x200/std.lang.all/34/95/asset-3263495.jpg",
    "fullImage": "https://static.colruytgroup.com/images/500x500/std.lang.all/34/95/asset-3263495.jpg",
    "squareImage": "https://static.colruytgroup.com/images/500x500sq/std.lang.all/34/95/asset-3263495.jpg",
    "content": "250g",
    "walkRouteSequenceNumber": 4936,
    "price": {
      "basicPrice": 3.19,
      "recommendedQuantity": "1.0",
      "measurementUnitPrice": 12.76,
      "measurementUnit": "K",
      "isRedPrice": false,
      "pricePerUOM": 12.76,
      "activationDate": "20-02-2024",
      "recordSource": "Offline",
      "isPromoActive": "N",
      "priceChangeCode": "E"
    },
    "isAvailable": true,
    "isPriceAvailable": true,
    "inPromo": false,
    "gtin": [
      "03228020481426",
      "03228021950204",
      "03228021960128",
      "03228021960524"
    ],
    "topCategoryName": "Zuivel",
    "topCategoryId": "65",
    "businessDomain": "RETAIL_BE",
    "IsPrivateLabel": false,
    "IsBiffe": false,
    "WeightconversionFactor": "0",
    "IsWeightArticle": false,
    "nutriscoreLabel": "D",
    "IsBio": false,
    "CountryOfOrigin": "FRANKRIJK",
    "IsExclusivelySoldInLuxembourg": false,
    "OrderUnit": "P",
    "ShortName": "PRESIDENT CAMEMBERT250G",
    "InSeason": true,
    "IsNew": false,
    "EcoscoreLabel": "D",
    "RecentQuanityOfStockUnits": "1",
    "LongName": "PRÉSIDENT camembert 250g",
    "AlcoholVolume": "0",
    "StartSeasonDate": "09/10/2015",
    "FicCode": "E",
    "EcoscoreValue": "34"
  },
  {
    "productId": "452471",
    "technicalArticleNumber": "4006066",
    "commercialArticleNumber": "4687",
    "name": "yoghurt aardbei",
    "description": "*Vol",
    "brand": "BONI",
    "seoBrand": "Boni Selection",
    "thumbNail": "https://static.colruytgroup.com/images/200x200/std.lang.all/67/83/asset-1766783.jpg",
    "fullImage": "https://static.colruytgroup.com/images/500x500/std.lang.all/67/83/asset-1766783.jpg",
    "squareImage": "https://static.colruytgroup.com/images/500x500sq/std.lang.all/67/83/asset-1766783.jpg",
    "content": "200g",
    "walkRouteSequenceNumber": 5827,
    "price": {
      "basicPrice": 0.877,
      "recommendedQuantity": "1.0",
      "measurementUnitPrice": 4.39,
      "measurementUnit": "K",
      "isRedPrice": false,
      "pricePerUOM": 4.39,
      "activationDate": "17-11-2023",
      "recordSource": "Offline",
      "isPromoActive": "N",
      "priceChangeCode": "E"
    },
    "isAvailable": true,
    "isPriceAvailable": true,
    "inPromo": false,
    "gtin": [
      "05400141193244",
      "05400141467161",
      "15400141193241"
    ],
    "topCategoryName": "Zuivel",
    "topCategoryId": "65",
    "businessDomain": "RETAIL_BE",
    "IsPrivateLabel": true,
    "IsBiffe": false,
    "WeightconversionFactor": "0",
    "IsWeightArticle": false,
    "nutriscoreLabel": "C",
    "IsBio": false,
    "CountryOfOrigin": "BELGIË",
    "IsExclusivelySoldInLuxembourg": false,
    "OrderUnit": "P",
    "ShortName": "BONI YOGH. AARDBEI 200G",
    "IsNew": false,
    "EcoscoreLabel": "A",
    "RecentQuanityOfStockUnits": "1,1",
    "LongName": "BONI yoghurt aardbei 200g",
    "FicCode": "I",
    "EcoscoreValue": "93"
  },
  {
    "productId": "18343",
    "technicalArticleNumber": "1748822",
    "commercialArticleNumber": "33615",
    "name": "natuur",
    "description": "*Plantaardig\nalternatief\nvoor yoghurt",
    "brand": "ALPRO",
    "seoBrand": "Alpro",
    "thumbNail": "https://static.colruytgroup.com/images/200x200/std.lang.all/66/75/asset-3376675.jpg",
    "fullImage": "https://static.colruytgroup.com/images/500x500/std.lang.all/66/75/asset-3376675.jpg",
    "squareImage": "https://static.colruytgroup.com/images/500x500sq/std.lang.all/66/75/asset-3376675.jpg",
    "content": "500g",
    "walkRouteSequenceNumber": 5838,
    "price": {
      "basicPrice": 1.99,
      "recommendedQuantity": "1.0",
      "measurementUnitPrice": 3.98,
      "measurementUnit": "K",
      "isRedPrice": false,
      "pricePerUOM": 3.98,
      "activationDate": "12-03-2024",
      "recordSource": "Offline",
      "isPromoActive": "N",
      "priceChangeCode": "E"
    },
    "isAvailable": true,
    "isPriceAvailable": true,
    "inPromo": false,
    "gtin": [
      "05411188099154",
      "05411188099161"
    ],
    "topCategoryName": "Zuivel",
    "topCategoryId": "65",
    "businessDomain": "RETAIL_BE",
    "IsPrivateLabel": false,
    "IsBiffe": false,
    "WeightconversionFactor": "0",
    "IsWeightArticle": false,
    "nutriscoreLabel": "A",
    "IsBio": false,
    "CountryOfOrigin": "BELGIË",
    "IsExclusivelySoldInLuxembourg": false,
    "OrderUnit": "P",
    "ShortName": "ALPRO NATUUR 500G",
    "IsNew": false,
    "EcoscoreLabel": "A",
    "RecentQuanityOfStockUnits": "6,1",
    "LongName": "ALPRO natuur 500g",
    "AlcoholVolume": "0",
    "FicCode": "E",
    "EcoscoreValue": "88"
  },
  {
    "productId": "882575",
    "technicalArticleNumber": "4740560",
    "commercialArticleNumber": "13297",
    "name": "smeren original palmolievrij",
    "description": "*Margarine\n*Smeren\n*Omega 3\n*Zonder palmolie",
    "brand": "BECEL",
    "seoBrand": "Becel",
    "thumbNail": "https://static.colruytgroup.com/images/200x200/std.lang.all/99/98/asset-3339998.jpg",
    "fullImage": "https://static.colruytgroup.com/images/500x500/std.lang.all/99/98/asset-3339998.jpg",
    "squareImage": "https://static.colruytgroup.com/images/500x500sq/std.lang.all/99/98/asset-3339998.jpg",
    "content": "450g",
    "walkRouteSequenceNumber": 6008,
    "price": {
      "basicPrice": 3.09,
      "recommendedQuantity": "1.0",
      "measurementUnitPrice": 6.87,
      "measurementUnit": "K",
      "isRedPrice": false,
      "pricePerUOM": 6.87,
      "activationDate": "12-03-2024",
      "recordSource": "Offline",
      "isPromoActive": "N",
      "priceChangeCode": "L"
    },
    "isAvailable": true,
    "isPriceAvailable": true,
    "inPromo": false,
    "gtin": [
      "08719200262096",
      "08719200262805"
    ],
    "topCategoryName": "Zuivel",
    "topCategoryId": "65",
    "businessDomain": "RETAIL_BE",
    "IsPrivateLabel": false,
    "IsBiffe": false,
    "WeightconversionFactor": "0",
    "IsWeightArticle": false,
    "nutriscoreLabel": "D",
    "IsBio": false,
    "CountryOfOrigin": "DUITSLAND",
    "IsExclusivelySoldInLuxembourg": false,
    "OrderUnit": "P",
    "ShortName": "BECE ORIGINAL 450G",
    "IsNew": false,
    "EcoscoreLabel": "B",
    "RecentQuanityOfStockUnits": "1,8",
    "LongName": "BECEL smeren original palmolievrij 450g",
    "FicCode": "E",
    "EcoscoreValue": "63"
  },
  {
    "productId": "3866",
    "technicalArticleNumber": "1105744",
    "commercialArticleNumber": "26502",
    "name": "natuur",
    "description": "*Frankrijk\n*Verse kaas\n*Romig, fris\n*Met zeezout",
    "brand": "PAYSAN BRETON MADAME LOÏK",
    "seoBrand": "Paysan Breton Madame Loïk",
    "thumbNail": "https://static.colruytgroup.com/images/200x200/std.lang.all/66/80/asset-3286680.jpg",
    "fullImage": "https://static.colruytgroup.com/images/500x500/std.lang.all/66/80/asset-3286680.jpg",
    "squareImage": "https://static.colruytgroup.com/images/500x500sq/std.lang.all/66/80/asset-3286680.jpg",
    "content": "150g",
    "walkRouteSequenceNumber": 4888,
    "price": {
      "basicPrice": 2.99,
      "recommendedQuantity": "1.0",
      "measurementUnitPrice": 19.94,
      "measurementUnit": "K",
      "isRedPrice": false,
      "pricePerUOM": 19.94,
      "activationDate": "20-02-2024",
      "recordSource": "Offline",
      "isPromoActive": "N",
      "priceChangeCode": "E"
    },
    "isAvailable": true,
    "isPriceAvailable": true,
    "inPromo": false,
    "gtin": [
      "03236240070306",
      "83236240070302"
    ],
    "topCategoryName": "Zuivel",
    "topCategoryId": "65",
    "businessDomain": "RETAIL_BE",
    "IsPrivateLabel": false,
    "IsBiffe": false,
    "WeightconversionFactor": "0",
    "IsWeightArticle": false,
    "nutriscoreLabel": "D",
    "IsBio": false,
    "CountryOfOrigin": "FRANKRIJK",
    "IsExclusivelySoldInLuxembourg": false,
    "OrderUnit": "P",
    "ShortName": "MADLOIK KAAS ZOUT 150GR",
    "InSeason": true,
    "IsNew": false,
    "EcoscoreLabel": "B",
    "RecentQuanityOfStockUnits": "1,8",
    "LongName": "PAYSAN BRETON MADAME LOÏK natuur 150g",
    "AlcoholVolume": "0",
    "StartSeasonDate": "12/02/2004",
    "FicCode": "E",
    "EcoscoreValue": "67"
  },
  {
    "productId": "101310",
    "technicalArticleNumber": "2839784",
    "commercialArticleNumber": "32873",
    "name": "yoghurt mager natuur",
    "description": "*Mager\n*Standyoghurt",
    "brand": "BONI",
    "seoBrand": "Boni Selection",
    "thumbNail": "https://static.colruytgroup.com/images/200x200/std.lang.all/87/40/asset-3208740.jpg",
    "fullImage": "https://static.colruytgroup.com/images/500x500/std.lang.all/87/40/asset-3208740.jpg",
    "squareImage": "https://static.colruytgroup.com/images/500x500sq/std.lang.all/87/40/asset-3208740.jpg",
    "content": "750g",
    "walkRouteSequenceNumber": 5725,
    "price": {
      "basicPrice": 1.93,
      "recommendedQuantity": "1.0",
      "measurementUnitPrice": 2.58,
      "measurementUnit": "K",
      "isRedPrice": false,
      "pricePerUOM": 2.58,
      "activationDate": "21-02-2024",
      "recordSource": "Offline",
      "isPromoActive": "N",
      "priceChangeCode": "H"
    },
    "isAvailable": true,
    "isPriceAvailable": true,
    "inPromo": false,
    "gtin": [
      "05400141417067",
      "15400141194125",
      "15400141242079",
      "05400141242072",
      "05400141194609",
      "15400141794684",
      "05400141026290",
      "05400141194128"
    ],
    "topCategoryName": "Zuivel",
    "topCategoryId": "65",
    "businessDomain": "RETAIL_BE",
    "IsPrivateLabel": true,
    "IsBiffe": false,
    "WeightconversionFactor": "0",
    "IsWeightArticle": false,
    "nutriscoreLabel": "A",
    "IsBio": false,
    "CountryOfOrigin": "BELGIË",
    "IsExclusivelySoldInLuxembourg": false,
    "OrderUnit": "P",
    "ShortName": "BONI MAGERE YOGH 750G",
    "IsNew": false,
    "EcoscoreLabel": "A",
    "RecentQuanityOfStockUnits": "1,6",
    "LongName": "BONI yoghurt mager natuur 750g",
    "AlcoholVolume": "0",
    "FicCode": "I",
    "EcoscoreValue": "99"
  },
  {
    "productId": "1877",
    "technicalArticleNumber": "26286",
    "commercialArticleNumber": "26286",
    "name": "aardbei/ban/abr",
    "description": "*Mager\n*Vetgehalte: 2,2 %",
    "brand": "DANONINO",
    "seoBrand": "Danonino",
    "thumbNail": "https://static.colruytgroup.com/images/200x200/std.lang.all/27/82/asset-3362782.jpg",
    "fullImage": "https://static.colruytgroup.com/images/500x500/std.lang.all/27/82/asset-3362782.jpg",
    "squareImage": "https://static.colruytgroup.com/images/500x500sq/std.lang.all/27/82/asset-3362782.jpg",
    "content": "12x50g",
    "walkRouteSequenceNumber": 5865,
    "price": {
      "basicPrice": 2.38,
      "recommendedQuantity": "1.0",
      "measurementUnitPrice": 3.97,
      "measurementUnit": "K",
      "isRedPrice": false,
      "pricePerUOM": 3.97,
      "activationDate": "14-11-2023",
      "recordSource": "Offline",
      "isPromoActive": "N",
      "priceChangeCode": "E"
    },
    "isAvailable": true,
    "isPriceAvailable": true,
    "inPromo": false,
    "gtin": [
      "15410146416177",
      "05410146416170"
    ],
    "topCategoryName": "Zuivel",
    "topCategoryId": "65",
    "businessDomain": "RETAIL_BE",
    "IsPrivateLabel": false,
    "IsBiffe": false,
    "WeightconversionFactor": "0",
    "IsWeightArticle": false,
    "nutriscoreLabel": "B",
    "IsBio": false,
    "CountryOfOrigin": "FRANKRIJK",
    "IsExclusivelySoldInLuxembourg": false,
    "OrderUnit": "P",
    "ShortName": "DANONINO PANAC 12X50G",
    "IsNew": false,
    "EcoscoreLabel": "A",
    "RecentQuanityOfStockUnits": "1",
    "LongName": "DANONINO aardbei/ban/abr 12x50g",
    "AlcoholVolume": "0",
    "FicCode": "E",
    "EcoscoreValue": "87"
  },
  {
    "productId": "58386",
    "technicalArticleNumber": "2321128",
    "commercialArticleNumber": "18350",
    "name": "yoghurt vol natuur bio",
    "description": "*Volle\n*Standyoghurt",
    "brand": "PUR NATUR",
    "seoBrand": "Pur Natur",
    "thumbNail": "https://static.colruytgroup.com/images/200x200/std.lang.all/38/29/asset-3373829.jpg",
    "fullImage": "https://static.colruytgroup.com/images/500x500/std.lang.all/38/29/asset-3373829.jpg",
    "squareImage": "https://static.colruytgroup.com/images/500x500sq/std.lang.all/38/29/asset-3373829.jpg",
    "content": "750g",
    "walkRouteSequenceNumber": 5819,
    "price": {
      "basicPrice": 3.28,
      "recommendedQuantity": "1.0",
      "measurementUnitPrice": 4.38,
      "measurementUnit": "K",
      "isRedPrice": false,
      "pricePerUOM": 4.38,
      "activationDate": "13-03-2024",
      "recordSource": "Folder",
      "isPromoActive": "N",
      "priceChangeCode": "L"
    },
    "isAvailable": true,
    "isPriceAvailable": true,
    "inPromo": true,
    "promotion": [
      {
        "techPromoId": "100945COLR",
        "promotionId": "100945",
        "promotionType": "3",
        "isPersonalized": "N",
        "publicationStartDate": "13-03-2024",
        "publicationEndDate": "26-03-2024"
      }
    ],
    "gtin": [
      "15400141999812",
      "05412971916306",
      "05412971016303"
    ],
    "topCategoryName": "Zuivel",
    "topCategoryId": "65",
    "businessDomain": "RETAIL_BE",
    "IsPrivateLabel": false,
    "IsBiffe": false,
    "WeightconversionFactor": "0",
    "IsWeightArticle": false,
    "nutriscoreLabel": "B",
    "IsBio": true,
    "CountryOfOrigin": "BELGIË",
    "IsExclusivelySoldInLuxembourg": false,
    "OrderUnit": "P",
    "ShortName": "PN NAT VOL YOGH BIO750G",
    "IsNew": false,
    "EcoscoreLabel": "A",
    "RecentQuanityOfStockUnits": "1",
    "LongName": "PUR NATUR yoghurt vol natuur bio 750g",
    "AlcoholVolume": "0",
    "FicCode": "E",
    "EcoscoreValue": "100"
  },
  {
    "productId": "671005",
    "technicalArticleNumber": "4383932",
    "commercialArticleNumber": "24413",
    "name": "volle yogh.aardbei",
    "description": "*Yoghurt op een\nbedje van aardbeien",
    "brand": "OIKOS",
    "seoBrand": "Oikos",
    "thumbNail": "https://static.colruytgroup.com/images/200x200/std.lang.all/10/39/asset-3441039.jpg",
    "fullImage": "https://static.colruytgroup.com/images/500x500/std.lang.all/10/39/asset-3441039.jpg",
    "squareImage": "https://static.colruytgroup.com/images/500x500sq/std.lang.all/10/39/asset-3441039.jpg",
    "content": "4x115g",
    "walkRouteSequenceNumber": 5905,
    "price": {
      "basicPrice": 2.79,
      "recommendedQuantity": "1.0",
      "measurementUnitPrice": 6.07,
      "measurementUnit": "K",
      "isRedPrice": false,
      "pricePerUOM": 6.07,
      "activationDate": "07-03-2024",
      "recordSource": "Offline",
      "isPromoActive": "N",
      "priceChangeCode": "H"
    },
    "isAvailable": true,
    "isPriceAvailable": true,
    "inPromo": false,
    "gtin": [
      "15410146419956",
      "05410146419959"
    ],
    "topCategoryName": "Zuivel",
    "topCategoryId": "65",
    "businessDomain": "RETAIL_BE",
    "IsPrivateLabel": false,
    "IsBiffe": false,
    "WeightconversionFactor": "0",
    "IsWeightArticle": false,
    "nutriscoreLabel": "C",
    "IsBio": false,
    "CountryOfOrigin": "DUITSLAND",
    "IsExclusivelySoldInLuxembourg": false,
    "OrderUnit": "P",
    "ShortName": "DANO OIK. AARDBEI4X115G",
    "IsNew": false,
    "EcoscoreLabel": "A",
    "RecentQuanityOfStockUnits": "1",
    "LongName": "OIKOS volle yogh.aardbei 4x115g",
    "FicCode": "E",
    "EcoscoreValue": "85"
  },
  {
    "productId": "665398",
    "technicalArticleNumber": "4374046",
    "commercialArticleNumber": "24185",
    "name": "abdij sneden",
    "description": "*Met natuurkorst\n*Belgisch",
    "brand": "FAIREBEL",
    "seoBrand": "Fairebel",
    "thumbNail": "https://static.colruytgroup.com/images/200x200/std.lang.all/72/48/asset-2387248.jpg",
    "fullImage": "https://static.colruytgroup.com/images/500x500/std.lang.all/72/48/asset-2387248.jpg",
    "squareImage": "https://static.colruytgroup.com/images/500x500sq/std.lang.all/72/48/asset-2387248.jpg",
    "content": "250g",
    "walkRouteSequenceNumber": 6193,
    "price": {
      "basicPrice": 4.66,
      "recommendedQuantity": "1.0",
      "measurementUnitPrice": 18.64,
      "measurementUnit": "K",
      "isRedPrice": false,
      "pricePerUOM": 18.64,
      "activationDate": "22-03-2024",
      "isPromoActive": "N",
      "priceChangeCode": "H"
    },
    "isAvailable": true,
    "isPriceAvailable": true,
    "inPromo": false,
    "gtin": [
      "05400141999532",
      "05400141760231"
    ],
    "topCategoryName": "Zuivel",
    "topCategoryId": "65",
    "businessDomain": "RETAIL_BE",
    "IsPrivateLabel": false,
    "IsBiffe": false,
    "WeightconversionFactor": "0",
    "IsWeightArticle": false,
    "nutriscoreLabel": "D",
    "IsBio": false,
    "CountryOfOrigin": "BELGIË",
    "IsExclusivelySoldInLuxembourg": false,
    "OrderUnit": "P",
    "ShortName": "FAIR ABDIJ SNEETJES250G",
    "IsNew": false,
    "EcoscoreLabel": "D",
    "RecentQuanityOfStockUnits": "1",
    "LongName": "FAIREBEL abdij sneden 250g",
    "FicCode": "I",
    "EcoscoreValue": "27"
  },
  {
    "productId": "887004",
    "technicalArticleNumber": "4746367",
    "commercialArticleNumber": "32727",
    "name": "Chef De Chèvre",
    "description": "België\nGepasteuriseerde Geitenmelk\nkaraktervol\nkorst niet eetbaar",
    "brand": "DE MOERENAAR",
    "seoBrand": "De Moerenaar",
    "thumbNail": "https://static.colruytgroup.com/images/200x200/std.lang.all/55/58/asset-3315558.jpg",
    "fullImage": "https://static.colruytgroup.com/images/500x500/std.lang.all/55/58/asset-3315558.jpg",
    "squareImage": "https://static.colruytgroup.com/images/500x500sq/std.lang.all/55/58/asset-3315558.jpg",
    "content": "±280g",
    "walkRouteSequenceNumber": 6219,
    "price": {
      "basicPrice": 22.9,
      "recommendedQuantity": "1.0",
      "unit": "K",
      "measurementUnitPrice": 22.9,
      "measurementUnit": "K",
      "isRedPrice": false,
      "pricePerUOM": 22.9,
      "activationDate": "13-03-2024",
      "isPromoActive": "Y",
      "priceChangeCode": "E"
    },
    "isAvailable": true,
    "isPriceAvailable": true,
    "inPromo": false,
    "gtin": [
      "95400141874740",
      "05400141427707",
      "95400141427700"
    ],
    "topCategoryName": "Zuivel",
    "topCategoryId": "65",
    "businessDomain": "RETAIL_BE",
    "IsPrivateLabel": false,
    "IsBiffe": false,
    "WeightconversionFactor": "300",
    "IsWeightArticle": true,
    "IsBio": false,
    "CountryOfOrigin": "BELGIË",
    "IsExclusivelySoldInLuxembourg": false,
    "OrderUnit": "P",
    "ShortName": "DEMO CHEF CHEVRE+-280GW",
    "IsNew": false,
    "RecentQuanityOfStockUnits": "1",
    "LongName": "DE MOERENAAR Chef De Chèvre ±280g",
    "FicCode": "E"
  },
  {
    "productId": "185711",
    "technicalArticleNumber": "3438589",
    "commercialArticleNumber": "21490",
    "name": "kaas apero mosterd blok",
    "description": "*België\n*Halfzacht",
    "brand": "BRUGGE",
    "seoBrand": "Brugge",
    "thumbNail": "https://static.colruytgroup.com/images/200x200/std.lang.all/28/49/asset-1392849.jpg",
    "fullImage": "https://static.colruytgroup.com/images/500x500/std.lang.all/28/49/asset-1392849.jpg",
    "squareImage": "https://static.colruytgroup.com/images/500x500sq/std.lang.all/28/49/asset-1392849.jpg",
    "content": "±300g",
    "walkRouteSequenceNumber": 5154,
    "price": {
      "basicPrice": 19.9,
      "recommendedQuantity": "0.3",
      "unit": "K",
      "measurementUnitPrice": 19.9,
      "measurementUnit": "K",
      "isRedPrice": false,
      "pricePerUOM": 19.9,
      "activationDate": "02-11-2023",
      "isPromoActive": "N",
      "priceChangeCode": "E"
    },
    "isAvailable": true,
    "isPriceAvailable": true,
    "inPromo": false,
    "gtin": [
      "95413721707000",
      "05413721707007"
    ],
    "topCategoryName": "Zuivel",
    "topCategoryId": "65",
    "businessDomain": "RETAIL_BE",
    "IsPrivateLabel": false,
    "IsBiffe": false,
    "WeightconversionFactor": "300",
    "IsWeightArticle": true,
    "nutriscoreLabel": "D",
    "IsBio": false,
    "CountryOfOrigin": "BELGIË",
    "IsExclusivelySoldInLuxembourg": false,
    "OrderUnit": "P",
    "ShortName": "BRUG APERO MOST.BL300GW",
    "IsNew": false,
    "EcoscoreLabel": "C",
    "RecentQuanityOfStockUnits": "1",
    "LongName": "BRUGGE kaas apero mosterd blok ±300g",
    "AlcoholVolume": "0",
    "FicCode": "E",
    "EcoscoreValue": "51"
  },
  {
    "productId": "18234",
    "technicalArticleNumber": "1764972",
    "commercialArticleNumber": "33703",
    "name": "Caprice des Anges",
    "description": "*Frankrijk\n*Verse kaas\n*Fris, smeuïg, romig\nlicht gezouten\n*O.b.v. gepast. melk",
    "brand": "CAPRICE DES DIEUX",
    "seoBrand": "Caprice des Dieux",
    "thumbNail": "https://static.colruytgroup.com/images/200x200/std.lang.all/51/48/asset-2845148.jpg",
    "fullImage": "https://static.colruytgroup.com/images/500x500/std.lang.all/51/48/asset-2845148.jpg",
    "squareImage": "https://static.colruytgroup.com/images/500x500sq/std.lang.all/51/48/asset-2845148.jpg",
    "content": "200g",
    "walkRouteSequenceNumber": 4929,
    "price": {
      "basicPrice": 7.25,
      "recommendedQuantity": "1.0",
      "measurementUnitPrice": 36.25,
      "measurementUnit": "K",
      "isRedPrice": false,
      "pricePerUOM": 36.25,
      "activationDate": "01-03-2024",
      "recordSource": "Offline",
      "isPromoActive": "N",
      "priceChangeCode": "E"
    },
    "isAvailable": true,
    "isPriceAvailable": true,
    "inPromo": false,
    "gtin": [
      "13480341011493",
      "13480348883017",
      "03480348883010"
    ],
    "topCategoryName": "Zuivel",
    "topCategoryId": "65",
    "businessDomain": "RETAIL_BE",
    "IsPrivateLabel": false,
    "IsBiffe": false,
    "WeightconversionFactor": "0",
    "IsWeightArticle": false,
    "nutriscoreLabel": "D",
    "IsBio": false,
    "CountryOfOrigin": "FRANKRIJK",
    "IsExclusivelySoldInLuxembourg": false,
    "OrderUnit": "P",
    "ShortName": "RE CAPRICE DES ANGES200",
    "InSeason": true,
    "IsNew": false,
    "RecentQuanityOfStockUnits": "1",
    "LongName": "CAPRICE DES DIEUX Caprice des Anges 200g",
    "AlcoholVolume": "0",
    "StartSeasonDate": "20/01/2022",
    "FicCode": "E"
  },
  {
    "productId": "861436",
    "technicalArticleNumber": "4712666",
    "commercialArticleNumber": "23059",
    "name": "Quark vanille",
    "brand": "CAMPINA",
    "seoBrand": "Campina",
    "thumbNail": "https://static.colruytgroup.com/images/200x200/std.lang.all/40/43/asset-3364043.jpg",
    "fullImage": "https://static.colruytgroup.com/images/500x500/std.lang.all/40/43/asset-3364043.jpg",
    "squareImage": "https://static.colruytgroup.com/images/500x500sq/std.lang.all/40/43/asset-3364043.jpg",
    "content": "180g",
    "walkRouteSequenceNumber": 5705,
    "price": {
      "basicPrice": 1.99,
      "recommendedQuantity": "1.0",
      "measurementUnitPrice": 11.06,
      "measurementUnit": "K",
      "isRedPrice": false,
      "pricePerUOM": 11.06,
      "activationDate": "19-03-2024",
      "recordSource": "Online",
      "isPromoActive": "N",
      "priceChangeCode": "L"
    },
    "isAvailable": true,
    "isPriceAvailable": true,
    "inPromo": false,
    "gtin": [
      "05410438045811",
      "05410438045804"
    ],
    "topCategoryName": "Zuivel",
    "topCategoryId": "65",
    "businessDomain": "RETAIL_BE",
    "IsPrivateLabel": false,
    "IsBiffe": false,
    "WeightconversionFactor": "0",
    "IsWeightArticle": false,
    "nutriscoreLabel": "A",
    "IsBio": false,
    "CountryOfOrigin": "NEDERLAND",
    "IsExclusivelySoldInLuxembourg": false,
    "OrderUnit": "P",
    "ShortName": "CAMP QUARK VANILLE 180G",
    "IsNew": false,
    "EcoscoreLabel": "B",
    "RecentQuanityOfStockUnits": "1,6",
    "LongName": "CAMPINA Quark vanille 180g",
    "FicCode": "E",
    "EcoscoreValue": "72"
  },
  {
    "productId": "741711",
    "technicalArticleNumber": "4507202",
    "commercialArticleNumber": "27989",
    "name": "Abdij belegen blok",
    "description": "*Belgisch\n*Harde kaas 50+",
    "brand": "POSTEL",
    "seoBrand": "Postel",
    "thumbNail": "https://static.colruytgroup.com/images/200x200/std.lang.all/12/26/asset-2641226.jpg",
    "fullImage": "https://static.colruytgroup.com/images/500x500/std.lang.all/12/26/asset-2641226.jpg",
    "squareImage": "https://static.colruytgroup.com/images/500x500sq/std.lang.all/12/26/asset-2641226.jpg",
    "content": "200g",
    "walkRouteSequenceNumber": 6166,
    "price": {
      "basicPrice": 4.79,
      "recommendedQuantity": "1.0",
      "measurementUnitPrice": 23.95,
      "measurementUnit": "K",
      "isRedPrice": false,
      "pricePerUOM": 23.95,
      "activationDate": "07-02-2024",
      "recordSource": "Offline",
      "isPromoActive": "N",
      "priceChangeCode": "H"
    },
    "isAvailable": true,
    "isPriceAvailable": true,
    "inPromo": false,
    "gtin": [
      "05410942172478"
    ],
    "topCategoryName": "Zuivel",
    "topCategoryId": "65",
    "businessDomain": "RETAIL_BE",
    "IsPrivateLabel": false,
    "IsBiffe": false,
    "WeightconversionFactor": "0",
    "IsWeightArticle": false,
    "nutriscoreLabel": "D",
    "IsBio": false,
    "CountryOfOrigin": "BELGIË",
    "IsExclusivelySoldInLuxembourg": false,
    "OrderUnit": "P",
    "ShortName": "POST ABDIJ BELEG BL200G",
    "IsNew": false,
    "RecentQuanityOfStockUnits": "1",
    "LongName": "POSTEL Abdij belegen blok 200g",
    "FicCode": "E"
  },
  {
    "productId": "252363",
    "technicalArticleNumber": "3606311",
    "commercialArticleNumber": "33058",
    "name": "kaas époisses",
    "description": "*Frankrijk B.O.B.\n*Zachte kaas\n*Oranje korst\n*O.b.v.gepast.melk",
    "brand": "GERMAIN",
    "seoBrand": "Germain",
    "thumbNail": "https://static.colruytgroup.com/images/200x200/std.lang.all/74/52/asset-2257452.jpg",
    "fullImage": "https://static.colruytgroup.com/images/500x500/std.lang.all/74/52/asset-2257452.jpg",
    "squareImage": "https://static.colruytgroup.com/images/500x500sq/std.lang.all/74/52/asset-2257452.jpg",
    "content": "250g",
    "walkRouteSequenceNumber": 4934,
    "price": {
      "basicPrice": 11.18,
      "recommendedQuantity": "1.0",
      "measurementUnitPrice": 44.72,
      "measurementUnit": "K",
      "isRedPrice": false,
      "pricePerUOM": 44.72,
      "activationDate": "11-01-2024",
      "recordSource": "Offline",
      "isPromoActive": "N",
      "priceChangeCode": "H"
    },
    "isAvailable": true,
    "isPriceAvailable": true,
    "inPromo": false,
    "gtin": [
      "13336660000468",
      "03336660000461"
    ],
    "topCategoryName": "Zuivel",
    "topCategoryId": "65",
    "businessDomain": "RETAIL_BE",
    "IsPrivateLabel": false,
    "IsBiffe": false,
    "WeightconversionFactor": "0",
    "IsWeightArticle": false,
    "nutriscoreLabel": "D",
    "IsBio": false,
    "CountryOfOrigin": "BELGIË",
    "IsExclusivelySoldInLuxembourg": false,
    "OrderUnit": "P",
    "ShortName": "GERM. EPOISSES 250 G",
    "InSeason": true,
    "IsNew": false,
    "EcoscoreLabel": "D",
    "RecentQuanityOfStockUnits": "1",
    "LongName": "GERMAIN kaas époisses 250g",
    "AlcoholVolume": "0",
    "StartSeasonDate": "07/07/2023",
    "FicCode": "E",
    "EcoscoreValue": "35"
  },
  {
    "productId": "393117",
    "technicalArticleNumber": "3941742",
    "commercialArticleNumber": "1498",
    "name": "room 40% vg. UHT",
    "brand": "DEBIC",
    "seoBrand": "Debic",
    "thumbNail": "https://static.colruytgroup.com/images/200x200/std.lang.all/94/27/asset-2159427.jpg",
    "fullImage": "https://static.colruytgroup.com/images/500x500/std.lang.all/94/27/asset-2159427.jpg",
    "squareImage": "https://static.colruytgroup.com/images/500x500sq/std.lang.all/94/27/asset-2159427.jpg",
    "content": "2L",
    "walkRouteSequenceNumber": 6032,
    "price": {
      "basicPrice": 14.29,
      "recommendedQuantity": "1.0",
      "measurementUnitPrice": 7.15,
      "measurementUnit": "L",
      "isRedPrice": false,
      "pricePerUOM": 7.15,
      "activationDate": "13-03-2024",
      "isPromoActive": "N",
      "priceChangeCode": "E"
    },
    "isAvailable": true,
    "isPriceAvailable": true,
    "inPromo": false,
    "gtin": [
      "05410488821564",
      "05410488822011"
    ],
    "topCategoryName": "Zuivel",
    "topCategoryId": "65",
    "businessDomain": "RETAIL_BE",
    "IsPrivateLabel": false,
    "IsBiffe": false,
    "WeightconversionFactor": "0",
    "IsWeightArticle": false,
    "nutriscoreLabel": "E",
    "IsBio": false,
    "CountryOfOrigin": "BELGIË",
    "IsExclusivelySoldInLuxembourg": false,
    "OrderUnit": "P",
    "ShortName": "HC DEBI VOL.ROOM 40% 2L",
    "IsNew": false,
    "EcoscoreLabel": "B",
    "RecentQuanityOfStockUnits": "1,6",
    "LongName": "DEBIC room 40% vg. UHT 2L",
    "FicCode": "E",
    "EcoscoreValue": "74"
  },
  {
    "productId": "869826",
    "technicalArticleNumber": "4723263",
    "commercialArticleNumber": "19703",
    "name": "volle room 35%",
    "brand": "CARLSBOURG",
    "seoBrand": "Carlsbourg",
    "thumbNail": "https://static.colruytgroup.com/images/200x200/nl_be/08/40/asset-3240840.jpg",
    "fullImage": "https://static.colruytgroup.com/images/500x500/nl_be/08/40/asset-3240840.jpg",
    "squareImage": "https://static.colruytgroup.com/images/500x500sq/nl_be/08/40/asset-3240840.jpg",
    "content": "1L",
    "walkRouteSequenceNumber": 6028,
    "price": {
      "basicPrice": 6.49,
      "recommendedQuantity": "1.0",
      "quantityPrice": 4.86,
      "quantityPriceQuantity": "2.0",
      "measurementUnitPrice": 6.49,
      "measurementUnitQuantityPrice": 4.86,
      "measurementUnit": "L",
      "isRedPrice": false,
      "pricePerUOM": 6.49,
      "activationDate": "13-03-2024",
      "recordSource": "Offline",
      "isPromoActive": "N",
      "priceChangeCode": "E",
      "quantityPricePerUOM": 4.86,
      "quantityActivationDate": "13-03-2024",
      "quantityPriceChangeCode": "L"
    },
    "isAvailable": true,
    "isPriceAvailable": true,
    "inPromo": false,
    "gtin": [
      "05411396039768",
      "05411396039751"
    ],
    "topCategoryName": "Zuivel",
    "topCategoryId": "65",
    "businessDomain": "RETAIL_BE",
    "IsPrivateLabel": false,
    "IsBiffe": false,
    "WeightconversionFactor": "0",
    "IsWeightArticle": false,
    "nutriscoreLabel": "D",
    "IsBio": false,
    "CountryOfOrigin": "LUXEMBURG",
    "IsExclusivelySoldInLuxembourg": false,
    "OrderUnit": "P",
    "ShortName": "CARL VOLLE ROOM 35% 1L",
    "IsNew": false,
    "RecentQuanityOfStockUnits": "1,6",
    "LongName": "CARLSBOURG volle room 35% 1L",
    "FicCode": "E"
  },
  {
    "productId": "94818",
    "technicalArticleNumber": "2875781",
    "commercialArticleNumber": "34433",
    "name": "kaas blok bio",
    "description": "*België\n*Harde belegen kaas\no.b.v. biolog.melk\n*Fruitig, vol\n*Vegetarisch",
    "brand": "VIEUX LIÈGE",
    "seoBrand": "Vieux Liège",
    "thumbNail": "https://static.colruytgroup.com/images/200x200/std.lang.all/97/75/asset-649775.jpg",
    "fullImage": "https://static.colruytgroup.com/images/500x500/std.lang.all/97/75/asset-649775.jpg",
    "squareImage": "https://static.colruytgroup.com/images/500x500sq/std.lang.all/97/75/asset-649775.jpg",
    "content": "±250g",
    "walkRouteSequenceNumber": 5645,
    "price": {
      "basicPrice": 21,
      "recommendedQuantity": "0.2",
      "unit": "K",
      "measurementUnitPrice": 21,
      "measurementUnit": "K",
      "isRedPrice": false,
      "pricePerUOM": 21,
      "activationDate": "04-11-2022",
      "isPromoActive": "N",
      "priceChangeCode": "E"
    },
    "isAvailable": true,
    "isPriceAvailable": true,
    "inPromo": false,
    "gtin": [
      "15400141023067",
      "95400141477811",
      "05400141023060"
    ],
    "topCategoryName": "Zuivel",
    "topCategoryId": "65",
    "businessDomain": "RETAIL_BE",
    "IsPrivateLabel": false,
    "IsBiffe": false,
    "WeightconversionFactor": "250",
    "IsWeightArticle": true,
    "nutriscoreLabel": "D",
    "IsBio": true,
    "CountryOfOrigin": "BELGIË",
    "IsExclusivelySoldInLuxembourg": false,
    "OrderUnit": "P",
    "ShortName": "VIEUX LIEGE BIO+-250GW",
    "IsNew": false,
    "EcoscoreLabel": "B",
    "RecentQuanityOfStockUnits": "1",
    "LongName": "VIEUX LIÈGE kaas blok bio ±250g",
    "AlcoholVolume": "0",
    "FicCode": "I",
    "EcoscoreValue": "72"
  },
  {
    "productId": "741701",
    "technicalArticleNumber": "4507192",
    "commercialArticleNumber": "27988",
    "name": "abdij oud blok",
    "description": "*Belgisch\n*Harde kaas 50+",
    "brand": "POSTEL",
    "seoBrand": "Postel",
    "thumbNail": "https://static.colruytgroup.com/images/200x200/std.lang.all/02/70/asset-2660270.jpg",
    "fullImage": "https://static.colruytgroup.com/images/500x500/std.lang.all/02/70/asset-2660270.jpg",
    "squareImage": "https://static.colruytgroup.com/images/500x500sq/std.lang.all/02/70/asset-2660270.jpg",
    "content": "200g",
    "walkRouteSequenceNumber": 6167,
    "price": {
      "basicPrice": 4.99,
      "recommendedQuantity": "1.0",
      "measurementUnitPrice": 24.95,
      "measurementUnit": "K",
      "isRedPrice": false,
      "pricePerUOM": 24.95,
      "activationDate": "15-03-2024",
      "recordSource": "Offline",
      "isPromoActive": "N",
      "priceChangeCode": "E"
    },
    "isAvailable": true,
    "isPriceAvailable": true,
    "inPromo": false,
    "gtin": [
      "05410942172447"
    ],
    "topCategoryName": "Zuivel",
    "topCategoryId": "65",
    "businessDomain": "RETAIL_BE",
    "IsPrivateLabel": false,
    "IsBiffe": false,
    "WeightconversionFactor": "0",
    "IsWeightArticle": false,
    "nutriscoreLabel": "D",
    "IsBio": false,
    "CountryOfOrigin": "BELGIË",
    "IsExclusivelySoldInLuxembourg": false,
    "OrderUnit": "P",
    "ShortName": "POST ABDIJ OUD BLOK200G",
    "IsNew": false,
    "RecentQuanityOfStockUnits": "1",
    "LongName": "POSTEL abdij oud blok 200g",
    "FicCode": "E"
  },
  {
    "productId": "698490",
    "technicalArticleNumber": "4429658",
    "commercialArticleNumber": "5088",
    "name": "mosterdkaas geraspt",
    "description": "*Nederland\n*Mosterd\n*Vegetarisch",
    "brand": "BONI",
    "seoBrand": "Boni Selection",
    "thumbNail": "https://static.colruytgroup.com/images/200x200/std.lang.all/80/68/asset-2518068.jpg",
    "fullImage": "https://static.colruytgroup.com/images/500x500/std.lang.all/80/68/asset-2518068.jpg",
    "squareImage": "https://static.colruytgroup.com/images/500x500sq/std.lang.all/80/68/asset-2518068.jpg",
    "content": "150g",
    "walkRouteSequenceNumber": 5625,
    "price": {
      "basicPrice": 1.75,
      "recommendedQuantity": "1.0",
      "measurementUnitPrice": 11.67,
      "measurementUnit": "K",
      "isRedPrice": false,
      "pricePerUOM": 11.67,
      "activationDate": "03-11-2022",
      "isPromoActive": "N",
      "priceChangeCode": "E"
    },
    "isAvailable": true,
    "isPriceAvailable": true,
    "inPromo": false,
    "gtin": [
      "05400141501117"
    ],
    "topCategoryName": "Zuivel",
    "topCategoryId": "65",
    "businessDomain": "RETAIL_BE",
    "IsPrivateLabel": true,
    "IsBiffe": false,
    "WeightconversionFactor": "0",
    "IsWeightArticle": false,
    "nutriscoreLabel": "C",
    "IsBio": false,
    "CountryOfOrigin": "BELGIË",
    "IsExclusivelySoldInLuxembourg": false,
    "OrderUnit": "P",
    "ShortName": "BONI MOST.KA. GERAS150G",
    "IsNew": false,
    "EcoscoreLabel": "B",
    "RecentQuanityOfStockUnits": "1",
    "LongName": "BONI mosterdkaas geraspt 150g",
    "FicCode": "I",
    "EcoscoreValue": "65"
  },
  {
    "productId": "602003",
    "technicalArticleNumber": "4268692",
    "commercialArticleNumber": "22856",
    "name": "boter mini",
    "description": "*Vetgehalte: 82 %",
    "brand": "CARLSBOURG",
    "seoBrand": "Carlsbourg",
    "thumbNail": "https://static.colruytgroup.com/images/200x200/std.lang.all/58/79/asset-2105879.jpg",
    "fullImage": "https://static.colruytgroup.com/images/500x500/std.lang.all/58/79/asset-2105879.jpg",
    "squareImage": "https://static.colruytgroup.com/images/500x500sq/std.lang.all/58/79/asset-2105879.jpg",
    "content": "100x10g",
    "walkRouteSequenceNumber": 6072,
    "price": {
      "basicPrice": 18.69,
      "recommendedQuantity": "1.0",
      "measurementUnitPrice": 18.69,
      "measurementUnit": "K",
      "isRedPrice": false,
      "pricePerUOM": 18.69,
      "activationDate": "07-03-2023",
      "isPromoActive": "N",
      "priceChangeCode": "L"
    },
    "isAvailable": true,
    "isPriceAvailable": true,
    "inPromo": false,
    "gtin": [
      "05411396033452"
    ],
    "topCategoryName": "Zuivel",
    "topCategoryId": "65",
    "businessDomain": "RETAIL_BE",
    "IsPrivateLabel": false,
    "IsBiffe": false,
    "WeightconversionFactor": "0",
    "IsWeightArticle": false,
    "nutriscoreLabel": "E",
    "IsBio": false,
    "CountryOfOrigin": "NEDERLAND",
    "IsExclusivelySoldInLuxembourg": false,
    "OrderUnit": "P",
    "ShortName": "HC CARL BOTER MIN100X10",
    "InSeason": true,
    "IsNew": false,
    "RecentQuanityOfStockUnits": "1",
    "LongName": "CARLSBOURG boter mini 100x10g",
    "StartSeasonDate": "22/04/2021",
    "FicCode": "E"
  },
  {
    "productId": "692373",
    "technicalArticleNumber": "4419868",
    "commercialArticleNumber": "25653",
    "name": "Beaux prés le cremeux Bio",
    "description": "*Belgisch\n*Zachte kaas met\neen bloemige korst.",
    "thumbNail": "https://static.colruytgroup.com/images/200x200/std.lang.all/98/09/asset-2829809.jpg",
    "fullImage": "https://static.colruytgroup.com/images/500x500/std.lang.all/98/09/asset-2829809.jpg",
    "squareImage": "https://static.colruytgroup.com/images/500x500sq/std.lang.all/98/09/asset-2829809.jpg",
    "content": "150g",
    "walkRouteSequenceNumber": 5145,
    "price": {
      "basicPrice": 4.49,
      "recommendedQuantity": "1.0",
      "measurementUnitPrice": 29.94,
      "measurementUnit": "K",
      "isRedPrice": false,
      "pricePerUOM": 29.94,
      "activationDate": "02-02-2023",
      "isPromoActive": "N",
      "priceChangeCode": "H"
    },
    "isAvailable": true,
    "isPriceAvailable": true,
    "inPromo": false,
    "gtin": [
      "15411021104165",
      "05411021104168"
    ],
    "topCategoryName": "Zuivel",
    "topCategoryId": "65",
    "businessDomain": "RETAIL_BE",
    "IsPrivateLabel": false,
    "IsBiffe": false,
    "WeightconversionFactor": "0",
    "IsWeightArticle": false,
    "IsBio": true,
    "CountryOfOrigin": "BELGIË",
    "IsExclusivelySoldInLuxembourg": false,
    "OrderUnit": "P",
    "ShortName": "BEAUX PR. CREME.BIO150G",
    "IsNew": false,
    "EcoscoreLabel": "D",
    "RecentQuanityOfStockUnits": "1",
    "LongName": "Beaux prés le cremeux Bio 150g",
    "FicCode": "E",
    "EcoscoreValue": "23"
  },
  {
    "productId": "1020858",
    "technicalArticleNumber": "4789623",
    "commercialArticleNumber": "19227",
    "name": "Greek White",
    "brand": "VIOLIFE",
    "seoBrand": "Violife",
    "thumbNail": "https://static.colruytgroup.com/images/200x200/std.lang.all/03/40/asset-3430340.jpg",
    "fullImage": "https://static.colruytgroup.com/images/500x500/std.lang.all/03/40/asset-3430340.jpg",
    "squareImage": "https://static.colruytgroup.com/images/500x500sq/std.lang.all/03/40/asset-3430340.jpg",
    "content": "150g",
    "walkRouteSequenceNumber": 7513,
    "price": {
      "basicPrice": 2.99,
      "recommendedQuantity": "1.0",
      "measurementUnitPrice": 19.94,
      "measurementUnit": "K",
      "isRedPrice": false,
      "pricePerUOM": 19.94,
      "activationDate": "19-03-2024",
      "recordSource": "Offline",
      "isPromoActive": "N",
      "priceChangeCode": "H"
    },
    "isAvailable": true,
    "isPriceAvailable": true,
    "inPromo": false,
    "gtin": [
      "05202390029301"
    ],
    "topCategoryName": "Zuivel",
    "topCategoryId": "65",
    "businessDomain": "RETAIL_BE",
    "IsPrivateLabel": false,
    "IsBiffe": false,
    "WeightconversionFactor": "0",
    "IsWeightArticle": false,
    "nutriscoreLabel": "E",
    "IsBio": false,
    "CountryOfOrigin": "GRIEKENLAND",
    "IsExclusivelySoldInLuxembourg": false,
    "OrderUnit": "P",
    "ShortName": "VIOL GREEK WHITE 150G",
    "IsNew": true,
    "RecentQuanityOfStockUnits": "1",
    "LongName": "VIOLIFE Greek White 150g",
    "FicCode": "E"
  },
  {
    "productId": "815072",
    "technicalArticleNumber": "4643443",
    "commercialArticleNumber": "20718",
    "name": "Appenzeller mild pikant",
    "description": "*Mild pikant",
    "brand": "BONI",
    "seoBrand": "Boni Selection",
    "thumbNail": "https://static.colruytgroup.com/images/200x200/std.lang.all/13/46/asset-3271346.jpg",
    "fullImage": "https://static.colruytgroup.com/images/500x500/std.lang.all/13/46/asset-3271346.jpg",
    "squareImage": "https://static.colruytgroup.com/images/500x500sq/std.lang.all/13/46/asset-3271346.jpg",
    "content": "±300g",
    "walkRouteSequenceNumber": 5163,
    "price": {
      "basicPrice": 28.75,
      "recommendedQuantity": "1.0",
      "unit": "K",
      "measurementUnitPrice": 28.75,
      "measurementUnit": "K",
      "isRedPrice": false,
      "pricePerUOM": 28.75,
      "activationDate": "30-01-2024",
      "recordSource": "Offline",
      "isPromoActive": "N",
      "priceChangeCode": "H"
    },
    "isAvailable": true,
    "isPriceAvailable": true,
    "inPromo": false,
    "gtin": [
      "05400141802290",
      "95400141802293"
    ],
    "topCategoryName": "Zuivel",
    "topCategoryId": "65",
    "businessDomain": "RETAIL_BE",
    "IsPrivateLabel": true,
    "IsBiffe": false,
    "WeightconversionFactor": "300",
    "IsWeightArticle": true,
    "nutriscoreLabel": "C",
    "IsBio": false,
    "CountryOfOrigin": "ZWITSERLAND",
    "IsExclusivelySoldInLuxembourg": false,
    "OrderUnit": "P",
    "ShortName": "BONI APPENZELLER+-300GW",
    "IsNew": false,
    "EcoscoreLabel": "D",
    "RecentQuanityOfStockUnits": "1",
    "LongName": "BONI Appenzeller mild pikant ±300g",
    "FicCode": "I",
    "EcoscoreValue": "27"
  },
  {
    "productId": "112897",
    "technicalArticleNumber": "3036235",
    "commercialArticleNumber": "21297",
    "name": "Apéritif ham-look-f.kruiden",
    "description": "* Verse kaas\n* Ham, look, fijne kruiden",
    "brand": "BOURSIN",
    "seoBrand": "Boursin",
    "thumbNail": "https://static.colruytgroup.com/images/200x200/std.lang.all/70/40/asset-807040.jpg",
    "fullImage": "https://static.colruytgroup.com/images/500x500/std.lang.all/70/40/asset-807040.jpg",
    "squareImage": "https://static.colruytgroup.com/images/500x500sq/std.lang.all/70/40/asset-807040.jpg",
    "content": "100g",
    "walkRouteSequenceNumber": 5205,
    "price": {
      "basicPrice": 7.59,
      "recommendedQuantity": "1.0",
      "measurementUnitPrice": 75.9,
      "measurementUnit": "K",
      "isRedPrice": false,
      "pricePerUOM": 75.9,
      "activationDate": "02-02-2024",
      "recordSource": "Offline",
      "isPromoActive": "N",
      "priceChangeCode": "E"
    },
    "isAvailable": true,
    "isPriceAvailable": true,
    "inPromo": false,
    "gtin": [
      "03073781048162",
      "03073780982818"
    ],
    "topCategoryName": "Zuivel",
    "topCategoryId": "65",
    "businessDomain": "RETAIL_BE",
    "IsPrivateLabel": false,
    "IsBiffe": false,
    "WeightconversionFactor": "0",
    "IsWeightArticle": false,
    "nutriscoreLabel": "E",
    "IsBio": false,
    "CountryOfOrigin": "FRANKRIJK",
    "IsExclusivelySoldInLuxembourg": false,
    "OrderUnit": "P",
    "ShortName": "BOUR.AP.HAM/LOOK/KR100G",
    "InSeason": true,
    "IsNew": false,
    "EcoscoreLabel": "B",
    "RecentQuanityOfStockUnits": "1",
    "LongName": "BOURSIN Apéritif ham-look-f.kruiden 100g",
    "AlcoholVolume": "0",
    "StartSeasonDate": "07/07/2023",
    "FicCode": "E",
    "EcoscoreValue": "67"
  },
  {
    "productId": "678496",
    "technicalArticleNumber": "4395483",
    "commercialArticleNumber": "22408",
    "name": "geitenkaas blokjes",
    "description": "*Nederland\n*Vegetarisch\n*Gepasteur.melk",
    "brand": "BONI",
    "seoBrand": "Boni Selection",
    "thumbNail": "https://static.colruytgroup.com/images/200x200/std.lang.all/18/16/asset-2541816.jpg",
    "fullImage": "https://static.colruytgroup.com/images/500x500/std.lang.all/18/16/asset-2541816.jpg",
    "squareImage": "https://static.colruytgroup.com/images/500x500sq/std.lang.all/18/16/asset-2541816.jpg",
    "content": "175g",
    "walkRouteSequenceNumber": 7679,
    "price": {
      "basicPrice": 5.81,
      "recommendedQuantity": "1.0",
      "measurementUnitPrice": 33.2,
      "measurementUnit": "K",
      "isRedPrice": false,
      "pricePerUOM": 33.2,
      "activationDate": "17-01-2024",
      "recordSource": "Offline",
      "isPromoActive": "N",
      "priceChangeCode": "L"
    },
    "isAvailable": true,
    "isPriceAvailable": true,
    "inPromo": false,
    "gtin": [
      "05400141649055"
    ],
    "topCategoryName": "Zuivel",
    "topCategoryId": "65",
    "businessDomain": "RETAIL_BE",
    "IsPrivateLabel": true,
    "IsBiffe": false,
    "WeightconversionFactor": "0",
    "IsWeightArticle": false,
    "nutriscoreLabel": "C",
    "IsBio": false,
    "CountryOfOrigin": "NEDERLAND",
    "IsExclusivelySoldInLuxembourg": false,
    "OrderUnit": "P",
    "ShortName": "BONI GEITENK.KUBUS 175G",
    "IsNew": false,
    "EcoscoreLabel": "D",
    "RecentQuanityOfStockUnits": "1",
    "LongName": "BONI geitenkaas blokjes 175g",
    "FicCode": "I",
    "EcoscoreValue": "28"
  },
  {
    "productId": "715036",
    "technicalArticleNumber": "4459839",
    "commercialArticleNumber": "21154",
    "name": "verse kaas natuur",
    "brand": "FAIREBEL",
    "seoBrand": "Fairebel",
    "thumbNail": "https://static.colruytgroup.com/images/200x200/std.lang.all/37/19/asset-3343719.jpg",
    "fullImage": "https://static.colruytgroup.com/images/500x500/std.lang.all/37/19/asset-3343719.jpg",
    "squareImage": "https://static.colruytgroup.com/images/500x500sq/std.lang.all/37/19/asset-3343719.jpg",
    "content": "150g",
    "walkRouteSequenceNumber": 4894,
    "price": {
      "basicPrice": 2.65,
      "recommendedQuantity": "1.0",
      "measurementUnitPrice": 17.67,
      "measurementUnit": "K",
      "isRedPrice": false,
      "pricePerUOM": 17.67,
      "activationDate": "27-10-2023",
      "isPromoActive": "N",
      "priceChangeCode": "L"
    },
    "isAvailable": true,
    "isPriceAvailable": true,
    "inPromo": false,
    "gtin": [
      "05425027280214"
    ],
    "topCategoryName": "Zuivel",
    "topCategoryId": "65",
    "businessDomain": "RETAIL_BE",
    "IsPrivateLabel": false,
    "IsBiffe": false,
    "WeightconversionFactor": "0",
    "IsWeightArticle": false,
    "IsBio": false,
    "CountryOfOrigin": "BELGIË",
    "IsExclusivelySoldInLuxembourg": false,
    "OrderUnit": "P",
    "ShortName": "FAIR VERS KAAS NAT 150G",
    "IsNew": false,
    "RecentQuanityOfStockUnits": "1",
    "LongName": "FAIREBEL verse kaas natuur 150g",
    "FicCode": "E"
  },
  {
    "productId": "795271",
    "technicalArticleNumber": "4604376",
    "commercialArticleNumber": "18594",
    "name": "Le Beurre des Chefs",
    "description": "*Geklaarde boter\n*Ongezouten\n*Belgisch",
    "brand": "CARLSBOURG",
    "seoBrand": "Carlsbourg",
    "thumbNail": "https://static.colruytgroup.com/images/200x200/std.lang.all/23/43/asset-2852343.jpg",
    "fullImage": "https://static.colruytgroup.com/images/500x500/std.lang.all/23/43/asset-2852343.jpg",
    "squareImage": "https://static.colruytgroup.com/images/500x500sq/std.lang.all/23/43/asset-2852343.jpg",
    "content": "225g",
    "walkRouteSequenceNumber": 6138,
    "price": {
      "basicPrice": 5.69,
      "recommendedQuantity": "1.0",
      "measurementUnitPrice": 25.29,
      "measurementUnit": "K",
      "isRedPrice": false,
      "pricePerUOM": 25.29,
      "activationDate": "06-03-2024",
      "recordSource": "Offline",
      "isPromoActive": "N",
      "priceChangeCode": "H"
    },
    "isAvailable": true,
    "isPriceAvailable": true,
    "inPromo": false,
    "gtin": [
      "05411396037610"
    ],
    "topCategoryName": "Zuivel",
    "topCategoryId": "65",
    "businessDomain": "RETAIL_BE",
    "IsPrivateLabel": false,
    "IsBiffe": false,
    "WeightconversionFactor": "0",
    "IsWeightArticle": false,
    "nutriscoreLabel": "E",
    "IsBio": false,
    "CountryOfOrigin": "IERLAND",
    "IsExclusivelySoldInLuxembourg": false,
    "OrderUnit": "P",
    "ShortName": "CARLSB.CHEFS BOTER 225G",
    "IsNew": false,
    "RecentQuanityOfStockUnits": "1",
    "LongName": "CARLSBOURG Le Beurre des Chefs 225g",
    "FicCode": "E"
  },
  {
    "productId": "881377",
    "technicalArticleNumber": "4738765",
    "commercialArticleNumber": "1395",
    "name": "Verse penne",
    "brand": "BONI",
    "seoBrand": "Boni Selection",
    "thumbNail": "https://static.colruytgroup.com/images/200x200/std.lang.all/45/16/asset-3334516.jpg",
    "fullImage": "https://static.colruytgroup.com/images/500x500/std.lang.all/45/16/asset-3334516.jpg",
    "squareImage": "https://static.colruytgroup.com/images/500x500sq/std.lang.all/45/16/asset-3334516.jpg",
    "content": "500g",
    "walkRouteSequenceNumber": 6662,
    "price": {
      "basicPrice": 2.49,
      "recommendedQuantity": "1.0",
      "measurementUnitPrice": 4.98,
      "measurementUnit": "K",
      "isRedPrice": false,
      "pricePerUOM": 4.98,
      "activationDate": "14-02-2024",
      "isPromoActive": "N",
      "priceChangeCode": "H"
    },
    "isAvailable": true,
    "isPriceAvailable": true,
    "inPromo": false,
    "gtin": [
      "15400141561729",
      "05400141561722"
    ],
    "topCategoryName": "Bereidingen/Charcuterie/Vis/Veggie",
    "topCategoryId": "105",
    "businessDomain": "RETAIL_BE",
    "IsPrivateLabel": true,
    "IsBiffe": false,
    "WeightconversionFactor": "0",
    "IsWeightArticle": false,
    "nutriscoreLabel": "A",
    "IsBio": false,
    "CountryOfOrigin": "ITALIË",
    "IsExclusivelySoldInLuxembourg": false,
    "OrderUnit": "P",
    "ShortName": "BONI VERSE PENNE 500G",
    "IsNew": false,
    "EcoscoreLabel": "B",
    "RecentQuanityOfStockUnits": "1",
    "LongName": "BONI Verse penne 500g",
    "AlcoholVolume": "0",
    "FicCode": "I",
    "EcoscoreValue": "66"
  },
  {
    "productId": "783822",
    "technicalArticleNumber": "4582838",
    "commercialArticleNumber": "7297",
    "name": "geitenkaasrol proven kruid.",
    "brand": "SOIGNON",
    "seoBrand": "Soignon",
    "thumbNail": "https://static.colruytgroup.com/images/200x200/std.lang.all/54/50/asset-2865450.jpg",
    "fullImage": "https://static.colruytgroup.com/images/500x500/std.lang.all/54/50/asset-2865450.jpg",
    "squareImage": "https://static.colruytgroup.com/images/500x500sq/std.lang.all/54/50/asset-2865450.jpg",
    "content": "150g",
    "walkRouteSequenceNumber": 4907,
    "price": {
      "basicPrice": 3.25,
      "recommendedQuantity": "1.0",
      "measurementUnitPrice": 21.67,
      "measurementUnit": "K",
      "isRedPrice": false,
      "pricePerUOM": 21.67,
      "activationDate": "13-12-2023",
      "isPromoActive": "N",
      "priceChangeCode": "E"
    },
    "isAvailable": true,
    "isPriceAvailable": true,
    "inPromo": true,
    "promotion": [
      {
        "techPromoId": "100839COLR",
        "promotionId": "100839",
        "promotionType": "3",
        "isPersonalized": "N",
        "publicationStartDate": "13-03-2024",
        "publicationEndDate": "26-03-2024"
      }
    ],
    "gtin": [
      "03523230059602"
    ],
    "topCategoryName": "Zuivel",
    "topCategoryId": "65",
    "businessDomain": "RETAIL_BE",
    "IsPrivateLabel": false,
    "IsBiffe": false,
    "WeightconversionFactor": "0",
    "IsWeightArticle": false,
    "nutriscoreLabel": "D",
    "IsBio": false,
    "CountryOfOrigin": "FRANKRIJK",
    "IsExclusivelySoldInLuxembourg": false,
    "OrderUnit": "P",
    "ShortName": "SOIG GEITK.PROV.KR.150G",
    "InSeason": true,
    "IsNew": false,
    "EcoscoreLabel": "E",
    "RecentQuanityOfStockUnits": "1",
    "LongName": "SOIGNON geitenkaasrol proven kruid. 150g",
    "StartSeasonDate": "13/03/2023",
    "FicCode": "E",
    "EcoscoreValue": "16"
  },
  {
    "productId": "167341",
    "technicalArticleNumber": "3384584",
    "commercialArticleNumber": "21836",
    "name": "bladerdeeg",
    "description": "*geschikt voor zoete\nen hartige gerechten",
    "brand": "BONI BIO",
    "seoBrand": "Boni Selection Bio",
    "thumbNail": "https://static.colruytgroup.com/images/200x200/std.lang.all/55/52/asset-2175552.jpg",
    "fullImage": "https://static.colruytgroup.com/images/500x500/std.lang.all/55/52/asset-2175552.jpg",
    "squareImage": "https://static.colruytgroup.com/images/500x500sq/std.lang.all/55/52/asset-2175552.jpg",
    "content": "230g",
    "walkRouteSequenceNumber": 6058,
    "price": {
      "basicPrice": 2.15,
      "recommendedQuantity": "1.0",
      "measurementUnitPrice": 9.35,
      "measurementUnit": "K",
      "isRedPrice": false,
      "pricePerUOM": 9.35,
      "activationDate": "05-01-2024",
      "recordSource": "Offline",
      "isPromoActive": "N",
      "priceChangeCode": "E"
    },
    "isAvailable": true,
    "isPriceAvailable": true,
    "inPromo": false,
    "gtin": [
      "05400141916287",
      "15400141916284",
      "15400141274735",
      "15400141369868",
      "05400141369861",
      "05400141274738",
      "05400141254150"
    ],
    "topCategoryName": "Bereidingen/Charcuterie/Vis/Veggie",
    "topCategoryId": "105",
    "businessDomain": "RETAIL_BE",
    "IsPrivateLabel": true,
    "IsBiffe": false,
    "WeightconversionFactor": "0",
    "IsWeightArticle": false,
    "nutriscoreLabel": "D",
    "IsBio": true,
    "CountryOfOrigin": "FRANKRIJK",
    "IsExclusivelySoldInLuxembourg": false,
    "OrderUnit": "P",
    "ShortName": "UB BONI BIO BL.DEEG 230",
    "IsNew": false,
    "EcoscoreLabel": "B",
    "RecentQuanityOfStockUnits": "1,1",
    "LongName": "BONI BIO bladerdeeg 230g",
    "AlcoholVolume": "0",
    "FicCode": "I",
    "EcoscoreValue": "78"
  },
  {
    "productId": "870347",
    "technicalArticleNumber": "4723954",
    "commercialArticleNumber": "21954",
    "name": "Verse kaas choc.&hazeln.",
    "brand": "DANIO",
    "seoBrand": "Danio",
    "thumbNail": "https://static.colruytgroup.com/images/200x200/std.lang.all/38/46/asset-3373846.jpg",
    "fullImage": "https://static.colruytgroup.com/images/500x500/std.lang.all/38/46/asset-3373846.jpg",
    "squareImage": "https://static.colruytgroup.com/images/500x500sq/std.lang.all/38/46/asset-3373846.jpg",
    "content": "150g",
    "walkRouteSequenceNumber": 5883,
    "price": {
      "basicPrice": 2.19,
      "recommendedQuantity": "1.0",
      "measurementUnitPrice": 14.6,
      "measurementUnit": "K",
      "isRedPrice": false,
      "pricePerUOM": 14.6,
      "activationDate": "19-03-2024",
      "recordSource": "Offline",
      "isPromoActive": "N",
      "priceChangeCode": "E"
    },
    "isAvailable": true,
    "isPriceAvailable": true,
    "inPromo": false,
    "gtin": [
      "05410146421105"
    ],
    "topCategoryName": "Zuivel",
    "topCategoryId": "65",
    "businessDomain": "RETAIL_BE",
    "IsPrivateLabel": false,
    "IsBiffe": false,
    "WeightconversionFactor": "0",
    "IsWeightArticle": false,
    "nutriscoreLabel": "C",
    "IsBio": false,
    "CountryOfOrigin": "FRANKRIJK",
    "IsExclusivelySoldInLuxembourg": false,
    "OrderUnit": "P",
    "ShortName": "DANI V.KAAS CH.HAZ.150G",
    "IsNew": false,
    "EcoscoreLabel": "D",
    "RecentQuanityOfStockUnits": "1",
    "LongName": "DANIO Verse kaas choc.&hazeln. 150g",
    "FicCode": "E",
    "EcoscoreValue": "27"
  },
  {
    "productId": "461779",
    "technicalArticleNumber": "3957907",
    "commercialArticleNumber": "2307",
    "name": "supermix veenbes",
    "description": "*Extra bevorderend\nvoor de darmflora\n*Supermix veenbes,\nrozenbottel en rode\nbes",
    "brand": "ACTIMEL",
    "seoBrand": "Actimel",
    "thumbNail": "https://static.colruytgroup.com/images/200x200/std.lang.all/27/90/asset-3362790.jpg",
    "fullImage": "https://static.colruytgroup.com/images/500x500/std.lang.all/27/90/asset-3362790.jpg",
    "squareImage": "https://static.colruytgroup.com/images/500x500sq/std.lang.all/27/90/asset-3362790.jpg",
    "content": "8x100g",
    "walkRouteSequenceNumber": 5690,
    "price": {
      "basicPrice": 5.19,
      "recommendedQuantity": "1.0",
      "measurementUnitPrice": 6.49,
      "measurementUnit": "K",
      "isRedPrice": false,
      "pricePerUOM": 6.49,
      "activationDate": "05-03-2024",
      "recordSource": "Offline",
      "isPromoActive": "N",
      "priceChangeCode": "E"
    },
    "isAvailable": true,
    "isPriceAvailable": true,
    "inPromo": false,
    "gtin": [
      "05410146417634",
      "15410146417631"
    ],
    "topCategoryName": "Zuivel",
    "topCategoryId": "65",
    "businessDomain": "RETAIL_BE",
    "IsPrivateLabel": false,
    "IsBiffe": false,
    "WeightconversionFactor": "0",
    "IsWeightArticle": false,
    "nutriscoreLabel": "B",
    "IsBio": false,
    "CountryOfOrigin": "BELGIË",
    "IsExclusivelySoldInLuxembourg": false,
    "OrderUnit": "P",
    "ShortName": "DANO ACTIM.VEENBES8X100",
    "IsNew": false,
    "EcoscoreLabel": "B",
    "RecentQuanityOfStockUnits": "1",
    "LongName": "ACTIMEL supermix veenbes 8x100g",
    "FicCode": "E",
    "EcoscoreValue": "78"
  },
  {
    "productId": "891565",
    "technicalArticleNumber": "4752631",
    "commercialArticleNumber": "19160",
    "name": "pudding caramel",
    "brand": "DANONE HIPRO",
    "seoBrand": "Danone Hipro",
    "thumbNail": "https://static.colruytgroup.com/images/200x200/std.lang.all/38/28/asset-3373828.jpg",
    "fullImage": "https://static.colruytgroup.com/images/500x500/std.lang.all/38/28/asset-3373828.jpg",
    "squareImage": "https://static.colruytgroup.com/images/500x500sq/std.lang.all/38/28/asset-3373828.jpg",
    "content": "200g",
    "walkRouteSequenceNumber": 5950,
    "price": {
      "basicPrice": 2.19,
      "recommendedQuantity": "1.0",
      "measurementUnitPrice": 10.95,
      "measurementUnit": "K",
      "isRedPrice": false,
      "pricePerUOM": 10.95,
      "activationDate": "02-03-2024",
      "recordSource": "Offline",
      "isPromoActive": "N",
      "priceChangeCode": "L"
    },
    "isAvailable": true,
    "isPriceAvailable": true,
    "inPromo": false,
    "gtin": [
      "05410146421310"
    ],
    "topCategoryName": "Zuivel",
    "topCategoryId": "65",
    "businessDomain": "RETAIL_BE",
    "IsPrivateLabel": false,
    "IsBiffe": false,
    "WeightconversionFactor": "0",
    "IsWeightArticle": false,
    "nutriscoreLabel": "A",
    "IsBio": false,
    "CountryOfOrigin": "SPANJE",
    "IsExclusivelySoldInLuxembourg": false,
    "OrderUnit": "P",
    "ShortName": "HIPR PUDDING CARAM.200G",
    "IsNew": false,
    "EcoscoreLabel": "B",
    "RecentQuanityOfStockUnits": "6,1",
    "LongName": "DANONE HIPRO pudding caramel 200g",
    "FicCode": "E",
    "EcoscoreValue": "72"
  },
  {
    "productId": "13859",
    "technicalArticleNumber": "1334327",
    "commercialArticleNumber": "26688",
    "name": "brie light",
    "description": "*Frankrijk\n*Zachte kaas\n*Witschimmelkorst\n*O.b.v. gepast. melk\n*Abs. V.G.: 19 %",
    "brand": "PRÉSIDENT",
    "seoBrand": "Président",
    "thumbNail": "https://static.colruytgroup.com/images/200x200/std.lang.all/69/63/asset-706963.jpg",
    "fullImage": "https://static.colruytgroup.com/images/500x500/std.lang.all/69/63/asset-706963.jpg",
    "squareImage": "https://static.colruytgroup.com/images/500x500sq/std.lang.all/69/63/asset-706963.jpg",
    "content": "200g",
    "walkRouteSequenceNumber": 4932,
    "price": {
      "basicPrice": 3.99,
      "recommendedQuantity": "1.0",
      "measurementUnitPrice": 19.95,
      "measurementUnit": "K",
      "isRedPrice": false,
      "pricePerUOM": 19.95,
      "activationDate": "13-12-2023",
      "recordSource": "Offline",
      "isPromoActive": "N",
      "priceChangeCode": "E"
    },
    "isAvailable": true,
    "isPriceAvailable": true,
    "inPromo": false,
    "gtin": [
      "03228025082239",
      "03228021010052",
      "03228025010416"
    ],
    "topCategoryName": "Zuivel",
    "topCategoryId": "65",
    "businessDomain": "RETAIL_BE",
    "IsPrivateLabel": false,
    "IsBiffe": false,
    "WeightconversionFactor": "0",
    "IsWeightArticle": false,
    "nutriscoreLabel": "C",
    "IsBio": false,
    "CountryOfOrigin": "FRANKRIJK",
    "IsExclusivelySoldInLuxembourg": false,
    "OrderUnit": "P",
    "ShortName": "PRESIDENT BRIE LIGHT200",
    "IsNew": false,
    "EcoscoreLabel": "D",
    "RecentQuanityOfStockUnits": "1",
    "LongName": "PRÉSIDENT brie light 200g",
    "AlcoholVolume": "0",
    "FicCode": "E",
    "EcoscoreValue": "33"
  },
  {
    "productId": "13393",
    "technicalArticleNumber": "1308641",
    "commercialArticleNumber": "26639",
    "name": "Mozzarella light",
    "description": "*Italië\n*Verse kaas\n*Microbieel stremsel\n*Abs. V.G.: 9 %",
    "brand": "GALBANI",
    "seoBrand": "Galbani",
    "thumbNail": "https://static.colruytgroup.com/images/200x200/std.lang.all/30/78/asset-1473078.jpg",
    "fullImage": "https://static.colruytgroup.com/images/500x500/std.lang.all/30/78/asset-1473078.jpg",
    "squareImage": "https://static.colruytgroup.com/images/500x500sq/std.lang.all/30/78/asset-1473078.jpg",
    "content": "125g",
    "walkRouteSequenceNumber": 5228,
    "price": {
      "basicPrice": 2.19,
      "recommendedQuantity": "1.0",
      "measurementUnitPrice": 17.52,
      "measurementUnit": "K",
      "isRedPrice": false,
      "pricePerUOM": 17.52,
      "activationDate": "18-03-2024",
      "recordSource": "Offline",
      "isPromoActive": "N",
      "priceChangeCode": "H"
    },
    "isAvailable": true,
    "isPriceAvailable": true,
    "inPromo": false,
    "gtin": [
      "08000430137019",
      "08000430132250"
    ],
    "topCategoryName": "Zuivel",
    "topCategoryId": "65",
    "businessDomain": "RETAIL_BE",
    "IsPrivateLabel": false,
    "IsBiffe": false,
    "WeightconversionFactor": "0",
    "IsWeightArticle": false,
    "nutriscoreLabel": "C",
    "IsBio": false,
    "CountryOfOrigin": "ITALIË",
    "IsExclusivelySoldInLuxembourg": false,
    "OrderUnit": "P",
    "ShortName": "GALB MOZZAREL LIGHT125G",
    "InSeason": true,
    "IsNew": false,
    "EcoscoreLabel": "D",
    "RecentQuanityOfStockUnits": "1",
    "LongName": "GALBANI Mozzarella light 125g",
    "AlcoholVolume": "0",
    "StartSeasonDate": "20/11/2003",
    "FicCode": "E",
    "EcoscoreValue": "38"
  },
  {
    "productId": "1883",
    "technicalArticleNumber": "26447",
    "commercialArticleNumber": "26447",
    "name": "tiramisu",
    "brand": "BONI",
    "seoBrand": "Boni Selection",
    "thumbNail": "https://static.colruytgroup.com/images/200x200/std.lang.all/00/84/asset-3460084.jpg",
    "fullImage": "https://static.colruytgroup.com/images/500x500/std.lang.all/00/84/asset-3460084.jpg",
    "squareImage": "https://static.colruytgroup.com/images/500x500sq/std.lang.all/00/84/asset-3460084.jpg",
    "content": "500g",
    "walkRouteSequenceNumber": 5932,
    "price": {
      "basicPrice": 3.49,
      "recommendedQuantity": "1.0",
      "quantityPrice": 3.06,
      "quantityPriceQuantity": "2.0",
      "measurementUnitPrice": 6.98,
      "measurementUnitQuantityPrice": 6.12,
      "measurementUnit": "K",
      "isRedPrice": false,
      "pricePerUOM": 6.98,
      "activationDate": "22-03-2024",
      "recordSource": "Offline",
      "isPromoActive": "N",
      "priceChangeCode": "E",
      "quantityPricePerUOM": 6.12,
      "quantityActivationDate": "22-03-2024",
      "quantityPriceChangeCode": "E"
    },
    "isAvailable": true,
    "isPriceAvailable": true,
    "inPromo": false,
    "gtin": [
      "05400141058321",
      "05400141293210",
      "05400141377507",
      "05400141401578",
      "15400141293217",
      "15400141401575",
      "15400141979395",
      "05400141760996",
      "15400141760993",
      "05400141036152",
      "15400141989950"
    ],
    "topCategoryName": "Zuivel",
    "topCategoryId": "65",
    "businessDomain": "RETAIL_BE",
    "IsPrivateLabel": true,
    "IsBiffe": false,
    "WeightconversionFactor": "0",
    "IsWeightArticle": false,
    "nutriscoreLabel": "D",
    "IsBio": false,
    "CountryOfOrigin": "ITALIË",
    "IsExclusivelySoldInLuxembourg": false,
    "OrderUnit": "P",
    "ShortName": "BONI TIRAMISU 500G",
    "InSeason": true,
    "IsNew": false,
    "EcoscoreLabel": "D",
    "RecentQuanityOfStockUnits": "1,4",
    "LongName": "BONI tiramisu 500g",
    "AlcoholVolume": "0",
    "StartSeasonDate": "24/07/2003",
    "FicCode": "I",
    "EcoscoreValue": "27"
  },
  {
    "productId": "859517",
    "technicalArticleNumber": "4709865",
    "commercialArticleNumber": "1342",
    "name": "camembert extra fondant",
    "brand": "PRÉSIDENT",
    "seoBrand": "Président",
    "thumbNail": "https://static.colruytgroup.com/images/200x200/std.lang.all/77/82/asset-3217782.jpg",
    "fullImage": "https://static.colruytgroup.com/images/500x500/std.lang.all/77/82/asset-3217782.jpg",
    "squareImage": "https://static.colruytgroup.com/images/500x500sq/std.lang.all/77/82/asset-3217782.jpg",
    "content": "135g",
    "walkRouteSequenceNumber": 5191,
    "price": {
      "basicPrice": 2.99,
      "recommendedQuantity": "1.0",
      "measurementUnitPrice": 22.15,
      "measurementUnit": "K",
      "isRedPrice": false,
      "pricePerUOM": 22.15,
      "activationDate": "13-12-2023",
      "recordSource": "Offline",
      "isPromoActive": "N",
      "priceChangeCode": "E"
    },
    "isAvailable": true,
    "isPriceAvailable": true,
    "inPromo": false,
    "gtin": [
      "03228024220069"
    ],
    "topCategoryName": "Zuivel",
    "topCategoryId": "65",
    "businessDomain": "RETAIL_BE",
    "IsPrivateLabel": false,
    "IsBiffe": false,
    "WeightconversionFactor": "0",
    "IsWeightArticle": false,
    "nutriscoreLabel": "D",
    "IsBio": false,
    "CountryOfOrigin": "FRANKRIJK",
    "IsExclusivelySoldInLuxembourg": false,
    "OrderUnit": "P",
    "ShortName": "PRES CAMEM.EXT.FON.135G",
    "InSeason": true,
    "IsNew": false,
    "EcoscoreLabel": "D",
    "RecentQuanityOfStockUnits": "1",
    "LongName": "PRÉSIDENT camembert extra fondant 135g",
    "StartSeasonDate": "18/09/2023",
    "FicCode": "E",
    "EcoscoreValue": "34"
  },
  {
    "productId": "43133",
    "technicalArticleNumber": "2532881",
    "commercialArticleNumber": "8898",
    "name": "8st",
    "description": "*Smeerkaas\n*Smeuïg",
    "brand": "LA VACHE QUI RIT PIK & CROQ'",
    "seoBrand": "La Vache Qui Rit Pik & Croq'",
    "thumbNail": "https://static.colruytgroup.com/images/200x200/std.lang.all/55/65/asset-3185565.jpg",
    "fullImage": "https://static.colruytgroup.com/images/500x500/std.lang.all/55/65/asset-3185565.jpg",
    "squareImage": "https://static.colruytgroup.com/images/500x500sq/std.lang.all/55/65/asset-3185565.jpg",
    "content": "280g",
    "walkRouteSequenceNumber": 4945,
    "price": {
      "basicPrice": 4.78,
      "recommendedQuantity": "1.0",
      "measurementUnitPrice": 17.08,
      "measurementUnit": "K",
      "isRedPrice": false,
      "pricePerUOM": 17.08,
      "activationDate": "15-01-2024",
      "recordSource": "Offline",
      "isPromoActive": "N",
      "priceChangeCode": "H"
    },
    "isAvailable": true,
    "isPriceAvailable": true,
    "inPromo": false,
    "gtin": [
      "03073781191592",
      "03073781191585",
      "03073781056952",
      "03073780841610"
    ],
    "topCategoryName": "Zuivel",
    "topCategoryId": "65",
    "businessDomain": "RETAIL_BE",
    "IsPrivateLabel": false,
    "IsBiffe": false,
    "WeightconversionFactor": "0",
    "IsWeightArticle": false,
    "nutriscoreLabel": "D",
    "IsBio": false,
    "CountryOfOrigin": "FRANKRIJK",
    "IsExclusivelySoldInLuxembourg": false,
    "OrderUnit": "P",
    "ShortName": "VQR 8 PIK EN CROQ 280GR",
    "IsNew": false,
    "EcoscoreLabel": "D",
    "RecentQuanityOfStockUnits": "1",
    "LongName": "LA VACHE QUI RIT PIK & CROQ' 8st 280g",
    "AlcoholVolume": "0",
    "FicCode": "E",
    "EcoscoreValue": "30"
  },
  {
    "productId": "610684",
    "technicalArticleNumber": "4283660",
    "commercialArticleNumber": "1660",
    "name": "lichte room 18%",
    "brand": "BALADE",
    "seoBrand": "Balade",
    "thumbNail": "https://static.colruytgroup.com/images/200x200/nl_be/56/74/asset-2155674.jpg",
    "fullImage": "https://static.colruytgroup.com/images/500x500/nl_be/56/74/asset-2155674.jpg",
    "squareImage": "https://static.colruytgroup.com/images/500x500sq/nl_be/56/74/asset-2155674.jpg",
    "content": "20cl",
    "walkRouteSequenceNumber": 6005,
    "price": {
      "basicPrice": 1.64,
      "recommendedQuantity": "1.0",
      "measurementUnitPrice": 8.2,
      "measurementUnit": "L",
      "isRedPrice": false,
      "pricePerUOM": 8.2,
      "activationDate": "16-03-2024",
      "recordSource": "Offline",
      "isPromoActive": "N",
      "priceChangeCode": "L"
    },
    "isAvailable": true,
    "isPriceAvailable": true,
    "inPromo": false,
    "gtin": [
      "05411396033384",
      "05411396033377",
      "05411396032738",
      "05411396033360"
    ],
    "topCategoryName": "Zuivel",
    "topCategoryId": "65",
    "businessDomain": "RETAIL_BE",
    "IsPrivateLabel": false,
    "IsBiffe": false,
    "WeightconversionFactor": "0",
    "IsWeightArticle": false,
    "nutriscoreLabel": "D",
    "IsBio": false,
    "CountryOfOrigin": "FRANKRIJK",
    "IsExclusivelySoldInLuxembourg": false,
    "OrderUnit": "P",
    "ShortName": "BALA LICHT ROOM18% 20CL",
    "IsNew": false,
    "RecentQuanityOfStockUnits": "1,2",
    "LongName": "BALADE lichte room 18% 20cl",
    "FicCode": "E"
  },
  {
    "productId": "613974",
    "technicalArticleNumber": "4288535",
    "commercialArticleNumber": "23277",
    "name": "Croissant Classic 6st",
    "brand": "DANEROLLES",
    "seoBrand": "Danerolles",
    "thumbNail": "https://static.colruytgroup.com/images/200x200/std.lang.all/86/64/asset-2128664.jpg",
    "fullImage": "https://static.colruytgroup.com/images/500x500/std.lang.all/86/64/asset-2128664.jpg",
    "squareImage": "https://static.colruytgroup.com/images/500x500sq/std.lang.all/86/64/asset-2128664.jpg",
    "content": "240g",
    "walkRouteSequenceNumber": 6053,
    "price": {
      "basicPrice": 1.89,
      "recommendedQuantity": "1.0",
      "measurementUnitPrice": 7.88,
      "measurementUnit": "K",
      "isRedPrice": false,
      "pricePerUOM": 7.88,
      "activationDate": "13-03-2024",
      "recordSource": "Offline",
      "isPromoActive": "N",
      "priceChangeCode": "L"
    },
    "isAvailable": true,
    "isPriceAvailable": true,
    "inPromo": false,
    "gtin": [
      "08713788118431",
      "08713788118363"
    ],
    "topCategoryName": "Bereidingen/Charcuterie/Vis/Veggie",
    "topCategoryId": "105",
    "businessDomain": "RETAIL_BE",
    "IsPrivateLabel": false,
    "IsBiffe": false,
    "WeightconversionFactor": "0",
    "IsWeightArticle": false,
    "nutriscoreLabel": "E",
    "IsBio": false,
    "CountryOfOrigin": "NEDERLAND",
    "IsExclusivelySoldInLuxembourg": false,
    "OrderUnit": "P",
    "ShortName": "DANE CROISSANT CLAS240G",
    "IsNew": false,
    "EcoscoreLabel": "B",
    "RecentQuanityOfStockUnits": "1",
    "LongName": "DANEROLLES Croissant Classic 6st 240g",
    "FicCode": "E",
    "EcoscoreValue": "61"
  },
  {
    "productId": "188021",
    "technicalArticleNumber": "3469017",
    "commercialArticleNumber": "30752",
    "name": "ardense boter gezouten",
    "description": "*Vetgehalte: 82 %\n*Gezouten\n*Belgisch",
    "brand": "CARLSBOURG",
    "seoBrand": "Carlsbourg",
    "thumbNail": "https://static.colruytgroup.com/images/200x200/std.lang.all/65/93/asset-1376593.jpg",
    "fullImage": "https://static.colruytgroup.com/images/500x500/std.lang.all/65/93/asset-1376593.jpg",
    "squareImage": "https://static.colruytgroup.com/images/500x500sq/std.lang.all/65/93/asset-1376593.jpg",
    "content": "250g",
    "walkRouteSequenceNumber": 6144,
    "price": {
      "basicPrice": 4.09,
      "recommendedQuantity": "1.0",
      "measurementUnitPrice": 16.36,
      "measurementUnit": "K",
      "isRedPrice": false,
      "pricePerUOM": 16.36,
      "activationDate": "20-03-2024",
      "recordSource": "Offline",
      "isPromoActive": "N",
      "priceChangeCode": "H"
    },
    "isAvailable": true,
    "isPriceAvailable": true,
    "inPromo": false,
    "gtin": [
      "05411156032121",
      "05411156002063"
    ],
    "topCategoryName": "Zuivel",
    "topCategoryId": "65",
    "businessDomain": "RETAIL_BE",
    "IsPrivateLabel": false,
    "IsBiffe": false,
    "WeightconversionFactor": "0",
    "IsWeightArticle": false,
    "nutriscoreLabel": "E",
    "IsBio": false,
    "CountryOfOrigin": "BELGIË",
    "IsExclusivelySoldInLuxembourg": false,
    "OrderUnit": "P",
    "ShortName": "CAR.ARD.GEZ.BOT.250G",
    "IsNew": false,
    "RecentQuanityOfStockUnits": "1",
    "LongName": "CARLSBOURG ardense boter gezouten 250g",
    "AlcoholVolume": "0",
    "FicCode": "E"
  },
  {
    "productId": "496131",
    "technicalArticleNumber": "4047056",
    "commercialArticleNumber": "6478",
    "name": "mozzarella de buffala",
    "description": "*Buffelmelk",
    "brand": "GALBANI",
    "seoBrand": "Galbani",
    "thumbNail": "https://static.colruytgroup.com/images/200x200/std.lang.all/73/36/asset-1737336.jpg",
    "fullImage": "https://static.colruytgroup.com/images/500x500/std.lang.all/73/36/asset-1737336.jpg",
    "squareImage": "https://static.colruytgroup.com/images/500x500sq/std.lang.all/73/36/asset-1737336.jpg",
    "content": "200g",
    "walkRouteSequenceNumber": 5232,
    "price": {
      "basicPrice": 4.29,
      "recommendedQuantity": "1.0",
      "measurementUnitPrice": 21.45,
      "measurementUnit": "K",
      "isRedPrice": false,
      "pricePerUOM": 21.45,
      "activationDate": "18-03-2024",
      "recordSource": "Offline",
      "isPromoActive": "N",
      "priceChangeCode": "H"
    },
    "isAvailable": true,
    "isPriceAvailable": true,
    "inPromo": false,
    "gtin": [
      "08000430138870",
      "08000430135473",
      "08000430134841"
    ],
    "topCategoryName": "Zuivel",
    "topCategoryId": "65",
    "businessDomain": "RETAIL_BE",
    "IsPrivateLabel": false,
    "IsBiffe": false,
    "WeightconversionFactor": "0",
    "IsWeightArticle": false,
    "nutriscoreLabel": "A",
    "IsBio": false,
    "CountryOfOrigin": "ITALIË",
    "IsExclusivelySoldInLuxembourg": false,
    "OrderUnit": "P",
    "ShortName": "GALB MOZA.BUFFALA 200GR",
    "IsNew": false,
    "EcoscoreLabel": "D",
    "RecentQuanityOfStockUnits": "1,6",
    "LongName": "GALBANI mozzarella de buffala 200g",
    "FicCode": "E",
    "EcoscoreValue": "38"
  },
  {
    "productId": "539199",
    "technicalArticleNumber": "4136481",
    "commercialArticleNumber": "9609",
    "name": "original 6x25g",
    "brand": "PHILADELPHIA",
    "seoBrand": "Philadelphia",
    "thumbNail": "https://static.colruytgroup.com/images/200x200/std.lang.all/11/42/asset-2451142.jpg",
    "fullImage": "https://static.colruytgroup.com/images/500x500/std.lang.all/11/42/asset-2451142.jpg",
    "squareImage": "https://static.colruytgroup.com/images/500x500sq/std.lang.all/11/42/asset-2451142.jpg",
    "content": "150g",
    "walkRouteSequenceNumber": 4885,
    "price": {
      "basicPrice": 3.95,
      "recommendedQuantity": "1.0",
      "measurementUnitPrice": 26.34,
      "measurementUnit": "K",
      "isRedPrice": false,
      "pricePerUOM": 26.34,
      "activationDate": "21-03-2024",
      "recordSource": "Offline",
      "isPromoActive": "N",
      "priceChangeCode": "H"
    },
    "isAvailable": true,
    "isPriceAvailable": true,
    "inPromo": true,
    "promotion": [
      {
        "techPromoId": "100860COLR",
        "promotionId": "100860",
        "promotionType": "4",
        "isPersonalized": "N",
        "publicationStartDate": "13-03-2024",
        "publicationEndDate": "26-03-2024"
      }
    ],
    "gtin": [
      "07622210747877",
      "07622210747617"
    ],
    "topCategoryName": "Zuivel",
    "topCategoryId": "65",
    "businessDomain": "RETAIL_BE",
    "IsPrivateLabel": false,
    "IsBiffe": false,
    "WeightconversionFactor": "0",
    "IsWeightArticle": false,
    "nutriscoreLabel": "D",
    "IsBio": false,
    "CountryOfOrigin": "SPANJE",
    "IsExclusivelySoldInLuxembourg": false,
    "OrderUnit": "P",
    "ShortName": "PHILADELPHIA 6X25G",
    "IsNew": false,
    "RecentQuanityOfStockUnits": "1,10",
    "LongName": "PHILADELPHIA original 6x25g 150g",
    "FicCode": "E"
  },
  {
    "productId": "180006",
    "technicalArticleNumber": "3361586",
    "commercialArticleNumber": "5273",
    "name": "brique de brebis",
    "description": "*Frankrijk\n*Zachte schapenkaas\n*Zeer romige en\nzachte smaak\n*Obv gepast. melk",
    "brand": "ETOILE DE QUERCY",
    "seoBrand": "Etoile du Quercy",
    "thumbNail": "https://static.colruytgroup.com/images/200x200/std.lang.all/03/29/asset-710329.jpg",
    "fullImage": "https://static.colruytgroup.com/images/500x500/std.lang.all/03/29/asset-710329.jpg",
    "squareImage": "https://static.colruytgroup.com/images/500x500sq/std.lang.all/03/29/asset-710329.jpg",
    "content": "±150g",
    "walkRouteSequenceNumber": 5186,
    "price": {
      "basicPrice": 24.9,
      "recommendedQuantity": "0.1",
      "unit": "K",
      "measurementUnitPrice": 24.9,
      "measurementUnit": "K",
      "isRedPrice": false,
      "pricePerUOM": 24.9,
      "activationDate": "02-03-2024",
      "isPromoActive": "N",
      "priceChangeCode": "H"
    },
    "isAvailable": true,
    "isPriceAvailable": true,
    "inPromo": false,
    "gtin": [
      "93428380004980",
      "03428380004987"
    ],
    "topCategoryName": "Zuivel",
    "topCategoryId": "65",
    "businessDomain": "RETAIL_BE",
    "IsPrivateLabel": false,
    "IsBiffe": false,
    "WeightconversionFactor": "150",
    "IsWeightArticle": true,
    "IsBio": false,
    "CountryOfOrigin": "BELGIË",
    "IsExclusivelySoldInLuxembourg": false,
    "OrderUnit": "P",
    "ShortName": "BRIQUE DE BREBIS +-150W",
    "InSeason": true,
    "IsNew": false,
    "RecentQuanityOfStockUnits": "1",
    "LongName": "ETOILE DE QUERCY brique de brebis ±150g",
    "AlcoholVolume": "0",
    "StartSeasonDate": "14/08/2018",
    "FicCode": "E"
  },
  {
    "productId": "783773",
    "technicalArticleNumber": "4582759",
    "commercialArticleNumber": "6968",
    "name": "Provolone zacht",
    "description": "*Italie",
    "brand": "BRAZZALE",
    "seoBrand": "Brazzale",
    "thumbNail": "https://static.colruytgroup.com/images/200x200/std.lang.all/65/13/asset-2826513.jpg",
    "fullImage": "https://static.colruytgroup.com/images/500x500/std.lang.all/65/13/asset-2826513.jpg",
    "squareImage": "https://static.colruytgroup.com/images/500x500sq/std.lang.all/65/13/asset-2826513.jpg",
    "content": "150g",
    "walkRouteSequenceNumber": 6234,
    "price": {
      "basicPrice": 1.99,
      "recommendedQuantity": "1.0",
      "measurementUnitPrice": 13.27,
      "measurementUnit": "K",
      "isRedPrice": false,
      "pricePerUOM": 13.27,
      "activationDate": "12-03-2024",
      "isPromoActive": "N",
      "priceChangeCode": "H"
    },
    "isAvailable": true,
    "isPriceAvailable": true,
    "inPromo": false,
    "gtin": [
      "08032618615200"
    ],
    "topCategoryName": "Zuivel",
    "topCategoryId": "65",
    "businessDomain": "RETAIL_BE",
    "IsPrivateLabel": false,
    "IsBiffe": false,
    "WeightconversionFactor": "0",
    "IsWeightArticle": false,
    "IsBio": false,
    "CountryOfOrigin": "ITALIË",
    "IsExclusivelySoldInLuxembourg": false,
    "OrderUnit": "P",
    "ShortName": "BRAZ PROVO ZACHT 150G",
    "IsNew": false,
    "RecentQuanityOfStockUnits": "1",
    "LongName": "BRAZZALE Provolone zacht 150g",
    "FicCode": "E"
  },
  {
    "productId": "56333",
    "technicalArticleNumber": "2328043",
    "commercialArticleNumber": "18481",
    "name": "pastavellen lasagne",
    "description": "*Lasagnebladeren\n*In de kookpot, oven",
    "brand": "GIOVANNI RANA",
    "seoBrand": "Giovanni Rana",
    "thumbNail": "https://static.colruytgroup.com/images/200x200/std.lang.all/03/45/asset-2700345.jpg",
    "fullImage": "https://static.colruytgroup.com/images/500x500/std.lang.all/03/45/asset-2700345.jpg",
    "squareImage": "https://static.colruytgroup.com/images/500x500sq/std.lang.all/03/45/asset-2700345.jpg",
    "content": "250g",
    "walkRouteSequenceNumber": 6695,
    "price": {
      "basicPrice": 3.79,
      "recommendedQuantity": "1.0",
      "measurementUnitPrice": 15.16,
      "measurementUnit": "K",
      "isRedPrice": false,
      "pricePerUOM": 15.16,
      "activationDate": "05-03-2024",
      "recordSource": "Offline",
      "isPromoActive": "N",
      "priceChangeCode": "E"
    },
    "isAvailable": true,
    "isPriceAvailable": true,
    "inPromo": false,
    "gtin": [
      "08001665126144",
      "00000080564850",
      "08001665123068"
    ],
    "topCategoryName": "Bereidingen/Charcuterie/Vis/Veggie",
    "topCategoryId": "105",
    "businessDomain": "RETAIL_BE",
    "IsPrivateLabel": false,
    "IsBiffe": false,
    "WeightconversionFactor": "0",
    "IsWeightArticle": false,
    "nutriscoreLabel": "A",
    "IsBio": false,
    "CountryOfOrigin": "ITALIË",
    "IsExclusivelySoldInLuxembourg": false,
    "OrderUnit": "P",
    "ShortName": "RANA LASAGNE BLAD 250G",
    "IsNew": false,
    "EcoscoreLabel": "B",
    "RecentQuanityOfStockUnits": "1",
    "LongName": "GIOVANNI RANA pastavellen lasagne 250g",
    "AlcoholVolume": "0",
    "FicCode": "E",
    "EcoscoreValue": "66"
  },
  {
    "productId": "378289",
    "technicalArticleNumber": "3845738",
    "commercialArticleNumber": "33117",
    "name": "verse schapenkaas",
    "description": "*Obv gepast.melk",
    "brand": "BONI",
    "seoBrand": "Boni Selection",
    "thumbNail": "https://static.colruytgroup.com/images/200x200/std.lang.all/76/39/asset-1637639.jpg",
    "fullImage": "https://static.colruytgroup.com/images/500x500/std.lang.all/76/39/asset-1637639.jpg",
    "squareImage": "https://static.colruytgroup.com/images/500x500sq/std.lang.all/76/39/asset-1637639.jpg",
    "content": "150g",
    "walkRouteSequenceNumber": 4914,
    "price": {
      "basicPrice": 2.99,
      "recommendedQuantity": "1.0",
      "measurementUnitPrice": 19.94,
      "measurementUnit": "K",
      "isRedPrice": false,
      "pricePerUOM": 19.94,
      "activationDate": "13-03-2024",
      "isPromoActive": "N",
      "priceChangeCode": "E"
    },
    "isAvailable": true,
    "isPriceAvailable": true,
    "inPromo": false,
    "gtin": [
      "05400141207880",
      "15400141144175",
      "15400141207887",
      "05400141144178"
    ],
    "topCategoryName": "Zuivel",
    "topCategoryId": "65",
    "businessDomain": "RETAIL_BE",
    "IsPrivateLabel": true,
    "IsBiffe": false,
    "WeightconversionFactor": "0",
    "IsWeightArticle": false,
    "nutriscoreLabel": "C",
    "IsBio": false,
    "CountryOfOrigin": "FRANKRIJK",
    "IsExclusivelySoldInLuxembourg": false,
    "OrderUnit": "P",
    "ShortName": "BONI SCHAPENK.VERS 150G",
    "IsNew": false,
    "EcoscoreLabel": "B",
    "RecentQuanityOfStockUnits": "1",
    "LongName": "BONI verse schapenkaas 150g",
    "AlcoholVolume": "0",
    "FicCode": "I",
    "EcoscoreValue": "79"
  },
  {
    "productId": "2190",
    "technicalArticleNumber": "26539",
    "commercialArticleNumber": "26539",
    "name": "kaas zacht",
    "description": "*België\n*Zachte kaas\n*Natuurkaas\n*O.b.v. gepast. melk",
    "brand": "WIJNENDALE",
    "seoBrand": "Wijnendale",
    "thumbNail": "https://static.colruytgroup.com/images/200x200/std.lang.all/38/43/asset-3403843.jpg",
    "fullImage": "https://static.colruytgroup.com/images/500x500/std.lang.all/38/43/asset-3403843.jpg",
    "squareImage": "https://static.colruytgroup.com/images/500x500sq/std.lang.all/38/43/asset-3403843.jpg",
    "content": "±220g",
    "walkRouteSequenceNumber": 5161,
    "price": {
      "basicPrice": 22.5,
      "recommendedQuantity": "0.2",
      "unit": "K",
      "measurementUnitPrice": 22.5,
      "measurementUnit": "K",
      "isRedPrice": false,
      "pricePerUOM": 22.5,
      "activationDate": "05-03-2024",
      "recordSource": "Offline",
      "isPromoActive": "N",
      "priceChangeCode": "E"
    },
    "isAvailable": true,
    "isPriceAvailable": true,
    "inPromo": true,
    "promotion": [
      {
        "techPromoId": "100910COLR",
        "promotionId": "100910",
        "promotionType": "3",
        "isPersonalized": "N",
        "publicationStartDate": "13-03-2024",
        "publicationEndDate": "26-03-2024"
      }
    ],
    "gtin": [
      "15400141456896",
      "95400141741875",
      "95400141265395",
      "03760161340878",
      "05400141456899",
      "05400141741872",
      "95400141456892"
    ],
    "topCategoryName": "Zuivel",
    "topCategoryId": "65",
    "businessDomain": "RETAIL_BE",
    "IsPrivateLabel": false,
    "IsBiffe": false,
    "WeightconversionFactor": "220",
    "IsWeightArticle": true,
    "nutriscoreLabel": "D",
    "IsBio": false,
    "CountryOfOrigin": "BELGIË",
    "IsExclusivelySoldInLuxembourg": false,
    "OrderUnit": "P",
    "ShortName": "WIJNENDALE KAAS +-220GW",
    "IsNew": false,
    "RecentQuanityOfStockUnits": "1",
    "LongName": "WIJNENDALE kaas zacht ±220g",
    "AlcoholVolume": "0",
    "FicCode": "I"
  },
  {
    "productId": "2076",
    "technicalArticleNumber": "26600",
    "commercialArticleNumber": "26600",
    "name": "Provençale",
    "description": "*Verse aperitiefkaas\n*Met verse kruiden",
    "brand": "APÉRIFRAIS",
    "seoBrand": "St Môret Apérifrais",
    "thumbNail": "https://static.colruytgroup.com/images/200x200/std.lang.all/44/14/asset-864414.jpg",
    "fullImage": "https://static.colruytgroup.com/images/500x500/std.lang.all/44/14/asset-864414.jpg",
    "squareImage": "https://static.colruytgroup.com/images/500x500sq/std.lang.all/44/14/asset-864414.jpg",
    "content": "100g",
    "walkRouteSequenceNumber": 5208,
    "price": {
      "basicPrice": 3.75,
      "recommendedQuantity": "1.0",
      "measurementUnitPrice": 37.5,
      "measurementUnit": "K",
      "isRedPrice": false,
      "pricePerUOM": 37.5,
      "activationDate": "20-03-2024",
      "recordSource": "Offline",
      "isPromoActive": "N",
      "priceChangeCode": "E"
    },
    "isAvailable": true,
    "isPriceAvailable": true,
    "inPromo": true,
    "promotion": [
      {
        "techPromoId": "100978COLR",
        "promotionId": "100978",
        "promotionType": "3",
        "isPersonalized": "N",
        "publicationStartDate": "13-03-2024",
        "publicationEndDate": "26-03-2024"
      }
    ],
    "gtin": [
      "03175333021002",
      "03480347120802",
      "23480347120417",
      "23480347120806"
    ],
    "topCategoryName": "Zuivel",
    "topCategoryId": "65",
    "businessDomain": "RETAIL_BE",
    "IsPrivateLabel": false,
    "IsBiffe": false,
    "WeightconversionFactor": "0",
    "IsWeightArticle": false,
    "nutriscoreLabel": "D",
    "IsBio": false,
    "CountryOfOrigin": "FRANKRIJK",
    "IsExclusivelySoldInLuxembourg": false,
    "OrderUnit": "P",
    "ShortName": "APERIFR. PROVENC. 100G",
    "IsNew": false,
    "RecentQuanityOfStockUnits": "1",
    "LongName": "APÉRIFRAIS Provençale 100g",
    "AlcoholVolume": "0",
    "FicCode": "E"
  },
  {
    "productId": "57379",
    "technicalArticleNumber": "2347499",
    "commercialArticleNumber": "6730",
    "name": "pannenkoeken",
    "brand": "BONI BIO",
    "seoBrand": "Boni Selection Bio",
    "thumbNail": "https://static.colruytgroup.com/images/200x200/std.lang.all/80/34/asset-3028034.jpg",
    "fullImage": "https://static.colruytgroup.com/images/500x500/std.lang.all/80/34/asset-3028034.jpg",
    "squareImage": "https://static.colruytgroup.com/images/500x500sq/std.lang.all/80/34/asset-3028034.jpg",
    "content": "350g",
    "walkRouteSequenceNumber": 6110,
    "price": {
      "basicPrice": 1.95,
      "recommendedQuantity": "1.0",
      "measurementUnitPrice": 5.58,
      "measurementUnit": "K",
      "isRedPrice": false,
      "pricePerUOM": 5.58,
      "activationDate": "16-01-2024",
      "recordSource": "Offline",
      "isPromoActive": "N",
      "priceChangeCode": "H"
    },
    "isAvailable": true,
    "isPriceAvailable": true,
    "inPromo": false,
    "gtin": [
      "15400141315735",
      "15400141289357",
      "05400141289350",
      "05400141157871",
      "05400141365795",
      "15400141365792",
      "15400141511045"
    ],
    "topCategoryName": "Bereidingen/Charcuterie/Vis/Veggie",
    "topCategoryId": "105",
    "businessDomain": "RETAIL_BE",
    "IsPrivateLabel": true,
    "IsBiffe": false,
    "WeightconversionFactor": "0",
    "IsWeightArticle": false,
    "nutriscoreLabel": "C",
    "IsBio": true,
    "CountryOfOrigin": "BELGIË",
    "IsExclusivelySoldInLuxembourg": false,
    "OrderUnit": "P",
    "ShortName": "UB BIO BONI PANNENK.6ST",
    "IsNew": false,
    "EcoscoreLabel": "A",
    "RecentQuanityOfStockUnits": "1,10",
    "LongName": "BONI BIO pannenkoeken 350g",
    "AlcoholVolume": "0",
    "FicCode": "I",
    "EcoscoreValue": "100"
  },
  {
    "productId": "195526",
    "technicalArticleNumber": "3441728",
    "commercialArticleNumber": "30502",
    "name": "yog.mager natuur bio glas",
    "description": "*Mager",
    "brand": "PUR NATUR",
    "seoBrand": "Pur Natur",
    "thumbNail": "https://static.colruytgroup.com/images/200x200/std.lang.all/34/98/asset-3263498.jpg",
    "fullImage": "https://static.colruytgroup.com/images/500x500/std.lang.all/34/98/asset-3263498.jpg",
    "squareImage": "https://static.colruytgroup.com/images/500x500sq/std.lang.all/34/98/asset-3263498.jpg",
    "content": "500g",
    "walkRouteSequenceNumber": 5779,
    "price": {
      "basicPrice": 2.59,
      "recommendedQuantity": "1.0",
      "measurementUnitPrice": 5.18,
      "measurementUnit": "K",
      "isRedPrice": false,
      "pricePerUOM": 5.18,
      "activationDate": "21-03-2024",
      "recordSource": "Offline",
      "isPromoActive": "N",
      "priceChangeCode": "E"
    },
    "isAvailable": true,
    "isPriceAvailable": true,
    "inPromo": false,
    "gtin": [
      "05412971063000",
      "05412971963003"
    ],
    "topCategoryName": "Zuivel",
    "topCategoryId": "65",
    "businessDomain": "RETAIL_BE",
    "IsPrivateLabel": false,
    "IsBiffe": false,
    "WeightconversionFactor": "0",
    "IsWeightArticle": false,
    "nutriscoreLabel": "A",
    "IsBio": true,
    "CountryOfOrigin": "BELGIË",
    "IsExclusivelySoldInLuxembourg": false,
    "OrderUnit": "P",
    "ShortName": "PN MAGERE YOGH. 500G GL",
    "IsNew": false,
    "EcoscoreLabel": "A",
    "RecentQuanityOfStockUnits": "1",
    "LongName": "PUR NATUR yog.mager natuur bio glas 500g",
    "AlcoholVolume": "0",
    "FicCode": "E",
    "EcoscoreValue": "100"
  },
  {
    "productId": "354435",
    "technicalArticleNumber": "3855499",
    "commercialArticleNumber": "21799",
    "name": "Comté blok 10 md",
    "description": "*Frankrijk",
    "brand": "ENTREMONT",
    "seoBrand": "Entremont",
    "thumbNail": "https://static.colruytgroup.com/images/200x200/std.lang.all/34/65/asset-1793465.jpg",
    "fullImage": "https://static.colruytgroup.com/images/500x500/std.lang.all/34/65/asset-1793465.jpg",
    "squareImage": "https://static.colruytgroup.com/images/500x500sq/std.lang.all/34/65/asset-1793465.jpg",
    "content": "250g",
    "walkRouteSequenceNumber": 5652,
    "price": {
      "basicPrice": 7.19,
      "recommendedQuantity": "1.0",
      "measurementUnitPrice": 28.76,
      "measurementUnit": "K",
      "isRedPrice": true,
      "redPriceReason": "Promo",
      "pricePerUOM": 28.76,
      "activationDate": "13-03-2024",
      "isPromoActive": "Y",
      "priceChangeCode": "L"
    },
    "isAvailable": true,
    "isPriceAvailable": true,
    "inPromo": false,
    "gtin": [
      "03123930651818",
      "03123938043295"
    ],
    "topCategoryName": "Zuivel",
    "topCategoryId": "65",
    "businessDomain": "RETAIL_BE",
    "IsPrivateLabel": false,
    "IsBiffe": false,
    "WeightconversionFactor": "0",
    "IsWeightArticle": false,
    "nutriscoreLabel": "D",
    "IsBio": false,
    "CountryOfOrigin": "FRANKRIJK",
    "IsExclusivelySoldInLuxembourg": false,
    "OrderUnit": "P",
    "ShortName": "ENTR COMTE BLOK10MD250G",
    "IsNew": false,
    "EcoscoreLabel": "C",
    "RecentQuanityOfStockUnits": "1",
    "LongName": "ENTREMONT Comté blok 10 md 250g",
    "AlcoholVolume": "0",
    "FicCode": "E",
    "EcoscoreValue": "58"
  },
  {
    "productId": "882363",
    "technicalArticleNumber": "4740194",
    "commercialArticleNumber": "10980",
    "name": "Bakken braden plantaard79% Tub",
    "description": "*Bakken en braden\n*Vetgehalte: 79 %\n*Plantaardig\n*Vlootje",
    "brand": "SOLO",
    "seoBrand": "Solo",
    "thumbNail": "https://static.colruytgroup.com/images/200x200/std.lang.all/99/97/asset-3339997.jpg",
    "fullImage": "https://static.colruytgroup.com/images/500x500/std.lang.all/99/97/asset-3339997.jpg",
    "squareImage": "https://static.colruytgroup.com/images/500x500sq/std.lang.all/99/97/asset-3339997.jpg",
    "content": "450g",
    "walkRouteSequenceNumber": 6009,
    "price": {
      "basicPrice": 3.05,
      "recommendedQuantity": "1.0",
      "measurementUnitPrice": 6.78,
      "measurementUnit": "K",
      "isRedPrice": false,
      "pricePerUOM": 6.78,
      "activationDate": "13-03-2024",
      "recordSource": "Offline",
      "isPromoActive": "N",
      "priceChangeCode": "H"
    },
    "isAvailable": true,
    "isPriceAvailable": true,
    "inPromo": false,
    "gtin": [
      "08719200263789",
      "08719200263796"
    ],
    "topCategoryName": "Zuivel",
    "topCategoryId": "65",
    "businessDomain": "RETAIL_BE",
    "IsPrivateLabel": false,
    "IsBiffe": false,
    "WeightconversionFactor": "0",
    "IsWeightArticle": false,
    "nutriscoreLabel": "E",
    "IsBio": false,
    "CountryOfOrigin": "POLEN",
    "IsExclusivelySoldInLuxembourg": false,
    "OrderUnit": "P",
    "ShortName": "SOLO BAK.PLANT.TUB 450G",
    "IsNew": false,
    "EcoscoreLabel": "C",
    "RecentQuanityOfStockUnits": "1,8",
    "LongName": "SOLO Bakken braden plantaard79% Tub 450g",
    "FicCode": "E",
    "EcoscoreValue": "46"
  },
  {
    "productId": "97344",
    "technicalArticleNumber": "2857924",
    "commercialArticleNumber": "34321",
    "name": "emmental ger.",
    "description": "*Geraspte kaas\n*Emmental\n*Zonder lactose",
    "brand": "DILEA ZERO LACTOSE",
    "seoBrand": "Dilea Zero Lactose",
    "thumbNail": "https://static.colruytgroup.com/images/200x200/std.lang.all/27/83/asset-3362783.jpg",
    "fullImage": "https://static.colruytgroup.com/images/500x500/std.lang.all/27/83/asset-3362783.jpg",
    "squareImage": "https://static.colruytgroup.com/images/500x500sq/std.lang.all/27/83/asset-3362783.jpg",
    "content": "2x100g",
    "walkRouteSequenceNumber": 5630,
    "price": {
      "basicPrice": 3.64,
      "recommendedQuantity": "1.0",
      "measurementUnitPrice": 18.2,
      "measurementUnit": "K",
      "isRedPrice": false,
      "pricePerUOM": 18.2,
      "activationDate": "15-03-2024",
      "recordSource": "Folder",
      "isPromoActive": "N",
      "priceChangeCode": "L"
    },
    "isAvailable": true,
    "isPriceAvailable": true,
    "inPromo": false,
    "gtin": [
      "15410298059864",
      "05410298059867"
    ],
    "topCategoryName": "Zuivel",
    "topCategoryId": "65",
    "businessDomain": "RETAIL_BE",
    "IsPrivateLabel": false,
    "IsBiffe": false,
    "WeightconversionFactor": "0",
    "IsWeightArticle": false,
    "nutriscoreLabel": "C",
    "IsBio": false,
    "CountryOfOrigin": "FINLAND",
    "IsExclusivelySoldInLuxembourg": false,
    "OrderUnit": "P",
    "ShortName": "DILEA Z.LACT.EM.2X100G",
    "IsNew": false,
    "EcoscoreLabel": "D",
    "RecentQuanityOfStockUnits": "1",
    "LongName": "DILEA ZERO LACTOSE emmental ger. 2x100g",
    "AlcoholVolume": "0",
    "FicCode": "E",
    "EcoscoreValue": "27"
  },
  {
    "productId": "339461",
    "technicalArticleNumber": "3832697",
    "commercialArticleNumber": "20861",
    "name": "fondant chocolademousse",
    "brand": "BONI",
    "seoBrand": "Boni Selection",
    "thumbNail": "https://static.colruytgroup.com/images/200x200/std.lang.all/64/78/asset-3446478.jpg",
    "fullImage": "https://static.colruytgroup.com/images/500x500/std.lang.all/64/78/asset-3446478.jpg",
    "squareImage": "https://static.colruytgroup.com/images/500x500sq/std.lang.all/64/78/asset-3446478.jpg",
    "content": "75g",
    "walkRouteSequenceNumber": 5933,
    "price": {
      "basicPrice": 1.05,
      "recommendedQuantity": "1.0",
      "measurementUnitPrice": 14,
      "measurementUnit": "K",
      "isRedPrice": false,
      "pricePerUOM": 14,
      "activationDate": "15-02-2024",
      "recordSource": "Offline",
      "isPromoActive": "N",
      "priceChangeCode": "E"
    },
    "isAvailable": true,
    "isPriceAvailable": true,
    "inPromo": false,
    "gtin": [
      "05400141293609",
      "05400141470192",
      "15400141214687",
      "15400141293606",
      "05400141214680",
      "15400141470199",
      "05400141835953",
      "15400141835950"
    ],
    "topCategoryName": "Zuivel",
    "topCategoryId": "65",
    "businessDomain": "RETAIL_BE",
    "IsPrivateLabel": true,
    "IsBiffe": false,
    "WeightconversionFactor": "0",
    "IsWeightArticle": false,
    "nutriscoreLabel": "E",
    "IsBio": false,
    "CountryOfOrigin": "BELGIË",
    "IsExclusivelySoldInLuxembourg": false,
    "OrderUnit": "P",
    "ShortName": "BONI FOND.CHOC.MOUSSE75",
    "IsNew": false,
    "EcoscoreLabel": "C",
    "RecentQuanityOfStockUnits": "1,1",
    "LongName": "BONI fondant chocolademousse 75g",
    "AlcoholVolume": "0",
    "FicCode": "I",
    "EcoscoreValue": "55"
  },
  {
    "productId": "460520",
    "technicalArticleNumber": "3949845",
    "commercialArticleNumber": "1841",
    "name": "ongezouten Ierse boter",
    "description": "*Ongezouten",
    "brand": "KERRYGOLD",
    "seoBrand": "Kerrygold",
    "thumbNail": "https://static.colruytgroup.com/images/200x200/std.lang.all/76/04/asset-1537604.jpg",
    "fullImage": "https://static.colruytgroup.com/images/500x500/std.lang.all/76/04/asset-1537604.jpg",
    "squareImage": "https://static.colruytgroup.com/images/500x500sq/std.lang.all/76/04/asset-1537604.jpg",
    "content": "250g",
    "walkRouteSequenceNumber": 6141,
    "price": {
      "basicPrice": 3.49,
      "recommendedQuantity": "1.0",
      "measurementUnitPrice": 13.96,
      "measurementUnit": "K",
      "isRedPrice": false,
      "pricePerUOM": 13.96,
      "activationDate": "22-03-2024",
      "recordSource": "Offline",
      "isPromoActive": "N",
      "priceChangeCode": "L"
    },
    "isAvailable": true,
    "isPriceAvailable": true,
    "inPromo": false,
    "gtin": [
      "05011038001476",
      "05011038032500"
    ],
    "topCategoryName": "Zuivel",
    "topCategoryId": "65",
    "businessDomain": "RETAIL_BE",
    "IsPrivateLabel": false,
    "IsBiffe": false,
    "WeightconversionFactor": "0",
    "IsWeightArticle": false,
    "nutriscoreLabel": "E",
    "IsBio": false,
    "CountryOfOrigin": "IERLAND",
    "IsExclusivelySoldInLuxembourg": false,
    "OrderUnit": "P",
    "ShortName": "KERR IERSE BOTER250G",
    "IsNew": false,
    "EcoscoreLabel": "E",
    "RecentQuanityOfStockUnits": "1,20",
    "LongName": "KERRYGOLD ongezouten Ierse boter 250g",
    "FicCode": "E",
    "EcoscoreValue": "19"
  },
  {
    "productId": "670998",
    "technicalArticleNumber": "4383925",
    "commercialArticleNumber": "24411",
    "name": "griekse yogh. bosbes",
    "description": "*Yoghurt op een\nbedje van bosbessen",
    "brand": "OIKOS",
    "seoBrand": "Oikos",
    "thumbNail": "https://static.colruytgroup.com/images/200x200/std.lang.all/64/33/asset-2356433.jpg",
    "fullImage": "https://static.colruytgroup.com/images/500x500/std.lang.all/64/33/asset-2356433.jpg",
    "squareImage": "https://static.colruytgroup.com/images/500x500sq/std.lang.all/64/33/asset-2356433.jpg",
    "content": "4x115g",
    "walkRouteSequenceNumber": 5904,
    "price": {
      "basicPrice": 3.99,
      "recommendedQuantity": "1.0",
      "measurementUnitPrice": 8.68,
      "measurementUnit": "K",
      "isRedPrice": false,
      "pricePerUOM": 8.68,
      "activationDate": "15-02-2024",
      "recordSource": "Offline",
      "isPromoActive": "N",
      "priceChangeCode": "E"
    },
    "isAvailable": true,
    "isPriceAvailable": true,
    "inPromo": false,
    "gtin": [
      "05410146419980",
      "15410146419987"
    ],
    "topCategoryName": "Zuivel",
    "topCategoryId": "65",
    "businessDomain": "RETAIL_BE",
    "IsPrivateLabel": false,
    "IsBiffe": false,
    "WeightconversionFactor": "0",
    "IsWeightArticle": false,
    "nutriscoreLabel": "C",
    "IsBio": false,
    "CountryOfOrigin": "DUITSLAND",
    "IsExclusivelySoldInLuxembourg": false,
    "OrderUnit": "P",
    "ShortName": "DANO OIK. BOSBES 4X115G",
    "IsNew": false,
    "EcoscoreLabel": "A",
    "RecentQuanityOfStockUnits": "1",
    "LongName": "OIKOS griekse yogh. bosbes 4x115g",
    "FicCode": "E",
    "EcoscoreValue": "87"
  },
  {
    "productId": "2144",
    "technicalArticleNumber": "26766",
    "commercialArticleNumber": "26766",
    "name": "gouda jong blok Belgisch",
    "description": "*België\n*Halfharde kaas\n*Romig, vol\n*Jong\n*Korst niet eetbaar",
    "brand": "BONI",
    "seoBrand": "Boni Selection",
    "thumbNail": "https://static.colruytgroup.com/images/200x200/std.lang.all/76/26/asset-1827626.jpg",
    "fullImage": "https://static.colruytgroup.com/images/500x500/std.lang.all/76/26/asset-1827626.jpg",
    "squareImage": "https://static.colruytgroup.com/images/500x500sq/std.lang.all/76/26/asset-1827626.jpg",
    "content": "±475g",
    "walkRouteSequenceNumber": 5657,
    "price": {
      "basicPrice": 18.75,
      "recommendedQuantity": "0.4",
      "unit": "K",
      "measurementUnitPrice": 18.75,
      "measurementUnit": "K",
      "isRedPrice": false,
      "pricePerUOM": 18.75,
      "activationDate": "13-03-2024",
      "recordSource": "Offline",
      "isPromoActive": "N",
      "priceChangeCode": "H"
    },
    "isAvailable": true,
    "isPriceAvailable": true,
    "inPromo": false,
    "gtin": [
      "95400141413291",
      "95400141267665",
      "05400141413298",
      "05400141041347",
      "05400141119435",
      "05400141464337"
    ],
    "topCategoryName": "Zuivel",
    "topCategoryId": "65",
    "businessDomain": "RETAIL_BE",
    "IsPrivateLabel": true,
    "IsBiffe": false,
    "WeightconversionFactor": "475",
    "IsWeightArticle": true,
    "nutriscoreLabel": "C",
    "IsBio": false,
    "CountryOfOrigin": "BELGIË",
    "IsExclusivelySoldInLuxembourg": false,
    "OrderUnit": "P",
    "ShortName": "BONI B.GOUDA J.B.+-475G",
    "IsNew": false,
    "EcoscoreLabel": "B",
    "RecentQuanityOfStockUnits": "1",
    "LongName": "BONI gouda jong blok Belgisch ±475g",
    "AlcoholVolume": "0",
    "FicCode": "I",
    "EcoscoreValue": "60"
  },
  {
    "productId": "2079",
    "technicalArticleNumber": "26608",
    "commercialArticleNumber": "26608",
    "name": "mozzarella blok Cucina",
    "description": "*Italië\n*Verse kaas\n*Fris, mild\n*O.b.v. gepast. melk\n*Microbieel stremsel",
    "brand": "GALBANI",
    "seoBrand": "Galbani",
    "thumbNail": "https://static.colruytgroup.com/images/200x200/std.lang.all/40/65/asset-2014065.jpg",
    "fullImage": "https://static.colruytgroup.com/images/500x500/std.lang.all/40/65/asset-2014065.jpg",
    "squareImage": "https://static.colruytgroup.com/images/500x500sq/std.lang.all/40/65/asset-2014065.jpg",
    "content": "400g",
    "walkRouteSequenceNumber": 5227,
    "price": {
      "basicPrice": 4.99,
      "recommendedQuantity": "1.0",
      "measurementUnitPrice": 12.48,
      "measurementUnit": "K",
      "isRedPrice": false,
      "pricePerUOM": 12.48,
      "activationDate": "05-03-2024",
      "recordSource": "Offline",
      "isPromoActive": "N",
      "priceChangeCode": "E"
    },
    "isAvailable": true,
    "isPriceAvailable": true,
    "inPromo": false,
    "gtin": [
      "08000430131321",
      "08000430132014",
      "08000430132045",
      "08000430132830"
    ],
    "topCategoryName": "Zuivel",
    "topCategoryId": "65",
    "businessDomain": "RETAIL_BE",
    "IsPrivateLabel": false,
    "IsBiffe": false,
    "WeightconversionFactor": "0",
    "IsWeightArticle": false,
    "nutriscoreLabel": "C",
    "IsBio": false,
    "CountryOfOrigin": "ITALIË",
    "IsExclusivelySoldInLuxembourg": false,
    "OrderUnit": "P",
    "ShortName": "GALB MOZZA.CUCINA 400G",
    "IsNew": false,
    "EcoscoreLabel": "D",
    "RecentQuanityOfStockUnits": "5,1",
    "LongName": "GALBANI mozzarella blok Cucina 400g",
    "AlcoholVolume": "0",
    "FicCode": "E",
    "EcoscoreValue": "38"
  },
  {
    "productId": "2139",
    "technicalArticleNumber": "26735",
    "commercialArticleNumber": "26735",
    "name": "melkerijboter ongezouten",
    "description": "*Melkerijboter\n*Vetgehalte: 80,5 %\n*Ongezouten\n*Belgisch",
    "brand": "AUBEL",
    "seoBrand": "Aubel",
    "thumbNail": "https://static.colruytgroup.com/images/200x200/std.lang.all/43/00/asset-2294300.jpg",
    "fullImage": "https://static.colruytgroup.com/images/500x500/std.lang.all/43/00/asset-2294300.jpg",
    "squareImage": "https://static.colruytgroup.com/images/500x500sq/std.lang.all/43/00/asset-2294300.jpg",
    "content": "500g",
    "walkRouteSequenceNumber": 6152,
    "price": {
      "basicPrice": 8.79,
      "recommendedQuantity": "1.0",
      "measurementUnitPrice": 17.58,
      "measurementUnit": "K",
      "isRedPrice": false,
      "pricePerUOM": 17.58,
      "activationDate": "13-03-2024",
      "recordSource": "Offline",
      "isPromoActive": "N",
      "priceChangeCode": "H"
    },
    "isAvailable": true,
    "isPriceAvailable": true,
    "inPromo": false,
    "gtin": [
      "05410603017896",
      "05410603117893"
    ],
    "topCategoryName": "Zuivel",
    "topCategoryId": "65",
    "businessDomain": "RETAIL_BE",
    "IsPrivateLabel": false,
    "IsBiffe": false,
    "WeightconversionFactor": "0",
    "IsWeightArticle": false,
    "nutriscoreLabel": "E",
    "IsBio": false,
    "CountryOfOrigin": "BELGIË",
    "IsExclusivelySoldInLuxembourg": false,
    "OrderUnit": "P",
    "ShortName": "AUBEL BOTER 500G",
    "InSeason": true,
    "IsNew": false,
    "EcoscoreLabel": "C",
    "RecentQuanityOfStockUnits": "1,20",
    "LongName": "AUBEL melkerijboter ongezouten 500g",
    "AlcoholVolume": "0",
    "StartSeasonDate": "24/01/1997",
    "FicCode": "E",
    "EcoscoreValue": "56"
  },
  {
    "productId": "12487",
    "technicalArticleNumber": "1332393",
    "commercialArticleNumber": "13940",
    "name": "bakken&br.olijfolie vl.",
    "description": "*Bakken\n*Vetgehalte: 75 %",
    "brand": "BERTOLLI",
    "seoBrand": "Bertolli",
    "thumbNail": "https://static.colruytgroup.com/images/200x200/std.lang.all/48/87/asset-3284887.jpg",
    "fullImage": "https://static.colruytgroup.com/images/500x500/std.lang.all/48/87/asset-3284887.jpg",
    "squareImage": "https://static.colruytgroup.com/images/500x500sq/std.lang.all/48/87/asset-3284887.jpg",
    "content": "500ml",
    "walkRouteSequenceNumber": 6034,
    "price": {
      "basicPrice": 3.79,
      "recommendedQuantity": "2.0",
      "measurementUnitPrice": 7.58,
      "measurementUnit": "L",
      "isRedPrice": false,
      "pricePerUOM": 7.58,
      "activationDate": "13-03-2024",
      "recordSource": "Offline",
      "isPromoActive": "N",
      "priceChangeCode": "E"
    },
    "isAvailable": true,
    "isPriceAvailable": true,
    "inPromo": false,
    "gtin": [
      "05400141037524",
      "08719200038738",
      "08719200038721",
      "05410003104974",
      "08719200187221",
      "08719200187214"
    ],
    "topCategoryName": "Zuivel",
    "topCategoryId": "65",
    "businessDomain": "RETAIL_BE",
    "IsPrivateLabel": false,
    "IsBiffe": false,
    "WeightconversionFactor": "0",
    "IsWeightArticle": false,
    "nutriscoreLabel": "D",
    "IsBio": false,
    "CountryOfOrigin": "NEDERLAND",
    "IsExclusivelySoldInLuxembourg": false,
    "OrderUnit": "P",
    "ShortName": "BERTOL. BAK BRAAD 500ML",
    "InSeason": true,
    "IsNew": false,
    "EcoscoreLabel": "C",
    "RecentQuanityOfStockUnits": "1,2",
    "LongName": "BERTOLLI bakken&br.olijfolie vl. 500ml",
    "AlcoholVolume": "0",
    "StartSeasonDate": "28/03/2022",
    "FicCode": "E",
    "EcoscoreValue": "48"
  },
  {
    "productId": "81912",
    "technicalArticleNumber": "2944793",
    "commercialArticleNumber": "18085",
    "name": "verse kaas kers",
    "description": "*Vetgehalte: 4,1 %",
    "brand": "BONI",
    "seoBrand": "Boni Selection",
    "thumbNail": "https://static.colruytgroup.com/images/200x200/std.lang.all/18/19/asset-3031819.jpg",
    "fullImage": "https://static.colruytgroup.com/images/500x500/std.lang.all/18/19/asset-3031819.jpg",
    "squareImage": "https://static.colruytgroup.com/images/500x500sq/std.lang.all/18/19/asset-3031819.jpg",
    "content": "180g",
    "walkRouteSequenceNumber": 5891,
    "price": {
      "basicPrice": 0.59,
      "recommendedQuantity": "1.0",
      "measurementUnitPrice": 3.28,
      "measurementUnit": "K",
      "isRedPrice": false,
      "pricePerUOM": 3.28,
      "activationDate": "22-03-2024",
      "recordSource": "Offline",
      "isPromoActive": "N",
      "priceChangeCode": "H"
    },
    "isAvailable": true,
    "isPriceAvailable": true,
    "inPromo": false,
    "gtin": [
      "15400141979128",
      "05400141414691",
      "15400141238560",
      "05400141293852",
      "05400141238563",
      "05400141154979",
      "15400141293859"
    ],
    "topCategoryName": "Zuivel",
    "topCategoryId": "65",
    "businessDomain": "RETAIL_BE",
    "IsPrivateLabel": true,
    "IsBiffe": false,
    "WeightconversionFactor": "0",
    "IsWeightArticle": false,
    "nutriscoreLabel": "B",
    "IsBio": false,
    "CountryOfOrigin": "FRANKRIJK",
    "IsExclusivelySoldInLuxembourg": false,
    "OrderUnit": "P",
    "ShortName": "BONI KAAS KERS 180G",
    "IsNew": false,
    "EcoscoreLabel": "A",
    "RecentQuanityOfStockUnits": "8,1",
    "LongName": "BONI verse kaas kers 180g",
    "AlcoholVolume": "0",
    "FicCode": "I",
    "EcoscoreValue": "100"
  },
  {
    "productId": "42677",
    "technicalArticleNumber": "2489676",
    "commercialArticleNumber": "39461",
    "name": "Dessert Chocolade",
    "brand": "NESTLÉ",
    "seoBrand": "Nestlé Le Viennois",
    "thumbNail": "https://static.colruytgroup.com/images/200x200/std.lang.all/21/93/asset-1492193.jpg",
    "fullImage": "https://static.colruytgroup.com/images/500x500/std.lang.all/21/93/asset-1492193.jpg",
    "squareImage": "https://static.colruytgroup.com/images/500x500sq/std.lang.all/21/93/asset-1492193.jpg",
    "content": "4x100g",
    "walkRouteSequenceNumber": 5944,
    "price": {
      "basicPrice": 2.99,
      "recommendedQuantity": "1.0",
      "measurementUnitPrice": 7.48,
      "measurementUnit": "K",
      "isRedPrice": false,
      "pricePerUOM": 7.48,
      "activationDate": "12-03-2024",
      "recordSource": "Offline",
      "isPromoActive": "N",
      "priceChangeCode": "H"
    },
    "isAvailable": true,
    "isPriceAvailable": true,
    "inPromo": false,
    "gtin": [
      "03023290050378",
      "03023291170860",
      "03023290170069",
      "03023290021156"
    ],
    "topCategoryName": "Zuivel",
    "topCategoryId": "65",
    "businessDomain": "RETAIL_BE",
    "IsPrivateLabel": false,
    "IsBiffe": false,
    "WeightconversionFactor": "0",
    "IsWeightArticle": false,
    "nutriscoreLabel": "C",
    "IsBio": false,
    "CountryOfOrigin": "FRANKRIJK",
    "IsExclusivelySoldInLuxembourg": false,
    "OrderUnit": "P",
    "ShortName": "NES VIENN CHOCO 4X100G",
    "IsNew": false,
    "RecentQuanityOfStockUnits": "1",
    "LongName": "NESTLÉ Dessert Chocolade 4x100g",
    "AlcoholVolume": "0",
    "FicCode": "E"
  },
  {
    "productId": "2072",
    "technicalArticleNumber": "26566",
    "commercialArticleNumber": "26566",
    "name": "camembert 8 porties",
    "description": "*Frankrijk\n*Zachte kaas\n*Witschimmelkorst\n*Romig, vol",
    "brand": "PRÉSIDENT",
    "seoBrand": "Président",
    "thumbNail": "https://static.colruytgroup.com/images/200x200/std.lang.all/91/98/asset-349198.jpg",
    "fullImage": "https://static.colruytgroup.com/images/500x500/std.lang.all/91/98/asset-349198.jpg",
    "squareImage": "https://static.colruytgroup.com/images/500x500sq/std.lang.all/91/98/asset-349198.jpg",
    "content": "250g",
    "walkRouteSequenceNumber": 4935,
    "price": {
      "basicPrice": 5.09,
      "recommendedQuantity": "1.0",
      "measurementUnitPrice": 20.36,
      "measurementUnit": "K",
      "isRedPrice": false,
      "pricePerUOM": 20.36,
      "activationDate": "23-02-2024",
      "recordSource": "Offline",
      "isPromoActive": "N",
      "priceChangeCode": "H"
    },
    "isAvailable": true,
    "isPriceAvailable": true,
    "inPromo": false,
    "gtin": [
      "03228023920090",
      "03228025001346",
      "03228020481464"
    ],
    "topCategoryName": "Zuivel",
    "topCategoryId": "65",
    "businessDomain": "RETAIL_BE",
    "IsPrivateLabel": false,
    "IsBiffe": false,
    "WeightconversionFactor": "0",
    "IsWeightArticle": false,
    "nutriscoreLabel": "D",
    "IsBio": false,
    "CountryOfOrigin": "FRANKRIJK",
    "IsExclusivelySoldInLuxembourg": false,
    "OrderUnit": "P",
    "ShortName": "PRESID CAMEMB 8PORT250G",
    "IsNew": false,
    "EcoscoreLabel": "D",
    "RecentQuanityOfStockUnits": "1",
    "LongName": "PRÉSIDENT camembert 8 porties 250g",
    "AlcoholVolume": "0",
    "FicCode": "E",
    "EcoscoreValue": "34"
  },
  {
    "productId": "584909",
    "technicalArticleNumber": "4240261",
    "commercialArticleNumber": "19376",
    "name": "verse kaas romige melk",
    "description": "*Frankrijk\n*Roomkaas met\nmelkroom\ngesmolten\n*29% VG",
    "brand": "KIRI",
    "seoBrand": "Kiri",
    "thumbNail": "https://static.colruytgroup.com/images/200x200/std.lang.all/49/19/asset-2084919.jpg",
    "fullImage": "https://static.colruytgroup.com/images/500x500/std.lang.all/49/19/asset-2084919.jpg",
    "squareImage": "https://static.colruytgroup.com/images/500x500sq/std.lang.all/49/19/asset-2084919.jpg",
    "content": "12x18g",
    "walkRouteSequenceNumber": 4898,
    "price": {
      "basicPrice": 6.37,
      "recommendedQuantity": "1.0",
      "measurementUnitPrice": 29.5,
      "measurementUnit": "K",
      "isRedPrice": false,
      "pricePerUOM": 29.5,
      "activationDate": "13-03-2024",
      "recordSource": "Offline",
      "isPromoActive": "N",
      "priceChangeCode": "H"
    },
    "isAvailable": true,
    "isPriceAvailable": true,
    "inPromo": false,
    "gtin": [
      "03073781131925",
      "03073781131932"
    ],
    "topCategoryName": "Zuivel",
    "topCategoryId": "65",
    "businessDomain": "RETAIL_BE",
    "IsPrivateLabel": false,
    "IsBiffe": false,
    "WeightconversionFactor": "0",
    "IsWeightArticle": false,
    "nutriscoreLabel": "D",
    "IsBio": false,
    "CountryOfOrigin": "FRANKRIJK",
    "IsExclusivelySoldInLuxembourg": false,
    "OrderUnit": "P",
    "ShortName": "KIRI ROOM 12P 216G",
    "IsNew": false,
    "EcoscoreLabel": "B",
    "RecentQuanityOfStockUnits": "1",
    "LongName": "KIRI verse kaas romige melk 12x18g",
    "FicCode": "E",
    "EcoscoreValue": "67"
  },
  {
    "productId": "20025",
    "technicalArticleNumber": "2236909",
    "commercialArticleNumber": "26014",
    "name": "gouda sneetjes",
    "description": "*Halfharde kaas\n*Jong\n*Zonder lactose",
    "brand": "DILEA ZERO LACTOSE",
    "seoBrand": "Dilea Zero Lactose",
    "thumbNail": "https://static.colruytgroup.com/images/200x200/std.lang.all/27/62/asset-3362762.jpg",
    "fullImage": "https://static.colruytgroup.com/images/500x500/std.lang.all/27/62/asset-3362762.jpg",
    "squareImage": "https://static.colruytgroup.com/images/500x500sq/std.lang.all/27/62/asset-3362762.jpg",
    "content": "150g",
    "walkRouteSequenceNumber": 6172,
    "price": {
      "basicPrice": 4.25,
      "recommendedQuantity": "1.0",
      "measurementUnitPrice": 28.34,
      "measurementUnit": "K",
      "isRedPrice": false,
      "pricePerUOM": 28.34,
      "activationDate": "13-03-2024",
      "isPromoActive": "Y",
      "priceChangeCode": "E"
    },
    "isAvailable": true,
    "isPriceAvailable": true,
    "inPromo": true,
    "promotion": [
      {
        "techPromoId": "100827COLR",
        "promotionId": "100827",
        "promotionType": "3",
        "isPersonalized": "N",
        "publicationStartDate": "13-03-2024",
        "publicationEndDate": "26-03-2024"
      }
    ],
    "gtin": [
      "15410298059802",
      "05410298059805"
    ],
    "topCategoryName": "Zuivel",
    "topCategoryId": "65",
    "businessDomain": "RETAIL_BE",
    "IsPrivateLabel": false,
    "IsBiffe": false,
    "WeightconversionFactor": "0",
    "IsWeightArticle": false,
    "IsBio": false,
    "CountryOfOrigin": "FINLAND",
    "IsExclusivelySoldInLuxembourg": false,
    "OrderUnit": "P",
    "ShortName": "DILEA ZERO LACT.GOUD150",
    "InSeason": true,
    "IsNew": false,
    "EcoscoreLabel": "D",
    "RecentQuanityOfStockUnits": "1",
    "LongName": "DILEA ZERO LACTOSE gouda sneetjes 150g",
    "AlcoholVolume": "0",
    "StartSeasonDate": "15/10/2009",
    "FicCode": "E",
    "EcoscoreValue": "28"
  },
  {
    "productId": "872495",
    "technicalArticleNumber": "4726848",
    "commercialArticleNumber": "20436",
    "name": "Gran moravia geraspt",
    "brand": "BRAZZALE",
    "seoBrand": "Brazzale",
    "thumbNail": "https://static.colruytgroup.com/images/200x200/std.lang.all/00/18/asset-3340018.jpg",
    "fullImage": "https://static.colruytgroup.com/images/500x500/std.lang.all/00/18/asset-3340018.jpg",
    "squareImage": "https://static.colruytgroup.com/images/500x500sq/std.lang.all/00/18/asset-3340018.jpg",
    "content": "100g",
    "walkRouteSequenceNumber": 5616,
    "price": {
      "basicPrice": 1.59,
      "recommendedQuantity": "1.0",
      "measurementUnitPrice": 15.9,
      "measurementUnit": "K",
      "isRedPrice": false,
      "pricePerUOM": 15.9,
      "activationDate": "12-03-2024",
      "isPromoActive": "N",
      "priceChangeCode": "H"
    },
    "isAvailable": true,
    "isPriceAvailable": true,
    "inPromo": false,
    "gtin": [
      "08032618610465"
    ],
    "topCategoryName": "Zuivel",
    "topCategoryId": "65",
    "businessDomain": "RETAIL_BE",
    "IsPrivateLabel": false,
    "IsBiffe": false,
    "WeightconversionFactor": "0",
    "IsWeightArticle": false,
    "IsBio": false,
    "CountryOfOrigin": "ITALIË",
    "IsExclusivelySoldInLuxembourg": false,
    "OrderUnit": "P",
    "ShortName": "BRAZ GRMORAVIA GER.100G",
    "IsNew": false,
    "RecentQuanityOfStockUnits": "1,10",
    "LongName": "BRAZZALE Gran moravia geraspt 100g",
    "FicCode": "E"
  },
  {
    "productId": "2129",
    "technicalArticleNumber": "26710",
    "commercialArticleNumber": "26710",
    "name": "karneboter ongezouten",
    "description": "*Melkerijboter\n*Vetgehalte: 82,5 %\n*Ongezouten\n*Belgisch",
    "brand": "CARLSBOURG",
    "seoBrand": "Carlsbourg",
    "thumbNail": "https://static.colruytgroup.com/images/200x200/std.lang.all/29/38/asset-702938.jpg",
    "fullImage": "https://static.colruytgroup.com/images/500x500/std.lang.all/29/38/asset-702938.jpg",
    "squareImage": "https://static.colruytgroup.com/images/500x500sq/std.lang.all/29/38/asset-702938.jpg",
    "content": "250g",
    "walkRouteSequenceNumber": 6145,
    "price": {
      "basicPrice": 3.99,
      "recommendedQuantity": "1.0",
      "measurementUnitPrice": 15.96,
      "measurementUnit": "K",
      "isRedPrice": false,
      "pricePerUOM": 15.96,
      "activationDate": "05-01-2024",
      "recordSource": "Offline",
      "isPromoActive": "N",
      "priceChangeCode": "E"
    },
    "isAvailable": true,
    "isPriceAvailable": true,
    "inPromo": false,
    "gtin": [
      "05411156000403",
      "05411156000564"
    ],
    "topCategoryName": "Zuivel",
    "topCategoryId": "65",
    "businessDomain": "RETAIL_BE",
    "IsPrivateLabel": false,
    "IsBiffe": false,
    "WeightconversionFactor": "0",
    "IsWeightArticle": false,
    "nutriscoreLabel": "E",
    "IsBio": false,
    "CountryOfOrigin": "BELGIË",
    "IsExclusivelySoldInLuxembourg": false,
    "OrderUnit": "P",
    "ShortName": "CARLSB KARNEBOTER 250G",
    "IsNew": false,
    "RecentQuanityOfStockUnits": "1,20",
    "LongName": "CARLSBOURG karneboter ongezouten 250g",
    "AlcoholVolume": "0",
    "FicCode": "E"
  },
  {
    "productId": "101846",
    "technicalArticleNumber": "3104188",
    "commercialArticleNumber": "43459",
    "name": "blauwe bosbes/kers",
    "description": "*Plantaardig\nalternatief\nvoor yoghurt",
    "brand": "ALPRO",
    "seoBrand": "Alpro",
    "thumbNail": "https://static.colruytgroup.com/images/200x200/std.lang.all/64/54/asset-3376454.jpg",
    "fullImage": "https://static.colruytgroup.com/images/500x500/std.lang.all/64/54/asset-3376454.jpg",
    "squareImage": "https://static.colruytgroup.com/images/500x500sq/std.lang.all/64/54/asset-3376454.jpg",
    "content": "4x125g",
    "walkRouteSequenceNumber": 5862,
    "price": {
      "basicPrice": 3.65,
      "recommendedQuantity": "1.0",
      "measurementUnitPrice": 7.3,
      "measurementUnit": "K",
      "isRedPrice": false,
      "pricePerUOM": 7.3,
      "activationDate": "15-03-2024",
      "recordSource": "Offline",
      "isPromoActive": "N",
      "priceChangeCode": "L"
    },
    "isAvailable": true,
    "isPriceAvailable": true,
    "inPromo": false,
    "gtin": [
      "05411188107064",
      "05411188106852",
      "05400141118452"
    ],
    "topCategoryName": "Zuivel",
    "topCategoryId": "65",
    "businessDomain": "RETAIL_BE",
    "IsPrivateLabel": false,
    "IsBiffe": false,
    "WeightconversionFactor": "0",
    "IsWeightArticle": false,
    "nutriscoreLabel": "A",
    "IsBio": false,
    "CountryOfOrigin": "BELGIË",
    "IsExclusivelySoldInLuxembourg": false,
    "OrderUnit": "P",
    "ShortName": "ALPRO KERS-BL.BOSB4X125",
    "IsNew": false,
    "EcoscoreLabel": "A",
    "RecentQuanityOfStockUnits": "1,6",
    "LongName": "ALPRO blauwe bosbes/kers 4x125g",
    "AlcoholVolume": "0",
    "FicCode": "E",
    "EcoscoreValue": "88"
  },
  {
    "productId": "853321",
    "technicalArticleNumber": "4701832",
    "commercialArticleNumber": "31161",
    "name": "Duo chocol. mousse",
    "description": "* witte en donkere\nchocolade mousse",
    "brand": "HOMEMADE DESSERTS",
    "seoBrand": "Homemade Desserts",
    "thumbNail": "https://static.colruytgroup.com/images/200x200/std.lang.all/38/66/asset-3343866.jpg",
    "fullImage": "https://static.colruytgroup.com/images/500x500/std.lang.all/38/66/asset-3343866.jpg",
    "squareImage": "https://static.colruytgroup.com/images/500x500sq/std.lang.all/38/66/asset-3343866.jpg",
    "content": "80g",
    "walkRouteSequenceNumber": 5924,
    "price": {
      "basicPrice": 2.09,
      "recommendedQuantity": "1.0",
      "measurementUnitPrice": 26.13,
      "measurementUnit": "K",
      "isRedPrice": false,
      "pricePerUOM": 26.13,
      "activationDate": "13-12-2023",
      "isPromoActive": "N",
      "priceChangeCode": "E"
    },
    "isAvailable": true,
    "isPriceAvailable": true,
    "inPromo": false,
    "gtin": [
      "05404036410270"
    ],
    "topCategoryName": "Zuivel",
    "topCategoryId": "65",
    "businessDomain": "RETAIL_BE",
    "IsPrivateLabel": false,
    "IsBiffe": false,
    "WeightconversionFactor": "0",
    "IsWeightArticle": false,
    "IsBio": false,
    "CountryOfOrigin": "BELGIË",
    "IsExclusivelySoldInLuxembourg": false,
    "OrderUnit": "P",
    "ShortName": "HODE DU.CHOC.MOUS80G",
    "IsNew": false,
    "EcoscoreLabel": "D",
    "RecentQuanityOfStockUnits": "1,6",
    "LongName": "HOMEMADE DESSERTS Duo chocol. mousse 80g",
    "FicCode": "E",
    "EcoscoreValue": "22"
  },
  {
    "productId": "749607",
    "technicalArticleNumber": "4520931",
    "commercialArticleNumber": "16492",
    "name": "culinaire room 20%vg PET",
    "description": "*Vetgehalte: 20 %\n*Romige toets in\nsoep, aardappelen en\nnagerechten/saus\ninkoken",
    "brand": "BALADE",
    "seoBrand": "Balade",
    "thumbNail": "https://static.colruytgroup.com/images/200x200/nl_be/28/93/asset-2662893.jpg",
    "fullImage": "https://static.colruytgroup.com/images/500x500/nl_be/28/93/asset-2662893.jpg",
    "squareImage": "https://static.colruytgroup.com/images/500x500sq/nl_be/28/93/asset-2662893.jpg",
    "content": "25cl",
    "walkRouteSequenceNumber": 5996,
    "price": {
      "basicPrice": 2.49,
      "recommendedQuantity": "1.0",
      "measurementUnitPrice": 9.96,
      "measurementUnit": "L",
      "isRedPrice": false,
      "pricePerUOM": 9.96,
      "activationDate": "12-03-2024",
      "recordSource": "Offline",
      "isPromoActive": "N",
      "priceChangeCode": "E"
    },
    "isAvailable": true,
    "isPriceAvailable": true,
    "inPromo": false,
    "gtin": [
      "05411396038419",
      "05411396035791",
      "05411396038402",
      "05411396035784"
    ],
    "topCategoryName": "Zuivel",
    "topCategoryId": "65",
    "businessDomain": "RETAIL_BE",
    "IsPrivateLabel": false,
    "IsBiffe": false,
    "WeightconversionFactor": "0",
    "IsWeightArticle": false,
    "nutriscoreLabel": "D",
    "IsBio": false,
    "CountryOfOrigin": "FRANKRIJK",
    "IsExclusivelySoldInLuxembourg": false,
    "OrderUnit": "P",
    "ShortName": "BALADE ROOM 25CL",
    "IsNew": false,
    "RecentQuanityOfStockUnits": "2,1,12",
    "LongName": "BALADE culinaire room 20%vg PET 25cl",
    "FicCode": "E"
  },
  {
    "productId": "88356",
    "technicalArticleNumber": "3021243",
    "commercialArticleNumber": "18357",
    "name": "aard/abr/kiwi/man",
    "description": "*Met stukjes fruit",
    "brand": "ACTIVIA",
    "seoBrand": "Activia",
    "thumbNail": "https://static.colruytgroup.com/images/200x200/std.lang.all/64/38/asset-3376438.jpg",
    "fullImage": "https://static.colruytgroup.com/images/500x500/std.lang.all/64/38/asset-3376438.jpg",
    "squareImage": "https://static.colruytgroup.com/images/500x500sq/std.lang.all/64/38/asset-3376438.jpg",
    "content": "8x125g",
    "walkRouteSequenceNumber": 5767,
    "price": {
      "basicPrice": 5.69,
      "recommendedQuantity": "1.0",
      "measurementUnitPrice": 5.69,
      "measurementUnit": "K",
      "isRedPrice": false,
      "pricePerUOM": 5.69,
      "activationDate": "13-03-2024",
      "recordSource": "Offline",
      "isPromoActive": "N",
      "priceChangeCode": "H"
    },
    "isAvailable": true,
    "isPriceAvailable": true,
    "inPromo": false,
    "gtin": [
      "05410146413193",
      "05410146417832",
      "15410146417839",
      "15410146413190"
    ],
    "topCategoryName": "Zuivel",
    "topCategoryId": "65",
    "businessDomain": "RETAIL_BE",
    "IsPrivateLabel": false,
    "IsBiffe": false,
    "WeightconversionFactor": "0",
    "IsWeightArticle": false,
    "nutriscoreLabel": "B",
    "IsBio": false,
    "CountryOfOrigin": "FRANKRIJK",
    "IsExclusivelySoldInLuxembourg": false,
    "OrderUnit": "P",
    "ShortName": "DAN ACT AARD-KIW 8X125G",
    "InSeason": true,
    "IsNew": false,
    "EcoscoreLabel": "A",
    "RecentQuanityOfStockUnits": "1",
    "LongName": "ACTIVIA aard/abr/kiwi/man 8x125g",
    "AlcoholVolume": "0",
    "StartSeasonDate": "19/04/2019",
    "FicCode": "E",
    "EcoscoreValue": "86"
  },
  {
    "productId": "18163",
    "technicalArticleNumber": "1727311",
    "commercialArticleNumber": "33341",
    "name": "smeerkaas light",
    "description": "*Smeerkaas\n*Smaakvol\n*Abs. V.G.: 7 %",
    "brand": "MAREDSOUS",
    "seoBrand": "Maredsous",
    "thumbNail": "https://static.colruytgroup.com/images/200x200/std.lang.all/26/56/asset-2282656.jpg",
    "fullImage": "https://static.colruytgroup.com/images/500x500/std.lang.all/26/56/asset-2282656.jpg",
    "squareImage": "https://static.colruytgroup.com/images/500x500sq/std.lang.all/26/56/asset-2282656.jpg",
    "content": "250g",
    "walkRouteSequenceNumber": 6130,
    "price": {
      "basicPrice": 5.36,
      "recommendedQuantity": "1.0",
      "measurementUnitPrice": 21.44,
      "measurementUnit": "K",
      "isRedPrice": false,
      "pricePerUOM": 21.44,
      "activationDate": "13-03-2024",
      "recordSource": "Offline",
      "isPromoActive": "N",
      "priceChangeCode": "H"
    },
    "isAvailable": true,
    "isPriceAvailable": true,
    "inPromo": false,
    "gtin": [
      "03073780966672",
      "03073780966740",
      "03073780959582"
    ],
    "topCategoryName": "Zuivel",
    "topCategoryId": "65",
    "businessDomain": "RETAIL_BE",
    "IsPrivateLabel": false,
    "IsBiffe": false,
    "WeightconversionFactor": "0",
    "IsWeightArticle": false,
    "nutriscoreLabel": "D",
    "IsBio": false,
    "CountryOfOrigin": "SLOWAKIJE",
    "IsExclusivelySoldInLuxembourg": false,
    "OrderUnit": "P",
    "ShortName": "MDS LIGHT KUIPJE 250GR",
    "IsNew": false,
    "EcoscoreLabel": "D",
    "RecentQuanityOfStockUnits": "1,4",
    "LongName": "MAREDSOUS smeerkaas light 250g",
    "AlcoholVolume": "0",
    "FicCode": "E",
    "EcoscoreValue": "39"
  },
  {
    "productId": "673395",
    "technicalArticleNumber": "4388017",
    "commercialArticleNumber": "5061",
    "name": "Yoghurt 0% natuur",
    "description": "*Melkspecialiteit\nnatuur\n*0% vet",
    "brand": "OIKOS",
    "seoBrand": "Oikos",
    "thumbNail": "https://static.colruytgroup.com/images/200x200/std.lang.all/97/26/asset-2369726.jpg",
    "fullImage": "https://static.colruytgroup.com/images/500x500/std.lang.all/97/26/asset-2369726.jpg",
    "squareImage": "https://static.colruytgroup.com/images/500x500sq/std.lang.all/97/26/asset-2369726.jpg",
    "content": "480g",
    "walkRouteSequenceNumber": 5896,
    "price": {
      "basicPrice": 3.49,
      "recommendedQuantity": "1.0",
      "quantityPrice": 1.77,
      "quantityPriceQuantity": "2.0",
      "measurementUnitPrice": 7.28,
      "measurementUnitQuantityPrice": 3.69,
      "measurementUnit": "K",
      "isRedPrice": false,
      "pricePerUOM": 7.28,
      "activationDate": "19-03-2024",
      "recordSource": "Offline",
      "isPromoActive": "N",
      "priceChangeCode": "E",
      "quantityPricePerUOM": 3.69,
      "quantityActivationDate": "19-03-2024",
      "quantityPriceChangeCode": "L"
    },
    "isAvailable": true,
    "isPriceAvailable": true,
    "inPromo": false,
    "gtin": [
      "35410146419707",
      "05410146419706"
    ],
    "topCategoryName": "Zuivel",
    "topCategoryId": "65",
    "businessDomain": "RETAIL_BE",
    "IsPrivateLabel": false,
    "IsBiffe": false,
    "WeightconversionFactor": "0",
    "IsWeightArticle": false,
    "nutriscoreLabel": "A",
    "IsBio": false,
    "CountryOfOrigin": "FRANKRIJK",
    "IsExclusivelySoldInLuxembourg": false,
    "OrderUnit": "P",
    "ShortName": "DANO OIK YOGH 0 NAT480G",
    "IsNew": false,
    "EcoscoreLabel": "A",
    "RecentQuanityOfStockUnits": "1",
    "LongName": "OIKOS Yoghurt 0% natuur 480g",
    "FicCode": "E",
    "EcoscoreValue": "100"
  },
  {
    "productId": "870403",
    "technicalArticleNumber": "4724015",
    "commercialArticleNumber": "22387",
    "name": "Verse kaas stracciatella",
    "brand": "DANIO",
    "seoBrand": "Danio",
    "thumbNail": "https://static.colruytgroup.com/images/200x200/std.lang.all/66/38/asset-3376638.jpg",
    "fullImage": "https://static.colruytgroup.com/images/500x500/std.lang.all/66/38/asset-3376638.jpg",
    "squareImage": "https://static.colruytgroup.com/images/500x500sq/std.lang.all/66/38/asset-3376638.jpg",
    "content": "165g",
    "walkRouteSequenceNumber": 5873,
    "price": {
      "basicPrice": 1.49,
      "recommendedQuantity": "1.0",
      "measurementUnitPrice": 9.04,
      "measurementUnit": "K",
      "isRedPrice": false,
      "pricePerUOM": 9.04,
      "activationDate": "13-03-2024",
      "recordSource": "Offline",
      "isPromoActive": "N",
      "priceChangeCode": "H"
    },
    "isAvailable": true,
    "isPriceAvailable": true,
    "inPromo": false,
    "gtin": [
      "05410146421051"
    ],
    "topCategoryName": "Zuivel",
    "topCategoryId": "65",
    "businessDomain": "RETAIL_BE",
    "IsPrivateLabel": false,
    "IsBiffe": false,
    "WeightconversionFactor": "0",
    "IsWeightArticle": false,
    "nutriscoreLabel": "C",
    "IsBio": false,
    "CountryOfOrigin": "FRANKRIJK",
    "IsExclusivelySoldInLuxembourg": false,
    "OrderUnit": "P",
    "ShortName": "DANI V.KAAS STRACC.165G",
    "IsNew": false,
    "EcoscoreLabel": "D",
    "RecentQuanityOfStockUnits": "1",
    "LongName": "DANIO Verse kaas stracciatella 165g",
    "FicCode": "E",
    "EcoscoreValue": "39"
  },
  {
    "productId": "2148",
    "technicalArticleNumber": "26770",
    "commercialArticleNumber": "26770",
    "name": "kaas gouda oud blok",
    "description": "*Nederland\n*Harde kaas\n*Pittig\n*Oud",
    "brand": "OLD AMSTERDAM",
    "seoBrand": "Old Amsterdam",
    "thumbNail": "https://static.colruytgroup.com/images/200x200/std.lang.all/31/57/asset-1043157.jpg",
    "fullImage": "https://static.colruytgroup.com/images/500x500/std.lang.all/31/57/asset-1043157.jpg",
    "squareImage": "https://static.colruytgroup.com/images/500x500sq/std.lang.all/31/57/asset-1043157.jpg",
    "content": "±440g",
    "walkRouteSequenceNumber": 6168,
    "price": {
      "basicPrice": 18.73,
      "recommendedQuantity": "0.4",
      "unit": "K",
      "measurementUnitPrice": 18.73,
      "measurementUnit": "K",
      "isRedPrice": false,
      "pricePerUOM": 18.73,
      "activationDate": "20-03-2024",
      "recordSource": "Folder",
      "isPromoActive": "N",
      "priceChangeCode": "L"
    },
    "isAvailable": true,
    "isPriceAvailable": true,
    "inPromo": true,
    "promotion": [
      {
        "techPromoId": "100971COLR",
        "promotionId": "100971",
        "promotionType": "3",
        "isPersonalized": "N",
        "publicationStartDate": "13-03-2024",
        "publicationEndDate": "26-03-2024"
      }
    ],
    "gtin": [
      "05400141796698",
      "95400141796691",
      "05400141267709",
      "05400141023794",
      "95400141023797",
      "95400141267702",
      "95400141461711"
    ],
    "topCategoryName": "Zuivel",
    "topCategoryId": "65",
    "businessDomain": "RETAIL_BE",
    "IsPrivateLabel": false,
    "IsBiffe": false,
    "WeightconversionFactor": "440",
    "IsWeightArticle": true,
    "nutriscoreLabel": "D",
    "IsBio": false,
    "CountryOfOrigin": "NEDERLAND",
    "IsExclusivelySoldInLuxembourg": false,
    "OrderUnit": "P",
    "ShortName": "OLD AMSTERDAM BL+-440GW",
    "IsNew": false,
    "EcoscoreLabel": "D",
    "RecentQuanityOfStockUnits": "1",
    "LongName": "OLD AMSTERDAM kaas gouda oud blok ±440g",
    "AlcoholVolume": "0",
    "FicCode": "I",
    "EcoscoreValue": "28"
  },
  {
    "productId": "152335",
    "technicalArticleNumber": "3287083",
    "commercialArticleNumber": "34324",
    "name": "yoghurt 0%vg perzik",
    "description": "*Mager\n*Gesuikerd\n*Met aroma's\n*Extra bevorderend\nvoor de darmflora",
    "brand": "ACTIVIA",
    "seoBrand": "Danone Activia",
    "thumbNail": "https://static.colruytgroup.com/images/200x200/std.lang.all/63/52/asset-2356352.jpg",
    "fullImage": "https://static.colruytgroup.com/images/500x500/std.lang.all/63/52/asset-2356352.jpg",
    "squareImage": "https://static.colruytgroup.com/images/500x500sq/std.lang.all/63/52/asset-2356352.jpg",
    "content": "4x125g",
    "walkRouteSequenceNumber": 5764,
    "price": {
      "basicPrice": 2.69,
      "recommendedQuantity": "1.0",
      "quantityPrice": 1.5,
      "quantityPriceQuantity": "2.0",
      "measurementUnitPrice": 5.38,
      "measurementUnitQuantityPrice": 3,
      "measurementUnit": "K",
      "isRedPrice": false,
      "pricePerUOM": 5.38,
      "activationDate": "18-03-2024",
      "recordSource": "Offline",
      "isPromoActive": "Y",
      "priceChangeCode": "E",
      "quantityPricePerUOM": 3,
      "quantityActivationDate": "18-03-2024",
      "quantityPriceChangeCode": "L"
    },
    "isAvailable": true,
    "isPriceAvailable": true,
    "inPromo": false,
    "gtin": [
      "03033491117084",
      "05410146419225",
      "15410146419222"
    ],
    "topCategoryName": "Zuivel",
    "topCategoryId": "65",
    "businessDomain": "RETAIL_BE",
    "IsPrivateLabel": false,
    "IsBiffe": false,
    "WeightconversionFactor": "0",
    "IsWeightArticle": false,
    "nutriscoreLabel": "A",
    "IsBio": false,
    "CountryOfOrigin": "FRANKRIJK",
    "IsExclusivelySoldInLuxembourg": false,
    "OrderUnit": "P",
    "ShortName": "DAN ACT 0PC PERZ 4X125G",
    "IsNew": false,
    "EcoscoreLabel": "A",
    "RecentQuanityOfStockUnits": "1",
    "LongName": "ACTIVIA yoghurt 0%vg perzik 4x125g",
    "AlcoholVolume": "0",
    "FicCode": "E",
    "EcoscoreValue": "87"
  },
  {
    "productId": "325924",
    "technicalArticleNumber": "3781321",
    "commercialArticleNumber": "40147",
    "name": "yoghurt vol natuur",
    "description": "*Vol\n*Biologisch",
    "brand": "BONI BIO",
    "seoBrand": "Boni Selection Bio",
    "thumbNail": "https://static.colruytgroup.com/images/200x200/std.lang.all/18/23/asset-3031823.jpg",
    "fullImage": "https://static.colruytgroup.com/images/500x500/std.lang.all/18/23/asset-3031823.jpg",
    "squareImage": "https://static.colruytgroup.com/images/500x500sq/std.lang.all/18/23/asset-3031823.jpg",
    "content": "1kg",
    "walkRouteSequenceNumber": 5721,
    "price": {
      "basicPrice": 1.99,
      "recommendedQuantity": "1.0",
      "measurementUnitPrice": 1.99,
      "measurementUnit": "K",
      "isRedPrice": false,
      "pricePerUOM": 1.99,
      "activationDate": "04-10-2023",
      "recordSource": "Offline",
      "isPromoActive": "N",
      "priceChangeCode": "H"
    },
    "isAvailable": true,
    "isPriceAvailable": true,
    "inPromo": false,
    "gtin": [
      "05400141187496",
      "15400141367932",
      "15400141194767",
      "15400141187493",
      "05400141367935",
      "05400141194760"
    ],
    "topCategoryName": "Zuivel",
    "topCategoryId": "65",
    "businessDomain": "RETAIL_BE",
    "IsPrivateLabel": true,
    "IsBiffe": false,
    "WeightconversionFactor": "0",
    "IsWeightArticle": false,
    "nutriscoreLabel": "B",
    "IsBio": true,
    "CountryOfOrigin": "BELGIË",
    "IsExclusivelySoldInLuxembourg": false,
    "OrderUnit": "P",
    "ShortName": "BONI BIO YOGH VOL 1KG",
    "IsNew": false,
    "EcoscoreLabel": "A",
    "RecentQuanityOfStockUnits": "1,6",
    "LongName": "BONI BIO yoghurt vol natuur 1kg",
    "AlcoholVolume": "0",
    "FicCode": "I",
    "EcoscoreValue": "100"
  },
  {
    "productId": "7949",
    "technicalArticleNumber": "1163524",
    "commercialArticleNumber": "26589",
    "name": "camembert crème",
    "description": "*Frankrijk\n*Gesmolten kaas\n*Romig, karaktervol",
    "brand": "PRÉSIDENT",
    "seoBrand": "Président",
    "thumbNail": "https://static.colruytgroup.com/images/200x200/std.lang.all/53/46/asset-365346.jpg",
    "fullImage": "https://static.colruytgroup.com/images/500x500/std.lang.all/53/46/asset-365346.jpg",
    "squareImage": "https://static.colruytgroup.com/images/500x500sq/std.lang.all/53/46/asset-365346.jpg",
    "content": "125g",
    "walkRouteSequenceNumber": 6124,
    "price": {
      "basicPrice": 3.49,
      "recommendedQuantity": "1.0",
      "measurementUnitPrice": 27.92,
      "measurementUnit": "K",
      "isRedPrice": false,
      "pricePerUOM": 27.92,
      "activationDate": "21-03-2024",
      "recordSource": "Offline",
      "isPromoActive": "N",
      "priceChangeCode": "H"
    },
    "isAvailable": true,
    "isPriceAvailable": true,
    "inPromo": false,
    "gtin": [
      "03228025023676",
      "03228021000145",
      "03228025183660"
    ],
    "topCategoryName": "Zuivel",
    "topCategoryId": "65",
    "businessDomain": "RETAIL_BE",
    "IsPrivateLabel": false,
    "IsBiffe": false,
    "WeightconversionFactor": "0",
    "IsWeightArticle": false,
    "nutriscoreLabel": "D",
    "IsBio": false,
    "CountryOfOrigin": "FRANKRIJK",
    "IsExclusivelySoldInLuxembourg": false,
    "OrderUnit": "P",
    "ShortName": "PRES CREME CAMEMBERT125",
    "InSeason": true,
    "IsNew": false,
    "EcoscoreLabel": "D",
    "RecentQuanityOfStockUnits": "1",
    "LongName": "PRÉSIDENT camembert crème 125g",
    "AlcoholVolume": "0",
    "StartSeasonDate": "09/02/2005",
    "FicCode": "E",
    "EcoscoreValue": "34"
  },
  {
    "productId": "870409",
    "technicalArticleNumber": "4724026",
    "commercialArticleNumber": "22614",
    "name": "kids aardbei banaan",
    "brand": "ACTIMEL",
    "seoBrand": "Actimel",
    "thumbNail": "https://static.colruytgroup.com/images/200x200/std.lang.all/27/68/asset-3362768.jpg",
    "fullImage": "https://static.colruytgroup.com/images/500x500/std.lang.all/27/68/asset-3362768.jpg",
    "squareImage": "https://static.colruytgroup.com/images/500x500sq/std.lang.all/27/68/asset-3362768.jpg",
    "content": "6x100g",
    "walkRouteSequenceNumber": 5691,
    "price": {
      "basicPrice": 3.99,
      "recommendedQuantity": "1.0",
      "measurementUnitPrice": 6.65,
      "measurementUnit": "K",
      "isRedPrice": false,
      "pricePerUOM": 6.65,
      "activationDate": "05-03-2024",
      "recordSource": "Offline",
      "isPromoActive": "N",
      "priceChangeCode": "E"
    },
    "isAvailable": true,
    "isPriceAvailable": true,
    "inPromo": false,
    "gtin": [
      "05410146421235"
    ],
    "topCategoryName": "Zuivel",
    "topCategoryId": "65",
    "businessDomain": "RETAIL_BE",
    "IsPrivateLabel": false,
    "IsBiffe": false,
    "WeightconversionFactor": "0",
    "IsWeightArticle": false,
    "nutriscoreLabel": "B",
    "IsBio": false,
    "CountryOfOrigin": "BELGIË",
    "IsExclusivelySoldInLuxembourg": false,
    "OrderUnit": "P",
    "ShortName": "ACTI AARD.BANA. 6X100G",
    "IsNew": false,
    "EcoscoreLabel": "B",
    "RecentQuanityOfStockUnits": "1",
    "LongName": "ACTIMEL kids aardbei banaan 6x100g",
    "FicCode": "E",
    "EcoscoreValue": "67"
  },
  {
    "productId": "712399",
    "technicalArticleNumber": "4454924",
    "commercialArticleNumber": "26672",
    "name": "extra gerijpt sneden",
    "description": "*België\n*Complexe smaak\n*gepasteuriseerde\nmelk\n*Korst niet eetbaar",
    "brand": "FLANDRIEN",
    "seoBrand": "FLANDRIEN",
    "thumbNail": "https://static.colruytgroup.com/images/200x200/std.lang.all/82/75/asset-2808275.jpg",
    "fullImage": "https://static.colruytgroup.com/images/500x500/std.lang.all/82/75/asset-2808275.jpg",
    "squareImage": "https://static.colruytgroup.com/images/500x500sq/std.lang.all/82/75/asset-2808275.jpg",
    "content": "200g",
    "walkRouteSequenceNumber": 6198,
    "price": {
      "basicPrice": 5.99,
      "recommendedQuantity": "1.0",
      "measurementUnitPrice": 29.95,
      "measurementUnit": "K",
      "isRedPrice": false,
      "pricePerUOM": 29.95,
      "activationDate": "13-03-2024",
      "isPromoActive": "Y",
      "priceChangeCode": "E"
    },
    "isAvailable": true,
    "isPriceAvailable": true,
    "inPromo": true,
    "promotion": [
      {
        "techPromoId": "100862COLR",
        "promotionId": "100862",
        "promotionType": "3",
        "isPersonalized": "N",
        "publicationStartDate": "13-03-2024",
        "publicationEndDate": "26-03-2024"
      }
    ],
    "gtin": [
      "05400141902198"
    ],
    "topCategoryName": "Zuivel",
    "topCategoryId": "65",
    "businessDomain": "RETAIL_BE",
    "IsPrivateLabel": false,
    "IsBiffe": false,
    "WeightconversionFactor": "0",
    "IsWeightArticle": false,
    "nutriscoreLabel": "D",
    "IsBio": false,
    "CountryOfOrigin": "BELGIË",
    "IsExclusivelySoldInLuxembourg": false,
    "OrderUnit": "P",
    "ShortName": "FLAN EXTR GERIJP SN200G",
    "IsNew": false,
    "EcoscoreLabel": "B",
    "RecentQuanityOfStockUnits": "1",
    "LongName": "FLANDRIEN extra gerijpt sneden 200g",
    "FicCode": "I",
    "EcoscoreValue": "62"
  },
  {
    "productId": "788699",
    "technicalArticleNumber": "4592829",
    "commercialArticleNumber": "29157",
    "name": "pizzadeeg",
    "description": "*Pizzadeeg dun\nen rond",
    "brand": "HERTA",
    "seoBrand": "Herta",
    "thumbNail": "https://static.colruytgroup.com/images/200x200/std.lang.all/40/87/asset-2954087.jpg",
    "fullImage": "https://static.colruytgroup.com/images/500x500/std.lang.all/40/87/asset-2954087.jpg",
    "squareImage": "https://static.colruytgroup.com/images/500x500sq/std.lang.all/40/87/asset-2954087.jpg",
    "content": "265g",
    "walkRouteSequenceNumber": 6050,
    "price": {
      "basicPrice": 2.59,
      "recommendedQuantity": "1.0",
      "measurementUnitPrice": 9.78,
      "measurementUnit": "K",
      "isRedPrice": false,
      "pricePerUOM": 9.78,
      "activationDate": "14-03-2024",
      "recordSource": "Offline",
      "isPromoActive": "Y",
      "priceChangeCode": "E"
    },
    "isAvailable": true,
    "isPriceAvailable": true,
    "inPromo": true,
    "promotion": [
      {
        "techPromoId": "100936COLR",
        "promotionId": "100936",
        "promotionType": "3",
        "isPersonalized": "N",
        "publicationStartDate": "13-03-2024",
        "publicationEndDate": "26-03-2024"
      }
    ],
    "gtin": [
      "03154230600572",
      "03154230600589"
    ],
    "topCategoryName": "Bereidingen/Charcuterie/Vis/Veggie",
    "topCategoryId": "105",
    "businessDomain": "RETAIL_BE",
    "IsPrivateLabel": false,
    "IsBiffe": false,
    "WeightconversionFactor": "0",
    "IsWeightArticle": false,
    "nutriscoreLabel": "B",
    "IsBio": false,
    "CountryOfOrigin": "ZWITSERLAND",
    "IsExclusivelySoldInLuxembourg": false,
    "OrderUnit": "P",
    "ShortName": "HERT PIZZA DEEG 265G",
    "IsNew": false,
    "RecentQuanityOfStockUnits": "1,8",
    "LongName": "HERTA pizzadeeg 265g",
    "FicCode": "E"
  },
  {
    "productId": "736943",
    "technicalArticleNumber": "4499201",
    "commercialArticleNumber": "27872",
    "name": "beemster jong beleg.blok",
    "description": "* Nederland,\n* Gepast. koemelk,\n*Niet eetbare korst",
    "brand": "BEEMSTER",
    "seoBrand": "Beemster",
    "thumbNail": "https://static.colruytgroup.com/images/200x200/std.lang.all/49/19/asset-2694919.jpg",
    "fullImage": "https://static.colruytgroup.com/images/500x500/std.lang.all/49/19/asset-2694919.jpg",
    "squareImage": "https://static.colruytgroup.com/images/500x500sq/std.lang.all/49/19/asset-2694919.jpg",
    "content": "±300g",
    "walkRouteSequenceNumber": 5669,
    "price": {
      "basicPrice": 15.85,
      "recommendedQuantity": "1.0",
      "unit": "K",
      "measurementUnitPrice": 15.85,
      "measurementUnit": "K",
      "isRedPrice": false,
      "pricePerUOM": 15.85,
      "activationDate": "17-02-2024",
      "isPromoActive": "N",
      "priceChangeCode": "E"
    },
    "isAvailable": true,
    "isPriceAvailable": true,
    "inPromo": false,
    "gtin": [
      "05400141862492",
      "95400141862495",
      "05400141444384"
    ],
    "topCategoryName": "Zuivel",
    "topCategoryId": "65",
    "businessDomain": "RETAIL_BE",
    "IsPrivateLabel": false,
    "IsBiffe": false,
    "WeightconversionFactor": "300",
    "IsWeightArticle": true,
    "IsBio": false,
    "CountryOfOrigin": "BELGIË",
    "IsExclusivelySoldInLuxembourg": false,
    "OrderUnit": "P",
    "ShortName": "BEEM BLOK JONG+-300GW",
    "IsNew": false,
    "EcoscoreLabel": "D",
    "RecentQuanityOfStockUnits": "1",
    "LongName": "BEEMSTER beemster jong beleg.blok ±300g",
    "FicCode": "I",
    "EcoscoreValue": "28"
  },
  {
    "productId": "961991",
    "technicalArticleNumber": "4773510",
    "commercialArticleNumber": "33018",
    "name": "Rood Fruit",
    "brand": "YOPLAIT PANIER",
    "seoBrand": "Yoplait Panier De Yoplait",
    "thumbNail": "https://static.colruytgroup.com/images/200x200/std.lang.all/35/38/asset-3393538.jpg",
    "fullImage": "https://static.colruytgroup.com/images/500x500/std.lang.all/35/38/asset-3393538.jpg",
    "squareImage": "https://static.colruytgroup.com/images/500x500sq/std.lang.all/35/38/asset-3393538.jpg",
    "content": "8x125g",
    "walkRouteSequenceNumber": 5676,
    "price": {
      "basicPrice": 4.7,
      "recommendedQuantity": "1.0",
      "measurementUnitPrice": 4.7,
      "measurementUnit": "K",
      "isRedPrice": false,
      "pricePerUOM": 4.7,
      "activationDate": "22-03-2024",
      "isPromoActive": "N",
      "priceChangeCode": "E"
    },
    "isAvailable": true,
    "isPriceAvailable": true,
    "inPromo": false,
    "gtin": [
      "03329770086166"
    ],
    "topCategoryName": "Zuivel",
    "topCategoryId": "65",
    "businessDomain": "RETAIL_BE",
    "IsPrivateLabel": false,
    "IsBiffe": false,
    "WeightconversionFactor": "0",
    "IsWeightArticle": false,
    "nutriscoreLabel": "B",
    "IsBio": false,
    "CountryOfOrigin": "FRANKRIJK",
    "IsExclusivelySoldInLuxembourg": false,
    "OrderUnit": "P",
    "ShortName": "YOP PAN RODE VR. 8X125G",
    "IsNew": false,
    "EcoscoreLabel": "B",
    "RecentQuanityOfStockUnits": "1",
    "LongName": "YOPLAIT PANIER Rood Fruit 8x125g",
    "FicCode": "E",
    "EcoscoreValue": "63"
  },
  {
    "productId": "734189",
    "technicalArticleNumber": "4494549",
    "commercialArticleNumber": "17615",
    "name": "kaas met kruiden en bloemen",
    "description": "*Halfgekookte korst\n*Verse hooimelk\ngrijpt met een mix\nvan bloemen,\nspecerijen, kruiden",
    "brand": "TOMME",
    "seoBrand": "Tomme",
    "thumbNail": "https://static.colruytgroup.com/images/200x200/std.lang.all/50/40/asset-3195040.jpg",
    "fullImage": "https://static.colruytgroup.com/images/500x500/std.lang.all/50/40/asset-3195040.jpg",
    "squareImage": "https://static.colruytgroup.com/images/500x500sq/std.lang.all/50/40/asset-3195040.jpg",
    "content": "180g",
    "walkRouteSequenceNumber": 5171,
    "price": {
      "basicPrice": 4.99,
      "recommendedQuantity": "1.0",
      "measurementUnitPrice": 27.73,
      "measurementUnit": "K",
      "isRedPrice": false,
      "pricePerUOM": 27.73,
      "activationDate": "14-11-2023",
      "isPromoActive": "N",
      "priceChangeCode": "E"
    },
    "isAvailable": true,
    "isPriceAvailable": true,
    "inPromo": false,
    "gtin": [
      "09006545249417",
      "09006545249493"
    ],
    "topCategoryName": "Zuivel",
    "topCategoryId": "65",
    "businessDomain": "RETAIL_BE",
    "IsPrivateLabel": false,
    "IsBiffe": false,
    "WeightconversionFactor": "0",
    "IsWeightArticle": false,
    "IsBio": false,
    "CountryOfOrigin": "OOSTENRIJK",
    "IsExclusivelySoldInLuxembourg": false,
    "OrderUnit": "P",
    "ShortName": "TOMME KAAS KRUIDEN 180G",
    "IsNew": false,
    "RecentQuanityOfStockUnits": "1",
    "LongName": "TOMME kaas met kruiden en bloemen 180g",
    "FicCode": "E"
  },
  {
    "productId": "161627",
    "technicalArticleNumber": "3288693",
    "commercialArticleNumber": "35639",
    "name": "duo aardb-banaan",
    "description": "*Mager\n*Vetgehalte: 3 %\n*Met toegevoegde\nvitamines",
    "brand": "DANONINO",
    "seoBrand": "Danone Danonino",
    "thumbNail": "https://static.colruytgroup.com/images/200x200/std.lang.all/40/59/asset-3364059.jpg",
    "fullImage": "https://static.colruytgroup.com/images/500x500/std.lang.all/40/59/asset-3364059.jpg",
    "squareImage": "https://static.colruytgroup.com/images/500x500sq/std.lang.all/40/59/asset-3364059.jpg",
    "content": "6x100g",
    "walkRouteSequenceNumber": 5863,
    "price": {
      "basicPrice": 4.99,
      "recommendedQuantity": "1.0",
      "measurementUnitPrice": 8.32,
      "measurementUnit": "K",
      "isRedPrice": false,
      "pricePerUOM": 8.32,
      "activationDate": "29-08-2023",
      "recordSource": "Offline",
      "isPromoActive": "N",
      "priceChangeCode": "E"
    },
    "isAvailable": true,
    "isPriceAvailable": true,
    "inPromo": false,
    "gtin": [
      "05410146416163"
    ],
    "topCategoryName": "Zuivel",
    "topCategoryId": "65",
    "businessDomain": "RETAIL_BE",
    "IsPrivateLabel": false,
    "IsBiffe": false,
    "WeightconversionFactor": "0",
    "IsWeightArticle": false,
    "nutriscoreLabel": "B",
    "IsBio": false,
    "CountryOfOrigin": "FRANKRIJK",
    "IsExclusivelySoldInLuxembourg": false,
    "OrderUnit": "P",
    "ShortName": "DANONINO DUO 6X100G",
    "IsNew": false,
    "EcoscoreLabel": "A",
    "RecentQuanityOfStockUnits": "1",
    "LongName": "DANONINO duo aardb-banaan 6x100g",
    "AlcoholVolume": "0",
    "FicCode": "E",
    "EcoscoreValue": "96"
  },
  {
    "productId": "308576",
    "technicalArticleNumber": "3748875",
    "commercialArticleNumber": "41496",
    "name": "Brin",
    "description": "*Oorspr: Frankrijk\n*Zachte kaas\n*Gepasteuriseerde\nkoemelk",
    "brand": "PAVÉ D'AFFINOIS",
    "seoBrand": "Pavé d'Affinois",
    "thumbNail": "https://static.colruytgroup.com/images/200x200/std.lang.all/07/74/asset-2690774.jpg",
    "fullImage": "https://static.colruytgroup.com/images/500x500/std.lang.all/07/74/asset-2690774.jpg",
    "squareImage": "https://static.colruytgroup.com/images/500x500sq/std.lang.all/07/74/asset-2690774.jpg",
    "content": "150g",
    "walkRouteSequenceNumber": 5141,
    "price": {
      "basicPrice": 3.29,
      "recommendedQuantity": "1.0",
      "measurementUnitPrice": 21.94,
      "measurementUnit": "K",
      "isRedPrice": false,
      "pricePerUOM": 21.94,
      "activationDate": "01-02-2024",
      "recordSource": "Offline",
      "isPromoActive": "N",
      "priceChangeCode": "H"
    },
    "isAvailable": true,
    "isPriceAvailable": true,
    "inPromo": false,
    "gtin": [
      "03307906000064",
      "23307906000068"
    ],
    "topCategoryName": "Zuivel",
    "topCategoryId": "65",
    "businessDomain": "RETAIL_BE",
    "IsPrivateLabel": false,
    "IsBiffe": false,
    "WeightconversionFactor": "0",
    "IsWeightArticle": false,
    "nutriscoreLabel": "C",
    "IsBio": false,
    "CountryOfOrigin": "FRANKRIJK",
    "IsExclusivelySoldInLuxembourg": false,
    "OrderUnit": "P",
    "ShortName": "PAVE AFFIN.BRIN 150G",
    "IsNew": false,
    "EcoscoreLabel": "D",
    "RecentQuanityOfStockUnits": "1",
    "LongName": "PAVÉ D'AFFINOIS Brin 150g",
    "AlcoholVolume": "0",
    "FicCode": "E",
    "EcoscoreValue": "32"
  },
  {
    "productId": "529396",
    "technicalArticleNumber": "4119062",
    "commercialArticleNumber": "8102",
    "name": "d'or kaas sneetjes",
    "description": "*België\n*Niet eetbare korst\n*Gepast. melk\n*Jong belegen",
    "brand": "BRUGGE",
    "seoBrand": "Brugge",
    "thumbNail": "https://static.colruytgroup.com/images/200x200/std.lang.all/47/42/asset-2694742.jpg",
    "fullImage": "https://static.colruytgroup.com/images/500x500/std.lang.all/47/42/asset-2694742.jpg",
    "squareImage": "https://static.colruytgroup.com/images/500x500sq/std.lang.all/47/42/asset-2694742.jpg",
    "content": "375g",
    "walkRouteSequenceNumber": 6211,
    "price": {
      "basicPrice": 7.79,
      "recommendedQuantity": "1.0",
      "measurementUnitPrice": 20.78,
      "measurementUnit": "K",
      "isRedPrice": false,
      "pricePerUOM": 20.78,
      "activationDate": "01-03-2024",
      "isPromoActive": "N",
      "priceChangeCode": "L"
    },
    "isAvailable": true,
    "isPriceAvailable": true,
    "inPromo": false,
    "gtin": [
      "05400141929782",
      "05400141413526",
      "25400141929786",
      "15400141929789",
      "05400141297935"
    ],
    "topCategoryName": "Zuivel",
    "topCategoryId": "65",
    "businessDomain": "RETAIL_BE",
    "IsPrivateLabel": false,
    "IsBiffe": false,
    "WeightconversionFactor": "0",
    "IsWeightArticle": false,
    "nutriscoreLabel": "D",
    "IsBio": false,
    "CountryOfOrigin": "BELGIË",
    "IsExclusivelySoldInLuxembourg": false,
    "OrderUnit": "P",
    "ShortName": "BRUGS D OR SNEETJES375G",
    "IsNew": false,
    "EcoscoreLabel": "B",
    "RecentQuanityOfStockUnits": "1",
    "LongName": "BRUGGE d'or kaas sneetjes 375g",
    "FicCode": "I",
    "EcoscoreValue": "66"
  },
  {
    "productId": "91537",
    "technicalArticleNumber": "2866644",
    "commercialArticleNumber": "21755",
    "name": "brie 10 porties",
    "description": "*Frankrijk\n*Zachte kaas\n*Witschimmelkorst\n*O.b.v. gepasteuriseerde melk",
    "brand": "PRÉSIDENT",
    "seoBrand": "Président",
    "thumbNail": "https://static.colruytgroup.com/images/200x200/std.lang.all/68/02/asset-376802.jpg",
    "fullImage": "https://static.colruytgroup.com/images/500x500/std.lang.all/68/02/asset-376802.jpg",
    "squareImage": "https://static.colruytgroup.com/images/500x500sq/std.lang.all/68/02/asset-376802.jpg",
    "content": "340g",
    "walkRouteSequenceNumber": 4926,
    "price": {
      "basicPrice": 6.49,
      "recommendedQuantity": "1.0",
      "measurementUnitPrice": 19.09,
      "measurementUnit": "K",
      "isRedPrice": false,
      "pricePerUOM": 19.09,
      "activationDate": "13-12-2023",
      "recordSource": "Offline",
      "isPromoActive": "N",
      "priceChangeCode": "E"
    },
    "isAvailable": true,
    "isPriceAvailable": true,
    "inPromo": false,
    "gtin": [
      "03228025120924",
      "03228022120064"
    ],
    "topCategoryName": "Zuivel",
    "topCategoryId": "65",
    "businessDomain": "RETAIL_BE",
    "IsPrivateLabel": false,
    "IsBiffe": false,
    "WeightconversionFactor": "0",
    "IsWeightArticle": false,
    "nutriscoreLabel": "D",
    "IsBio": false,
    "CountryOfOrigin": "FRANKRIJK",
    "IsExclusivelySoldInLuxembourg": false,
    "OrderUnit": "P",
    "ShortName": "PRESIDENT BRIE 10P.340G",
    "IsNew": false,
    "EcoscoreLabel": "D",
    "RecentQuanityOfStockUnits": "1",
    "LongName": "PRÉSIDENT brie 10 porties 340g",
    "AlcoholVolume": "0",
    "FicCode": "E",
    "EcoscoreValue": "33"
  },
  {
    "productId": "2075",
    "technicalArticleNumber": "26588",
    "commercialArticleNumber": "26588",
    "name": "kaas zacht romig",
    "description": "*Frankrijk\n*Zachte kaas\n*Witschimmelkorst\n*Romig, karaktervol",
    "brand": "PIÉ D'ANGLOYS",
    "thumbNail": "https://static.colruytgroup.com/images/200x200/std.lang.all/12/27/asset-371227.jpg",
    "fullImage": "https://static.colruytgroup.com/images/500x500/std.lang.all/12/27/asset-371227.jpg",
    "squareImage": "https://static.colruytgroup.com/images/500x500sq/std.lang.all/12/27/asset-371227.jpg",
    "content": "200g",
    "walkRouteSequenceNumber": 5131,
    "price": {
      "basicPrice": 5.79,
      "recommendedQuantity": "1.0",
      "measurementUnitPrice": 28.95,
      "measurementUnit": "K",
      "isRedPrice": false,
      "pricePerUOM": 28.95,
      "activationDate": "08-03-2024",
      "recordSource": "Offline",
      "isPromoActive": "N",
      "priceChangeCode": "H"
    },
    "isAvailable": true,
    "isPriceAvailable": true,
    "inPromo": false,
    "gtin": [
      "03161712927256",
      "13161712927253",
      "03161712866104"
    ],
    "topCategoryName": "Zuivel",
    "topCategoryId": "65",
    "businessDomain": "RETAIL_BE",
    "IsPrivateLabel": false,
    "IsBiffe": false,
    "WeightconversionFactor": "0",
    "IsWeightArticle": false,
    "nutriscoreLabel": "D",
    "IsBio": false,
    "CountryOfOrigin": "FRANKRIJK",
    "IsExclusivelySoldInLuxembourg": false,
    "OrderUnit": "P",
    "ShortName": "PIE D ANGLOYS KAAS 200G",
    "IsNew": false,
    "RecentQuanityOfStockUnits": "1",
    "LongName": "PIÉ D'ANGLOYS kaas zacht romig 200g",
    "AlcoholVolume": "0",
    "FicCode": "E"
  },
  {
    "productId": "2193",
    "technicalArticleNumber": "26545",
    "commercialArticleNumber": "26545",
    "name": "Original blok",
    "description": "*Nederland\n*Halfharde kaas\n*Mild, zacht\n*Vegetarisch\nstremsel",
    "brand": "LEERDAMMER",
    "seoBrand": "Leerdammer",
    "thumbNail": "https://static.colruytgroup.com/images/200x200/std.lang.all/51/39/asset-555139.jpg",
    "fullImage": "https://static.colruytgroup.com/images/500x500/std.lang.all/51/39/asset-555139.jpg",
    "squareImage": "https://static.colruytgroup.com/images/500x500sq/std.lang.all/51/39/asset-555139.jpg",
    "content": "±350g",
    "walkRouteSequenceNumber": 5655,
    "price": {
      "basicPrice": 22.75,
      "recommendedQuantity": "0.4",
      "unit": "K",
      "measurementUnitPrice": 22.75,
      "measurementUnit": "K",
      "isRedPrice": false,
      "pricePerUOM": 22.75,
      "activationDate": "29-02-2024",
      "recordSource": "Offline",
      "isPromoActive": "N",
      "priceChangeCode": "E"
    },
    "isAvailable": true,
    "isPriceAvailable": true,
    "inPromo": false,
    "gtin": [
      "05400141980318",
      "95400141399502",
      "95400141980311",
      "05400141265453",
      "95400141517722",
      "05400141399509"
    ],
    "topCategoryName": "Zuivel",
    "topCategoryId": "65",
    "businessDomain": "RETAIL_BE",
    "IsPrivateLabel": false,
    "IsBiffe": false,
    "WeightconversionFactor": "350",
    "IsWeightArticle": true,
    "nutriscoreLabel": "D",
    "IsBio": false,
    "CountryOfOrigin": "NEDERLAND",
    "IsExclusivelySoldInLuxembourg": false,
    "OrderUnit": "P",
    "ShortName": "LEERDAMMER BLOK +-350GW",
    "IsNew": false,
    "EcoscoreLabel": "B",
    "RecentQuanityOfStockUnits": "1,1",
    "LongName": "LEERDAMMER Original blok ±350g",
    "AlcoholVolume": "0",
    "FicCode": "I",
    "EcoscoreValue": "65"
  },
  {
    "productId": "150522",
    "technicalArticleNumber": "3322678",
    "commercialArticleNumber": "32562",
    "name": "yoghurt vol aardbei bio",
    "description": "*Vol\n*Met stukjes",
    "brand": "PUR NATUR",
    "seoBrand": "Pur Natur",
    "thumbNail": "https://static.colruytgroup.com/images/200x200/std.lang.all/52/92/asset-3125292.jpg",
    "fullImage": "https://static.colruytgroup.com/images/500x500/std.lang.all/52/92/asset-3125292.jpg",
    "squareImage": "https://static.colruytgroup.com/images/500x500sq/std.lang.all/52/92/asset-3125292.jpg",
    "content": "700g",
    "walkRouteSequenceNumber": 5793,
    "price": {
      "basicPrice": 4.99,
      "recommendedQuantity": "1.0",
      "measurementUnitPrice": 7.13,
      "measurementUnit": "K",
      "isRedPrice": false,
      "pricePerUOM": 7.13,
      "activationDate": "21-03-2024",
      "recordSource": "Offline",
      "isPromoActive": "N",
      "priceChangeCode": "E"
    },
    "isAvailable": true,
    "isPriceAvailable": true,
    "inPromo": false,
    "gtin": [
      "05412971916450",
      "05412971016457"
    ],
    "topCategoryName": "Zuivel",
    "topCategoryId": "65",
    "businessDomain": "RETAIL_BE",
    "IsPrivateLabel": false,
    "IsBiffe": false,
    "WeightconversionFactor": "0",
    "IsWeightArticle": false,
    "nutriscoreLabel": "C",
    "IsBio": true,
    "CountryOfOrigin": "BELGIË",
    "IsExclusivelySoldInLuxembourg": false,
    "OrderUnit": "P",
    "ShortName": "PN BIO YOG AARD 700G",
    "IsNew": false,
    "EcoscoreLabel": "A",
    "RecentQuanityOfStockUnits": "1",
    "LongName": "PUR NATUR yoghurt vol aardbei bio 700g",
    "AlcoholVolume": "0",
    "FicCode": "E",
    "EcoscoreValue": "100"
  },
  {
    "productId": "177381",
    "technicalArticleNumber": "3361057",
    "commercialArticleNumber": "16292",
    "name": "vla chocolade",
    "brand": "BONI",
    "seoBrand": "Boni Selection",
    "thumbNail": "https://static.colruytgroup.com/images/200x200/std.lang.all/72/70/asset-3307270.jpg",
    "fullImage": "https://static.colruytgroup.com/images/500x500/std.lang.all/72/70/asset-3307270.jpg",
    "squareImage": "https://static.colruytgroup.com/images/500x500sq/std.lang.all/72/70/asset-3307270.jpg",
    "content": "500g",
    "walkRouteSequenceNumber": 5958,
    "price": {
      "basicPrice": 2.19,
      "recommendedQuantity": "1.0",
      "measurementUnitPrice": 4.38,
      "measurementUnit": "K",
      "isRedPrice": false,
      "pricePerUOM": 4.38,
      "activationDate": "13-03-2024",
      "recordSource": "Offline",
      "isPromoActive": "N",
      "priceChangeCode": "L"
    },
    "isAvailable": true,
    "isPriceAvailable": true,
    "inPromo": false,
    "gtin": [
      "05400141299908",
      "05400141414820",
      "15400141799337",
      "15400141849605",
      "15400141299905"
    ],
    "topCategoryName": "Zuivel",
    "topCategoryId": "65",
    "businessDomain": "RETAIL_BE",
    "IsPrivateLabel": true,
    "IsBiffe": false,
    "WeightconversionFactor": "0",
    "IsWeightArticle": false,
    "nutriscoreLabel": "C",
    "IsBio": false,
    "CountryOfOrigin": "BELGIË",
    "IsExclusivelySoldInLuxembourg": false,
    "OrderUnit": "P",
    "ShortName": "BONI S VLA CHOCOLA 500G",
    "IsNew": false,
    "EcoscoreLabel": "A",
    "RecentQuanityOfStockUnits": "1",
    "LongName": "BONI vla chocolade 500g",
    "AlcoholVolume": "0",
    "FicCode": "I",
    "EcoscoreValue": "100"
  },
  {
    "productId": "529298",
    "technicalArticleNumber": "4118964",
    "commercialArticleNumber": "7284",
    "name": "gouda jong mosterd sneetjes",
    "description": "*Nederland\n*Halfharde kaas\n*Mosterd\n*Vegetarisch\n*Korst niet eetbaar",
    "brand": "BONI",
    "seoBrand": "Boni Selection",
    "thumbNail": "https://static.colruytgroup.com/images/200x200/std.lang.all/78/72/asset-3127872.jpg",
    "fullImage": "https://static.colruytgroup.com/images/500x500/std.lang.all/78/72/asset-3127872.jpg",
    "squareImage": "https://static.colruytgroup.com/images/500x500sq/std.lang.all/78/72/asset-3127872.jpg",
    "content": "300g",
    "walkRouteSequenceNumber": 6173,
    "price": {
      "basicPrice": 5.53,
      "recommendedQuantity": "1.0",
      "measurementUnitPrice": 18.44,
      "measurementUnit": "K",
      "isRedPrice": false,
      "pricePerUOM": 18.44,
      "activationDate": "02-01-2024",
      "recordSource": "Offline",
      "isPromoActive": "N",
      "priceChangeCode": "H"
    },
    "isAvailable": true,
    "isPriceAvailable": true,
    "inPromo": false,
    "gtin": [
      "05400141297591"
    ],
    "topCategoryName": "Zuivel",
    "topCategoryId": "65",
    "businessDomain": "RETAIL_BE",
    "IsPrivateLabel": true,
    "IsBiffe": false,
    "WeightconversionFactor": "0",
    "IsWeightArticle": false,
    "nutriscoreLabel": "C",
    "IsBio": false,
    "CountryOfOrigin": "BELGIË",
    "IsExclusivelySoldInLuxembourg": false,
    "OrderUnit": "P",
    "ShortName": "BONI GOUDA MOSTER. 300G",
    "IsNew": false,
    "EcoscoreLabel": "C",
    "RecentQuanityOfStockUnits": "1",
    "LongName": "BONI gouda jong mosterd sneetjes 300g",
    "FicCode": "I",
    "EcoscoreValue": "59"
  },
  {
    "productId": "703105",
    "technicalArticleNumber": "4436858",
    "commercialArticleNumber": "20588",
    "name": "Exotic z. toegevoegde suikers",
    "description": "*Plantaardig\nalternatief\nvoor yoghurt",
    "brand": "ALPRO",
    "seoBrand": "Alpro",
    "thumbNail": "https://static.colruytgroup.com/images/200x200/std.lang.all/38/40/asset-3373840.jpg",
    "fullImage": "https://static.colruytgroup.com/images/500x500/std.lang.all/38/40/asset-3373840.jpg",
    "squareImage": "https://static.colruytgroup.com/images/500x500sq/std.lang.all/38/40/asset-3373840.jpg",
    "content": "400g",
    "walkRouteSequenceNumber": 5849,
    "price": {
      "basicPrice": 3.45,
      "recommendedQuantity": "1.0",
      "measurementUnitPrice": 8.63,
      "measurementUnit": "K",
      "isRedPrice": false,
      "pricePerUOM": 8.63,
      "activationDate": "22-03-2024",
      "recordSource": "Offline",
      "isPromoActive": "N",
      "priceChangeCode": "L"
    },
    "isAvailable": true,
    "isPriceAvailable": true,
    "inPromo": false,
    "gtin": [
      "05411188133759",
      "05411188133766"
    ],
    "topCategoryName": "Zuivel",
    "topCategoryId": "65",
    "businessDomain": "RETAIL_BE",
    "IsPrivateLabel": false,
    "IsBiffe": false,
    "WeightconversionFactor": "0",
    "IsWeightArticle": false,
    "nutriscoreLabel": "A",
    "IsBio": false,
    "CountryOfOrigin": "BELGIË",
    "IsExclusivelySoldInLuxembourg": false,
    "OrderUnit": "P",
    "ShortName": "ALPR MFNAS PASVR.ANA400",
    "IsNew": false,
    "EcoscoreLabel": "A",
    "RecentQuanityOfStockUnits": "1,6",
    "LongName": "ALPRO Exotic z. toegevoegde suikers 400g",
    "FicCode": "E",
    "EcoscoreValue": "87"
  },
  {
    "productId": "88355",
    "technicalArticleNumber": "3021240",
    "commercialArticleNumber": "18306",
    "name": "vijg/fram/prui/rab",
    "description": "*Met stukjes",
    "brand": "ACTIVIA",
    "seoBrand": "Activia",
    "thumbNail": "https://static.colruytgroup.com/images/200x200/std.lang.all/64/20/asset-2356420.jpg",
    "fullImage": "https://static.colruytgroup.com/images/500x500/std.lang.all/64/20/asset-2356420.jpg",
    "squareImage": "https://static.colruytgroup.com/images/500x500sq/std.lang.all/64/20/asset-2356420.jpg",
    "content": "8x125g",
    "walkRouteSequenceNumber": 5768,
    "price": {
      "basicPrice": 5.99,
      "recommendedQuantity": "1.0",
      "measurementUnitPrice": 5.99,
      "measurementUnit": "K",
      "isRedPrice": false,
      "pricePerUOM": 5.99,
      "activationDate": "29-02-2024",
      "recordSource": "Offline",
      "isPromoActive": "N",
      "priceChangeCode": "L"
    },
    "isAvailable": true,
    "isPriceAvailable": true,
    "inPromo": false,
    "gtin": [
      "05410146413209",
      "05410146417825",
      "15410146413206"
    ],
    "topCategoryName": "Zuivel",
    "topCategoryId": "65",
    "businessDomain": "RETAIL_BE",
    "IsPrivateLabel": false,
    "IsBiffe": false,
    "WeightconversionFactor": "0",
    "IsWeightArticle": false,
    "nutriscoreLabel": "B",
    "IsBio": false,
    "CountryOfOrigin": "FRANKRIJK",
    "IsExclusivelySoldInLuxembourg": false,
    "OrderUnit": "P",
    "ShortName": "DAN ACT FRAM-PRU 8X125G",
    "InSeason": true,
    "IsNew": false,
    "EcoscoreLabel": "A",
    "RecentQuanityOfStockUnits": "1",
    "LongName": "ACTIVIA vijg/fram/prui/rab 8x125g",
    "AlcoholVolume": "0",
    "StartSeasonDate": "19/04/2019",
    "FicCode": "E",
    "EcoscoreValue": "87"
  },
  {
    "productId": "788718",
    "technicalArticleNumber": "4592848",
    "commercialArticleNumber": "29168",
    "name": "pizzadeeg rechthoekig",
    "description": "*Pizzadeeg dun\nen rechthoekig",
    "brand": "HERTA",
    "seoBrand": "Herta",
    "thumbNail": "https://static.colruytgroup.com/images/200x200/std.lang.all/40/88/asset-2954088.jpg",
    "fullImage": "https://static.colruytgroup.com/images/500x500/std.lang.all/40/88/asset-2954088.jpg",
    "squareImage": "https://static.colruytgroup.com/images/500x500sq/std.lang.all/40/88/asset-2954088.jpg",
    "content": "390g",
    "walkRouteSequenceNumber": 6051,
    "price": {
      "basicPrice": 2.99,
      "recommendedQuantity": "1.0",
      "measurementUnitPrice": 7.67,
      "measurementUnit": "K",
      "isRedPrice": false,
      "pricePerUOM": 7.67,
      "activationDate": "15-03-2024",
      "recordSource": "Offline",
      "isPromoActive": "N",
      "priceChangeCode": "E"
    },
    "isAvailable": true,
    "isPriceAvailable": true,
    "inPromo": true,
    "promotion": [
      {
        "techPromoId": "100936COLR",
        "promotionId": "100936",
        "promotionType": "3",
        "isPersonalized": "N",
        "publicationStartDate": "13-03-2024",
        "publicationEndDate": "26-03-2024"
      }
    ],
    "gtin": [
      "03154230600602",
      "03154230600619"
    ],
    "topCategoryName": "Bereidingen/Charcuterie/Vis/Veggie",
    "topCategoryId": "105",
    "businessDomain": "RETAIL_BE",
    "IsPrivateLabel": false,
    "IsBiffe": false,
    "WeightconversionFactor": "0",
    "IsWeightArticle": false,
    "nutriscoreLabel": "B",
    "IsBio": false,
    "CountryOfOrigin": "ZWITSERLAND",
    "IsExclusivelySoldInLuxembourg": false,
    "OrderUnit": "P",
    "ShortName": "HERT PIZZAD. RECHT.390G",
    "IsNew": false,
    "RecentQuanityOfStockUnits": "1,8",
    "LongName": "HERTA pizzadeeg rechthoekig 390g",
    "AlcoholVolume": "0",
    "FicCode": "E"
  },
  {
    "productId": "48149",
    "technicalArticleNumber": "2453749",
    "commercialArticleNumber": "37080",
    "name": "drinkyoghurt aardbei",
    "description": "*Mager\n*Met aroma's",
    "brand": "BENECOL",
    "seoBrand": "Benecol",
    "thumbNail": "https://static.colruytgroup.com/images/200x200/std.lang.all/41/91/asset-2504191.jpg",
    "fullImage": "https://static.colruytgroup.com/images/500x500/std.lang.all/41/91/asset-2504191.jpg",
    "squareImage": "https://static.colruytgroup.com/images/500x500sq/std.lang.all/41/91/asset-2504191.jpg",
    "content": "8x67,5g",
    "walkRouteSequenceNumber": 5687,
    "price": {
      "basicPrice": 8.39,
      "recommendedQuantity": "1.0",
      "measurementUnitPrice": 15.54,
      "measurementUnit": "K",
      "isRedPrice": false,
      "pricePerUOM": 15.54,
      "activationDate": "14-02-2024",
      "recordSource": "Offline",
      "isPromoActive": "N",
      "priceChangeCode": "E"
    },
    "isAvailable": true,
    "isPriceAvailable": true,
    "inPromo": false,
    "gtin": [
      "05055940100612",
      "05055940100575"
    ],
    "topCategoryName": "Zuivel",
    "topCategoryId": "65",
    "businessDomain": "RETAIL_BE",
    "IsPrivateLabel": false,
    "IsBiffe": false,
    "WeightconversionFactor": "0",
    "IsWeightArticle": false,
    "nutriscoreLabel": "C",
    "IsBio": false,
    "CountryOfOrigin": "ZWITSERLAND",
    "IsExclusivelySoldInLuxembourg": false,
    "OrderUnit": "P",
    "ShortName": "BENEC AARDBEI 8X67.5G",
    "IsNew": false,
    "EcoscoreLabel": "A",
    "RecentQuanityOfStockUnits": "1,5",
    "LongName": "BENECOL drinkyoghurt aardbei 8x67,5g",
    "AlcoholVolume": "0",
    "FicCode": "E",
    "EcoscoreValue": "94"
  },
  {
    "productId": "109946",
    "technicalArticleNumber": "3117894",
    "commercialArticleNumber": "9901",
    "name": "smeerkaas duiveltje",
    "description": "*Smeerkaas\n*Romig,\nmet chilipepers",
    "brand": "MAREDSOUS",
    "seoBrand": "Maredsous",
    "thumbNail": "https://static.colruytgroup.com/images/200x200/std.lang.all/74/04/asset-757404.jpg",
    "fullImage": "https://static.colruytgroup.com/images/500x500/std.lang.all/74/04/asset-757404.jpg",
    "squareImage": "https://static.colruytgroup.com/images/500x500sq/std.lang.all/74/04/asset-757404.jpg",
    "content": "200g",
    "walkRouteSequenceNumber": 6126,
    "price": {
      "basicPrice": 4.29,
      "recommendedQuantity": "1.0",
      "measurementUnitPrice": 21.45,
      "measurementUnit": "K",
      "isRedPrice": false,
      "pricePerUOM": 21.45,
      "activationDate": "13-03-2024",
      "recordSource": "Offline",
      "isPromoActive": "N",
      "priceChangeCode": "H"
    },
    "isAvailable": true,
    "isPriceAvailable": true,
    "inPromo": false,
    "gtin": [
      "03073781063646",
      "03073781050851"
    ],
    "topCategoryName": "Zuivel",
    "topCategoryId": "65",
    "businessDomain": "RETAIL_BE",
    "IsPrivateLabel": false,
    "IsBiffe": false,
    "WeightconversionFactor": "0",
    "IsWeightArticle": false,
    "nutriscoreLabel": "E",
    "IsBio": false,
    "CountryOfOrigin": "SLOWAKIJE",
    "IsExclusivelySoldInLuxembourg": false,
    "OrderUnit": "P",
    "ShortName": "MDS DUIVELTJE KUIP 200G",
    "InSeason": true,
    "IsNew": false,
    "EcoscoreLabel": "C",
    "RecentQuanityOfStockUnits": "1",
    "LongName": "MAREDSOUS smeerkaas duiveltje 200g",
    "AlcoholVolume": "0",
    "StartSeasonDate": "29/03/2021",
    "FicCode": "E",
    "EcoscoreValue": "52"
  },
  {
    "productId": "288392",
    "technicalArticleNumber": "3691862",
    "commercialArticleNumber": "40434",
    "name": "pudding vanille",
    "brand": "LA LAITIÈRE",
    "seoBrand": "Nestlé La Laitière",
    "thumbNail": "https://static.colruytgroup.com/images/200x200/std.lang.all/11/51/asset-1311151.jpg",
    "fullImage": "https://static.colruytgroup.com/images/500x500/std.lang.all/11/51/asset-1311151.jpg",
    "squareImage": "https://static.colruytgroup.com/images/500x500sq/std.lang.all/11/51/asset-1311151.jpg",
    "content": "4x115g",
    "walkRouteSequenceNumber": 5961,
    "price": {
      "basicPrice": 3.19,
      "recommendedQuantity": "1.0",
      "measurementUnitPrice": 6.94,
      "measurementUnit": "K",
      "isRedPrice": false,
      "pricePerUOM": 6.94,
      "activationDate": "08-03-2024",
      "recordSource": "Offline",
      "isPromoActive": "N",
      "priceChangeCode": "H"
    },
    "isAvailable": true,
    "isPriceAvailable": true,
    "inPromo": false,
    "gtin": [
      "03023290215357",
      "03023290037751"
    ],
    "topCategoryName": "Zuivel",
    "topCategoryId": "65",
    "businessDomain": "RETAIL_BE",
    "IsPrivateLabel": false,
    "IsBiffe": false,
    "WeightconversionFactor": "0",
    "IsWeightArticle": false,
    "nutriscoreLabel": "C",
    "IsBio": false,
    "CountryOfOrigin": "FRANKRIJK",
    "IsExclusivelySoldInLuxembourg": false,
    "OrderUnit": "P",
    "ShortName": "LL VANIL.PUD. 4X115G",
    "IsNew": false,
    "RecentQuanityOfStockUnits": "1",
    "LongName": "LA LAITIÈRE pudding vanille 4x115g",
    "AlcoholVolume": "0",
    "FicCode": "E"
  },
  {
    "productId": "743812",
    "technicalArticleNumber": "4510850",
    "commercialArticleNumber": "1813",
    "name": "lichte room 8%vgPET",
    "description": "*Vetgehalte: 8%",
    "brand": "BALADE SO LIGHT",
    "seoBrand": "Balade",
    "thumbNail": "https://static.colruytgroup.com/images/200x200/nl_be/41/90/asset-2624190.jpg",
    "fullImage": "https://static.colruytgroup.com/images/500x500/nl_be/41/90/asset-2624190.jpg",
    "squareImage": "https://static.colruytgroup.com/images/500x500sq/nl_be/41/90/asset-2624190.jpg",
    "content": "25cl",
    "walkRouteSequenceNumber": 6002,
    "price": {
      "basicPrice": 2.09,
      "recommendedQuantity": "1.0",
      "measurementUnitPrice": 8.36,
      "measurementUnit": "L",
      "isRedPrice": false,
      "pricePerUOM": 8.36,
      "activationDate": "12-03-2024",
      "recordSource": "Offline",
      "isPromoActive": "N",
      "priceChangeCode": "E"
    },
    "isAvailable": true,
    "isPriceAvailable": true,
    "inPromo": false,
    "gtin": [
      "05411396035746",
      "05411396035739",
      "05411396038433",
      "05411396038440"
    ],
    "topCategoryName": "Zuivel",
    "topCategoryId": "65",
    "businessDomain": "RETAIL_BE",
    "IsPrivateLabel": false,
    "IsBiffe": false,
    "WeightconversionFactor": "0",
    "IsWeightArticle": false,
    "nutriscoreLabel": "D",
    "IsBio": false,
    "CountryOfOrigin": "FRANKRIJK",
    "IsExclusivelySoldInLuxembourg": false,
    "OrderUnit": "P",
    "ShortName": "BAL SOLIG 8PC ROOM 25CL",
    "IsNew": false,
    "RecentQuanityOfStockUnits": "2,1,12",
    "LongName": "BALADE SO LIGHT lichte room 8%vgPET 25cl",
    "FicCode": "E"
  },
  {
    "productId": "854556",
    "technicalArticleNumber": "4703581",
    "commercialArticleNumber": "31261",
    "name": "crottin de chèvre",
    "description": "*Geitenkaas 45+\nvan gepasteuriseerde\nmelk",
    "brand": "GERMAIN",
    "seoBrand": "Germain",
    "thumbNail": "https://static.colruytgroup.com/images/200x200/std.lang.all/34/65/asset-3263465.jpg",
    "fullImage": "https://static.colruytgroup.com/images/500x500/std.lang.all/34/65/asset-3263465.jpg",
    "squareImage": "https://static.colruytgroup.com/images/500x500sq/std.lang.all/34/65/asset-3263465.jpg",
    "content": "120g",
    "walkRouteSequenceNumber": 5180,
    "price": {
      "basicPrice": 3.69,
      "recommendedQuantity": "1.0",
      "measurementUnitPrice": 30.75,
      "measurementUnit": "K",
      "isRedPrice": false,
      "pricePerUOM": 30.75,
      "activationDate": "01-12-2023",
      "isPromoActive": "N",
      "priceChangeCode": "L"
    },
    "isAvailable": true,
    "isPriceAvailable": true,
    "inPromo": false,
    "gtin": [
      "03184670010051"
    ],
    "topCategoryName": "Zuivel",
    "topCategoryId": "65",
    "businessDomain": "RETAIL_BE",
    "IsPrivateLabel": false,
    "IsBiffe": false,
    "WeightconversionFactor": "0",
    "IsWeightArticle": false,
    "IsBio": false,
    "CountryOfOrigin": "FRANKRIJK",
    "IsExclusivelySoldInLuxembourg": false,
    "OrderUnit": "P",
    "ShortName": "GERM CROTTIN CHEVR.120G",
    "IsNew": false,
    "RecentQuanityOfStockUnits": "1,6",
    "LongName": "GERMAIN crottin de chèvre 120g",
    "FicCode": "E"
  },
  {
    "productId": "386018",
    "technicalArticleNumber": "3839156",
    "commercialArticleNumber": "21170",
    "name": "natuur 0%",
    "description": "*Extra bevorderend\nvoor de darmflora",
    "brand": "ACTIMEL",
    "seoBrand": "Actimel",
    "thumbNail": "https://static.colruytgroup.com/images/200x200/std.lang.all/40/37/asset-3364037.jpg",
    "fullImage": "https://static.colruytgroup.com/images/500x500/std.lang.all/40/37/asset-3364037.jpg",
    "squareImage": "https://static.colruytgroup.com/images/500x500sq/std.lang.all/40/37/asset-3364037.jpg",
    "content": "12x100g",
    "walkRouteSequenceNumber": 5695,
    "price": {
      "basicPrice": 5.89,
      "recommendedQuantity": "1.0",
      "measurementUnitPrice": 4.91,
      "measurementUnit": "K",
      "isRedPrice": false,
      "pricePerUOM": 4.91,
      "activationDate": "21-03-2024",
      "recordSource": "Offline",
      "isPromoActive": "N",
      "priceChangeCode": "L"
    },
    "isAvailable": true,
    "isPriceAvailable": true,
    "inPromo": false,
    "gtin": [
      "15410146417303",
      "05410146417306"
    ],
    "topCategoryName": "Zuivel",
    "topCategoryId": "65",
    "businessDomain": "RETAIL_BE",
    "IsPrivateLabel": false,
    "IsBiffe": false,
    "WeightconversionFactor": "0",
    "IsWeightArticle": false,
    "nutriscoreLabel": "A",
    "IsBio": false,
    "CountryOfOrigin": "BELGIË",
    "IsExclusivelySoldInLuxembourg": false,
    "OrderUnit": "P",
    "ShortName": "DANO ACTIM.NAT.0%12X100",
    "IsNew": false,
    "EcoscoreLabel": "B",
    "RecentQuanityOfStockUnits": "1",
    "LongName": "ACTIMEL natuur 0% 12x100g",
    "AlcoholVolume": "0",
    "FicCode": "E",
    "EcoscoreValue": "67"
  },
  {
    "productId": "689318",
    "technicalArticleNumber": "4414936",
    "commercialArticleNumber": "13409",
    "name": "Brie ovaal",
    "description": "*Zachte\ngepasteuriseerde\nmelkkaas",
    "brand": "PRÉSIDENT",
    "seoBrand": "Président",
    "thumbNail": "https://static.colruytgroup.com/images/200x200/std.lang.all/50/02/asset-2405002.jpg",
    "fullImage": "https://static.colruytgroup.com/images/500x500/std.lang.all/50/02/asset-2405002.jpg",
    "squareImage": "https://static.colruytgroup.com/images/500x500sq/std.lang.all/50/02/asset-2405002.jpg",
    "content": "200g",
    "walkRouteSequenceNumber": 4925,
    "price": {
      "basicPrice": 3.69,
      "recommendedQuantity": "1.0",
      "measurementUnitPrice": 18.45,
      "measurementUnit": "K",
      "isRedPrice": false,
      "pricePerUOM": 18.45,
      "activationDate": "19-03-2024",
      "recordSource": "Offline",
      "isPromoActive": "N",
      "priceChangeCode": "H"
    },
    "isAvailable": true,
    "isPriceAvailable": true,
    "inPromo": false,
    "gtin": [
      "03228024200238",
      "03228025208455"
    ],
    "topCategoryName": "Zuivel",
    "topCategoryId": "65",
    "businessDomain": "RETAIL_BE",
    "IsPrivateLabel": false,
    "IsBiffe": false,
    "WeightconversionFactor": "0",
    "IsWeightArticle": false,
    "nutriscoreLabel": "D",
    "IsBio": false,
    "CountryOfOrigin": "FRANKRIJK",
    "IsExclusivelySoldInLuxembourg": false,
    "OrderUnit": "P",
    "ShortName": "PRES BRIE OVAAL 200G",
    "IsNew": false,
    "EcoscoreLabel": "D",
    "RecentQuanityOfStockUnits": "1",
    "LongName": "PRÉSIDENT Brie ovaal 200g",
    "FicCode": "E",
    "EcoscoreValue": "33"
  },
  {
    "productId": "687115",
    "technicalArticleNumber": "4411237",
    "commercialArticleNumber": "25413",
    "name": "extra protein",
    "brand": "PHILADELPHIA",
    "seoBrand": "Philadelphia",
    "thumbNail": "https://static.colruytgroup.com/images/200x200/std.lang.all/19/00/asset-3141900.jpg",
    "fullImage": "https://static.colruytgroup.com/images/500x500/std.lang.all/19/00/asset-3141900.jpg",
    "squareImage": "https://static.colruytgroup.com/images/500x500sq/std.lang.all/19/00/asset-3141900.jpg",
    "content": "175g",
    "walkRouteSequenceNumber": 4879,
    "price": {
      "basicPrice": 3.95,
      "recommendedQuantity": "1.0",
      "measurementUnitPrice": 22.58,
      "measurementUnit": "K",
      "isRedPrice": false,
      "pricePerUOM": 22.58,
      "activationDate": "21-03-2024",
      "recordSource": "Offline",
      "isPromoActive": "N",
      "priceChangeCode": "H"
    },
    "isAvailable": true,
    "isPriceAvailable": true,
    "inPromo": true,
    "promotion": [
      {
        "techPromoId": "100860COLR",
        "promotionId": "100860",
        "promotionType": "4",
        "isPersonalized": "N",
        "publicationStartDate": "13-03-2024",
        "publicationEndDate": "26-03-2024"
      }
    ],
    "gtin": [
      "07622201803469",
      "07622201803452"
    ],
    "topCategoryName": "Zuivel",
    "topCategoryId": "65",
    "businessDomain": "RETAIL_BE",
    "IsPrivateLabel": false,
    "IsBiffe": false,
    "WeightconversionFactor": "0",
    "IsWeightArticle": false,
    "nutriscoreLabel": "C",
    "IsBio": false,
    "CountryOfOrigin": "DUITSLAND",
    "IsExclusivelySoldInLuxembourg": false,
    "OrderUnit": "P",
    "ShortName": "PHIL EXTRA PROTEIN 175G",
    "IsNew": false,
    "RecentQuanityOfStockUnits": "1,10",
    "LongName": "PHILADELPHIA extra protein 175g",
    "FicCode": "E"
  },
  {
    "productId": "722812",
    "technicalArticleNumber": "4474449",
    "commercialArticleNumber": "27658",
    "name": "Le Pico camembert geit",
    "description": "*Gepasteuriseerde\ngeitenmelkkaas",
    "brand": "GERMAIN",
    "seoBrand": "Germain",
    "thumbNail": "https://static.colruytgroup.com/images/200x200/std.lang.all/95/74/asset-2499574.jpg",
    "fullImage": "https://static.colruytgroup.com/images/500x500/std.lang.all/95/74/asset-2499574.jpg",
    "squareImage": "https://static.colruytgroup.com/images/500x500sq/std.lang.all/95/74/asset-2499574.jpg",
    "content": "125g",
    "walkRouteSequenceNumber": 4908,
    "price": {
      "basicPrice": 3.59,
      "recommendedQuantity": "1.0",
      "measurementUnitPrice": 28.72,
      "measurementUnit": "K",
      "isRedPrice": false,
      "pricePerUOM": 28.72,
      "activationDate": "13-03-2024",
      "isPromoActive": "N",
      "priceChangeCode": "H"
    },
    "isAvailable": true,
    "isPriceAvailable": true,
    "inPromo": false,
    "gtin": [
      "13305510065476",
      "03305510065479"
    ],
    "topCategoryName": "Zuivel",
    "topCategoryId": "65",
    "businessDomain": "RETAIL_BE",
    "IsPrivateLabel": false,
    "IsBiffe": false,
    "WeightconversionFactor": "0",
    "IsWeightArticle": false,
    "nutriscoreLabel": "D",
    "IsBio": false,
    "CountryOfOrigin": "FRANKRIJK",
    "IsExclusivelySoldInLuxembourg": false,
    "OrderUnit": "P",
    "ShortName": "GERM CAMEMB. GEIT 125G",
    "IsNew": false,
    "EcoscoreLabel": "E",
    "RecentQuanityOfStockUnits": "1",
    "LongName": "GERMAIN Le Pico camembert geit 125g",
    "FicCode": "E",
    "EcoscoreValue": "8"
  },
  {
    "productId": "283235",
    "technicalArticleNumber": "3644897",
    "commercialArticleNumber": "17598",
    "name": "zachte kaas",
    "description": "*Frankrijk\n*Zachte kaas\n*Met gewassen\nwitschimmelkorst",
    "brand": "SAINT-ALBRAY",
    "seoBrand": "Saint-Albray",
    "thumbNail": "https://static.colruytgroup.com/images/200x200/std.lang.all/11/72/asset-1171172.jpg",
    "fullImage": "https://static.colruytgroup.com/images/500x500/std.lang.all/11/72/asset-1171172.jpg",
    "squareImage": "https://static.colruytgroup.com/images/500x500sq/std.lang.all/11/72/asset-1171172.jpg",
    "content": "±250g",
    "walkRouteSequenceNumber": 5139,
    "price": {
      "basicPrice": 21.5,
      "recommendedQuantity": "1.0",
      "unit": "K",
      "measurementUnitPrice": 21.5,
      "measurementUnit": "K",
      "isRedPrice": false,
      "pricePerUOM": 21.5,
      "activationDate": "19-03-2024",
      "recordSource": "Folder",
      "isPromoActive": "N",
      "priceChangeCode": "L"
    },
    "isAvailable": true,
    "isPriceAvailable": true,
    "inPromo": false,
    "gtin": [
      "95413362207013",
      "05400141066401",
      "95400141066404",
      "05413362207003"
    ],
    "topCategoryName": "Zuivel",
    "topCategoryId": "65",
    "businessDomain": "RETAIL_BE",
    "IsPrivateLabel": false,
    "IsBiffe": false,
    "WeightconversionFactor": "250",
    "IsWeightArticle": true,
    "nutriscoreLabel": "D",
    "IsBio": false,
    "CountryOfOrigin": "FRANKRIJK",
    "IsExclusivelySoldInLuxembourg": false,
    "OrderUnit": "P",
    "ShortName": "S.ALBRAY KAAS+-250GW",
    "InSeason": true,
    "IsNew": false,
    "RecentQuanityOfStockUnits": "1",
    "LongName": "SAINT-ALBRAY zachte kaas ±250g",
    "AlcoholVolume": "0",
    "StartSeasonDate": "13/12/2021",
    "FicCode": "I"
  },
  {
    "productId": "552936",
    "technicalArticleNumber": "4185064",
    "commercialArticleNumber": "13198",
    "name": "kaas",
    "brand": "ECHTE LOO",
    "seoBrand": "Echte Loo",
    "thumbNail": "https://static.colruytgroup.com/images/200x200/std.lang.all/27/59/asset-2892759.jpg",
    "fullImage": "https://static.colruytgroup.com/images/500x500/std.lang.all/27/59/asset-2892759.jpg",
    "squareImage": "https://static.colruytgroup.com/images/500x500sq/std.lang.all/27/59/asset-2892759.jpg",
    "content": "±240g",
    "walkRouteSequenceNumber": 5159,
    "price": {
      "basicPrice": 18,
      "recommendedQuantity": "0.1",
      "unit": "K",
      "measurementUnitPrice": 18,
      "measurementUnit": "K",
      "isRedPrice": false,
      "pricePerUOM": 18,
      "activationDate": "13-03-2024",
      "recordSource": "Folder",
      "isPromoActive": "Y",
      "priceChangeCode": "L"
    },
    "isAvailable": true,
    "isPriceAvailable": true,
    "inPromo": true,
    "promotion": [
      {
        "techPromoId": "100910COLR",
        "promotionId": "100910",
        "promotionType": "3",
        "isPersonalized": "N",
        "publicationStartDate": "13-03-2024",
        "publicationEndDate": "26-03-2024"
      }
    ],
    "gtin": [
      "05400141446661",
      "05400141405927",
      "05400141334012",
      "95400141334015",
      "95400141446664",
      "95400141405920"
    ],
    "topCategoryName": "Zuivel",
    "topCategoryId": "65",
    "businessDomain": "RETAIL_BE",
    "IsPrivateLabel": false,
    "IsBiffe": false,
    "WeightconversionFactor": "240",
    "IsWeightArticle": true,
    "nutriscoreLabel": "D",
    "IsBio": false,
    "CountryOfOrigin": "BELGIË",
    "IsExclusivelySoldInLuxembourg": false,
    "OrderUnit": "P",
    "ShortName": "ECHTE LOO +-240G W",
    "IsNew": false,
    "RecentQuanityOfStockUnits": "1",
    "LongName": "ECHTE LOO kaas ±240g",
    "FicCode": "I"
  },
  {
    "productId": "24223",
    "technicalArticleNumber": "1967378",
    "commercialArticleNumber": "26748",
    "name": "kaas bol",
    "description": "*Frankrijk\n*Halfharde kaas\n*Romig, karaktervol,\nfruitig",
    "brand": "CHAUSSÉE AUX MOINES",
    "seoBrand": "Chaussée Aux Moines",
    "thumbNail": "https://static.colruytgroup.com/images/200x200/std.lang.all/71/24/asset-377124.jpg",
    "fullImage": "https://static.colruytgroup.com/images/500x500/std.lang.all/71/24/asset-377124.jpg",
    "squareImage": "https://static.colruytgroup.com/images/500x500sq/std.lang.all/71/24/asset-377124.jpg",
    "content": "340g",
    "walkRouteSequenceNumber": 5167,
    "price": {
      "basicPrice": 7.79,
      "recommendedQuantity": "1.0",
      "measurementUnitPrice": 22.92,
      "measurementUnit": "K",
      "isRedPrice": false,
      "pricePerUOM": 22.92,
      "activationDate": "22-03-2024",
      "recordSource": "Offline",
      "isPromoActive": "N",
      "priceChangeCode": "H"
    },
    "isAvailable": true,
    "isPriceAvailable": true,
    "inPromo": false,
    "gtin": [
      "03228025134785",
      "03228025133979",
      "03228023130192",
      "03114275400032"
    ],
    "topCategoryName": "Zuivel",
    "topCategoryId": "65",
    "businessDomain": "RETAIL_BE",
    "IsPrivateLabel": false,
    "IsBiffe": false,
    "WeightconversionFactor": "0",
    "IsWeightArticle": false,
    "IsBio": false,
    "CountryOfOrigin": "FRANKRIJK",
    "IsExclusivelySoldInLuxembourg": false,
    "OrderUnit": "P",
    "ShortName": "RE CHAUSSEE MOINES 340G",
    "IsNew": false,
    "EcoscoreLabel": "D",
    "RecentQuanityOfStockUnits": "1",
    "LongName": "CHAUSSÉE AUX MOINES kaas bol 340g",
    "AlcoholVolume": "0",
    "FicCode": "E",
    "EcoscoreValue": "30"
  },
  {
    "productId": "1125",
    "technicalArticleNumber": "16910",
    "commercialArticleNumber": "16910",
    "name": "Paesano strooibus",
    "description": "*Italië\n*Geraspte kaas",
    "brand": "GALBANI",
    "seoBrand": "Galbani",
    "thumbNail": "https://static.colruytgroup.com/images/200x200/std.lang.all/04/90/asset-1490490.jpg",
    "fullImage": "https://static.colruytgroup.com/images/500x500/std.lang.all/04/90/asset-1490490.jpg",
    "squareImage": "https://static.colruytgroup.com/images/500x500sq/std.lang.all/04/90/asset-1490490.jpg",
    "content": "250g",
    "walkRouteSequenceNumber": 5617,
    "price": {
      "basicPrice": 8.4,
      "recommendedQuantity": "1.0",
      "measurementUnitPrice": 33.6,
      "measurementUnit": "K",
      "isRedPrice": false,
      "pricePerUOM": 33.6,
      "activationDate": "14-11-2023",
      "recordSource": "Offline",
      "isPromoActive": "N",
      "priceChangeCode": "E"
    },
    "isAvailable": true,
    "isPriceAvailable": true,
    "inPromo": false,
    "gtin": [
      "08000430386912",
      "08000430395068"
    ],
    "topCategoryName": "Zuivel",
    "topCategoryId": "65",
    "businessDomain": "RETAIL_BE",
    "IsPrivateLabel": false,
    "IsBiffe": false,
    "WeightconversionFactor": "0",
    "IsWeightArticle": false,
    "nutriscoreLabel": "E",
    "IsBio": false,
    "CountryOfOrigin": "ITALIË",
    "IsExclusivelySoldInLuxembourg": false,
    "OrderUnit": "P",
    "ShortName": "GALB PAESANO 250G",
    "IsNew": false,
    "EcoscoreLabel": "D",
    "RecentQuanityOfStockUnits": "1",
    "LongName": "GALBANI Paesano strooibus 250g",
    "AlcoholVolume": "0",
    "FicCode": "E",
    "EcoscoreValue": "27"
  },
  {
    "productId": "690802",
    "technicalArticleNumber": "4417596",
    "commercialArticleNumber": "20316",
    "name": "zacht & romig knoflook",
    "brand": "BOURSIN",
    "seoBrand": "Boursin",
    "thumbNail": "https://static.colruytgroup.com/images/200x200/std.lang.all/99/10/asset-2419910.jpg",
    "fullImage": "https://static.colruytgroup.com/images/500x500/std.lang.all/99/10/asset-2419910.jpg",
    "squareImage": "https://static.colruytgroup.com/images/500x500sq/std.lang.all/99/10/asset-2419910.jpg",
    "content": "210g",
    "walkRouteSequenceNumber": 4868,
    "price": {
      "basicPrice": 5.19,
      "recommendedQuantity": "1.0",
      "measurementUnitPrice": 24.72,
      "measurementUnit": "K",
      "isRedPrice": false,
      "pricePerUOM": 24.72,
      "activationDate": "17-02-2024",
      "recordSource": "Offline",
      "isPromoActive": "N",
      "priceChangeCode": "E"
    },
    "isAvailable": true,
    "isPriceAvailable": true,
    "inPromo": false,
    "gtin": [
      "03073781124798",
      "03073781124781"
    ],
    "topCategoryName": "Zuivel",
    "topCategoryId": "65",
    "businessDomain": "RETAIL_BE",
    "IsPrivateLabel": false,
    "IsBiffe": false,
    "WeightconversionFactor": "0",
    "IsWeightArticle": false,
    "nutriscoreLabel": "D",
    "IsBio": false,
    "CountryOfOrigin": "FRANKRIJK",
    "IsExclusivelySoldInLuxembourg": false,
    "OrderUnit": "P",
    "ShortName": "BOUR ZAC.&ROM.KNOFL210G",
    "IsNew": false,
    "EcoscoreLabel": "B",
    "RecentQuanityOfStockUnits": "1",
    "LongName": "BOURSIN zacht & romig knoflook 210g",
    "FicCode": "E",
    "EcoscoreValue": "67"
  },
  {
    "productId": "869469",
    "technicalArticleNumber": "4722806",
    "commercialArticleNumber": "18510",
    "name": "opgeklopte boter met zeezout",
    "description": "*Smeerdelicatesse\nmet boter en room.\n*Met zeezout",
    "brand": "BALADE",
    "seoBrand": "Balade",
    "thumbNail": "https://static.colruytgroup.com/images/200x200/nl_be/21/53/asset-3212153.jpg",
    "fullImage": "https://static.colruytgroup.com/images/500x500/nl_be/21/53/asset-3212153.jpg",
    "squareImage": "https://static.colruytgroup.com/images/500x500sq/nl_be/21/53/asset-3212153.jpg",
    "content": "130g",
    "walkRouteSequenceNumber": 6076,
    "price": {
      "basicPrice": 2.99,
      "recommendedQuantity": "1.0",
      "measurementUnitPrice": 23,
      "measurementUnit": "K",
      "isRedPrice": false,
      "pricePerUOM": 23,
      "activationDate": "27-02-2024",
      "recordSource": "Offline",
      "isPromoActive": "N",
      "priceChangeCode": "E"
    },
    "isAvailable": true,
    "isPriceAvailable": true,
    "inPromo": false,
    "gtin": [
      "05411396034794"
    ],
    "topCategoryName": "Zuivel",
    "topCategoryId": "65",
    "businessDomain": "RETAIL_BE",
    "IsPrivateLabel": false,
    "IsBiffe": false,
    "WeightconversionFactor": "0",
    "IsWeightArticle": false,
    "nutriscoreLabel": "E",
    "IsBio": false,
    "CountryOfOrigin": "BELGIË",
    "IsExclusivelySoldInLuxembourg": false,
    "OrderUnit": "P",
    "ShortName": "BALA OPGEKL.ZEEZOUT130G",
    "IsNew": false,
    "RecentQuanityOfStockUnits": "1",
    "LongName": "BALADE opgeklopte boter met zeezout 130g",
    "FicCode": "E"
  },
  {
    "productId": "18961",
    "technicalArticleNumber": "1740048",
    "commercialArticleNumber": "33541",
    "name": "Gouda belegen blok",
    "description": "*Nederland B.O.B.\n*Halfharde kaas\n*Natuurkaas\n*Belegen\n4 maanden gerijpt",
    "brand": "NOORD HOLLANDER",
    "seoBrand": "Noord Hollander",
    "thumbNail": "https://static.colruytgroup.com/images/200x200/std.lang.all/19/03/asset-2621903.jpg",
    "fullImage": "https://static.colruytgroup.com/images/500x500/std.lang.all/19/03/asset-2621903.jpg",
    "squareImage": "https://static.colruytgroup.com/images/500x500sq/std.lang.all/19/03/asset-2621903.jpg",
    "content": "±475g",
    "walkRouteSequenceNumber": 5664,
    "price": {
      "basicPrice": 18.9,
      "recommendedQuantity": "0.5",
      "unit": "K",
      "measurementUnitPrice": 18.9,
      "measurementUnit": "K",
      "isRedPrice": false,
      "pricePerUOM": 18.9,
      "activationDate": "15-11-2023",
      "isPromoActive": "N",
      "priceChangeCode": "E"
    },
    "isAvailable": true,
    "isPriceAvailable": true,
    "inPromo": false,
    "gtin": [
      "00335410000006",
      "05400141335415",
      "05400141023046",
      "95400141335418",
      "95400141408372",
      "05400141408379",
      "95400141933829"
    ],
    "topCategoryName": "Zuivel",
    "topCategoryId": "65",
    "businessDomain": "RETAIL_BE",
    "IsPrivateLabel": false,
    "IsBiffe": false,
    "WeightconversionFactor": "475",
    "IsWeightArticle": true,
    "nutriscoreLabel": "D",
    "IsBio": false,
    "CountryOfOrigin": "NEDERLAND",
    "IsExclusivelySoldInLuxembourg": false,
    "OrderUnit": "P",
    "ShortName": "NH GOUDA BEL.BL.+-475GW",
    "IsNew": false,
    "EcoscoreLabel": "D",
    "RecentQuanityOfStockUnits": "1",
    "LongName": "NOORD HOLLANDER Gouda belegen blok ±475g",
    "AlcoholVolume": "0",
    "FicCode": "I",
    "EcoscoreValue": "28"
  },
  {
    "productId": "690836",
    "technicalArticleNumber": "4417630",
    "commercialArticleNumber": "20721",
    "name": "drink 0%vanil/cookies",
    "description": "*Melkspecialiteit\nom te drinken\ngearomatiseerd\nmet vanille- en\nkoeksmaak",
    "brand": "DANONE HIPRO",
    "seoBrand": "Danone Hipro",
    "thumbNail": "https://static.colruytgroup.com/images/200x200/std.lang.all/38/38/asset-3373838.jpg",
    "fullImage": "https://static.colruytgroup.com/images/500x500/std.lang.all/38/38/asset-3373838.jpg",
    "squareImage": "https://static.colruytgroup.com/images/500x500sq/std.lang.all/38/38/asset-3373838.jpg",
    "content": "300g",
    "walkRouteSequenceNumber": 5798,
    "price": {
      "basicPrice": 2.79,
      "recommendedQuantity": "1.0",
      "measurementUnitPrice": 9.3,
      "measurementUnit": "L",
      "isRedPrice": false,
      "pricePerUOM": 9.3,
      "activationDate": "20-02-2024",
      "recordSource": "Offline",
      "isPromoActive": "N",
      "priceChangeCode": "E"
    },
    "isAvailable": true,
    "isPriceAvailable": true,
    "inPromo": false,
    "gtin": [
      "05410146420047",
      "15410146420044",
      "23033491485767",
      "03033491485763"
    ],
    "topCategoryName": "Zuivel",
    "topCategoryId": "65",
    "businessDomain": "RETAIL_BE",
    "IsPrivateLabel": false,
    "IsBiffe": false,
    "WeightconversionFactor": "0",
    "IsWeightArticle": false,
    "nutriscoreLabel": "A",
    "IsBio": false,
    "CountryOfOrigin": "SPANJE",
    "IsExclusivelySoldInLuxembourg": false,
    "OrderUnit": "P",
    "ShortName": "DANO HIPR DR.VA/COO300",
    "IsNew": false,
    "EcoscoreLabel": "A",
    "RecentQuanityOfStockUnits": "1,6",
    "LongName": "DANONE HIPRO drink 0%vanil/cookies 300g",
    "FicCode": "E",
    "EcoscoreValue": "87"
  },
  {
    "productId": "105968",
    "technicalArticleNumber": "3131498",
    "commercialArticleNumber": "44033",
    "name": "kaas blok",
    "description": "*Frankrijk\n*Halfharde kaas\n*O.b.v. gepast. melk",
    "brand": "MEULE DE BESAC",
    "seoBrand": "Meule Du Besac",
    "thumbNail": "https://static.colruytgroup.com/images/200x200/std.lang.all/92/83/asset-379283.jpg",
    "fullImage": "https://static.colruytgroup.com/images/500x500/std.lang.all/92/83/asset-379283.jpg",
    "squareImage": "https://static.colruytgroup.com/images/500x500sq/std.lang.all/92/83/asset-379283.jpg",
    "content": "±300g",
    "walkRouteSequenceNumber": 5151,
    "price": {
      "basicPrice": 12.9,
      "recommendedQuantity": "0.3",
      "unit": "K",
      "measurementUnitPrice": 12.9,
      "measurementUnit": "K",
      "isRedPrice": false,
      "pricePerUOM": 12.9,
      "activationDate": "14-11-2023",
      "isPromoActive": "N",
      "priceChangeCode": "E"
    },
    "isAvailable": true,
    "isPriceAvailable": true,
    "inPromo": false,
    "gtin": [
      "03060922619992",
      "03060924416100"
    ],
    "topCategoryName": "Zuivel",
    "topCategoryId": "65",
    "businessDomain": "RETAIL_BE",
    "IsPrivateLabel": false,
    "IsBiffe": false,
    "WeightconversionFactor": "300",
    "IsWeightArticle": true,
    "nutriscoreLabel": "D",
    "IsBio": false,
    "CountryOfOrigin": "BELGIË",
    "IsExclusivelySoldInLuxembourg": false,
    "OrderUnit": "P",
    "ShortName": "MEULE DU BESAC +- 300GW",
    "InSeason": true,
    "IsNew": false,
    "EcoscoreLabel": "D",
    "RecentQuanityOfStockUnits": "1",
    "LongName": "MEULE DE BESAC kaas blok ±300g",
    "AlcoholVolume": "0",
    "StartSeasonDate": "06/01/2016",
    "FicCode": "E",
    "EcoscoreValue": "35"
  },
  {
    "productId": "853314",
    "technicalArticleNumber": "4701823",
    "commercialArticleNumber": "31160",
    "name": "cheesecake ex.man.",
    "description": "* Cheesecake Exotique\nMango",
    "brand": "HOMEMADE DESSERTS",
    "seoBrand": "Homemade Desserts",
    "thumbNail": "https://ecgproductmw.colruytgroup.com/ecgproductmw/noPicForArticle_2.jpg",
    "fullImage": "https://ecgproductmw.colruytgroup.com/ecgproductmw/noPicForArticle_5.jpg",
    "squareImage": "https://ecgproductmw.colruytgroup.com/ecgproductmw/noPicForArticle_5.jpg",
    "content": "90g",
    "walkRouteSequenceNumber": 5922,
    "price": {
      "basicPrice": 2.09,
      "recommendedQuantity": "1.0",
      "measurementUnitPrice": 23.23,
      "measurementUnit": "K",
      "isRedPrice": false,
      "pricePerUOM": 23.23,
      "activationDate": "13-12-2023",
      "isPromoActive": "N",
      "priceChangeCode": "E"
    },
    "isAvailable": true,
    "isPriceAvailable": true,
    "inPromo": false,
    "gtin": [
      "05404036410287"
    ],
    "topCategoryName": "Zuivel",
    "topCategoryId": "65",
    "businessDomain": "RETAIL_BE",
    "IsPrivateLabel": false,
    "IsBiffe": false,
    "WeightconversionFactor": "0",
    "IsWeightArticle": false,
    "IsBio": false,
    "CountryOfOrigin": "BELGIË",
    "IsExclusivelySoldInLuxembourg": false,
    "OrderUnit": "P",
    "ShortName": "HODE CHEESCAKE EX90G",
    "InSeason": true,
    "IsNew": false,
    "EcoscoreLabel": "C",
    "RecentQuanityOfStockUnits": "1",
    "LongName": "HOMEMADE DESSERTS cheesecake ex.man. 90g",
    "StartSeasonDate": "12/10/2023",
    "FicCode": "E",
    "EcoscoreValue": "50"
  },
  {
    "productId": "783859",
    "technicalArticleNumber": "4582881",
    "commercialArticleNumber": "7693",
    "name": "gouda jong",
    "brand": "EIGEN BODEM",
    "seoBrand": "EIGEN BODEM",
    "thumbNail": "https://static.colruytgroup.com/images/200x200/std.lang.all/27/94/asset-2832794.jpg",
    "fullImage": "https://static.colruytgroup.com/images/500x500/std.lang.all/27/94/asset-2832794.jpg",
    "squareImage": "https://static.colruytgroup.com/images/500x500sq/std.lang.all/27/94/asset-2832794.jpg",
    "content": "150g",
    "walkRouteSequenceNumber": 6164,
    "price": {
      "basicPrice": 2.95,
      "recommendedQuantity": "1.0",
      "measurementUnitPrice": 19.67,
      "measurementUnit": "K",
      "isRedPrice": false,
      "pricePerUOM": 19.67,
      "activationDate": "09-03-2024",
      "recordSource": "Offline",
      "isPromoActive": "N",
      "priceChangeCode": "H"
    },
    "isAvailable": true,
    "isPriceAvailable": true,
    "inPromo": false,
    "gtin": [
      "05410834002197",
      "15410834002415"
    ],
    "topCategoryName": "Zuivel",
    "topCategoryId": "65",
    "businessDomain": "RETAIL_BE",
    "IsPrivateLabel": false,
    "IsBiffe": false,
    "WeightconversionFactor": "0",
    "IsWeightArticle": false,
    "nutriscoreLabel": "D",
    "IsBio": false,
    "CountryOfOrigin": "BELGIË",
    "IsExclusivelySoldInLuxembourg": false,
    "OrderUnit": "P",
    "ShortName": "EIBO GOUDA JONG 150G",
    "IsNew": false,
    "EcoscoreLabel": "D",
    "RecentQuanityOfStockUnits": "1",
    "LongName": "EIGEN BODEM gouda jong 150g",
    "FicCode": "E",
    "EcoscoreValue": "28"
  },
  {
    "productId": "702702",
    "technicalArticleNumber": "4436345",
    "commercialArticleNumber": "18940",
    "name": "oud blok",
    "description": "*Gouda-type\n*Flandrien Extra Gerijpt",
    "brand": "FLANDRIEN",
    "seoBrand": "FLANDRIEN",
    "thumbNail": "https://static.colruytgroup.com/images/200x200/std.lang.all/01/96/asset-2660196.jpg",
    "fullImage": "https://static.colruytgroup.com/images/500x500/std.lang.all/01/96/asset-2660196.jpg",
    "squareImage": "https://static.colruytgroup.com/images/500x500sq/std.lang.all/01/96/asset-2660196.jpg",
    "content": "230g",
    "walkRouteSequenceNumber": 6169,
    "price": {
      "basicPrice": 5.59,
      "recommendedQuantity": "1.0",
      "measurementUnitPrice": 24.31,
      "measurementUnit": "K",
      "isRedPrice": false,
      "pricePerUOM": 24.31,
      "activationDate": "13-03-2024",
      "isPromoActive": "Y",
      "priceChangeCode": "E"
    },
    "isAvailable": true,
    "isPriceAvailable": true,
    "inPromo": true,
    "promotion": [
      {
        "techPromoId": "100862COLR",
        "promotionId": "100862",
        "promotionType": "3",
        "isPersonalized": "N",
        "publicationStartDate": "13-03-2024",
        "publicationEndDate": "26-03-2024"
      }
    ],
    "gtin": [
      "05425021497113",
      "15425021497110"
    ],
    "topCategoryName": "Zuivel",
    "topCategoryId": "65",
    "businessDomain": "RETAIL_BE",
    "IsPrivateLabel": false,
    "IsBiffe": false,
    "WeightconversionFactor": "0",
    "IsWeightArticle": false,
    "IsBio": false,
    "CountryOfOrigin": "BELGIË",
    "IsExclusivelySoldInLuxembourg": false,
    "OrderUnit": "P",
    "ShortName": "FLANDR.OUD BL 230G",
    "IsNew": false,
    "RecentQuanityOfStockUnits": "1",
    "LongName": "FLANDRIEN oud blok 230g",
    "FicCode": "E"
  },
  {
    "productId": "174182",
    "technicalArticleNumber": "3338458",
    "commercialArticleNumber": "33914",
    "name": "light nat",
    "description": "* Frankrijk\n* Verse kaas\n* Romig, fris",
    "brand": "PAYSAN BRETON MADAME LOÏK",
    "seoBrand": "Paysan Breton Madame Loïk",
    "thumbNail": "https://static.colruytgroup.com/images/200x200/std.lang.all/69/85/asset-3286985.jpg",
    "fullImage": "https://static.colruytgroup.com/images/500x500/std.lang.all/69/85/asset-3286985.jpg",
    "squareImage": "https://static.colruytgroup.com/images/500x500sq/std.lang.all/69/85/asset-3286985.jpg",
    "content": "150g",
    "walkRouteSequenceNumber": 4891,
    "price": {
      "basicPrice": 2.99,
      "recommendedQuantity": "1.0",
      "measurementUnitPrice": 19.94,
      "measurementUnit": "K",
      "isRedPrice": false,
      "pricePerUOM": 19.94,
      "activationDate": "20-02-2024",
      "recordSource": "Offline",
      "isPromoActive": "N",
      "priceChangeCode": "E"
    },
    "isAvailable": true,
    "isPriceAvailable": true,
    "inPromo": false,
    "gtin": [
      "83236240070333",
      "03236240070337"
    ],
    "topCategoryName": "Zuivel",
    "topCategoryId": "65",
    "businessDomain": "RETAIL_BE",
    "IsPrivateLabel": false,
    "IsBiffe": false,
    "WeightconversionFactor": "0",
    "IsWeightArticle": false,
    "nutriscoreLabel": "D",
    "IsBio": false,
    "CountryOfOrigin": "BELGIË",
    "IsExclusivelySoldInLuxembourg": false,
    "OrderUnit": "P",
    "ShortName": "MADLOIK NAT LIGHT 150G",
    "IsNew": false,
    "EcoscoreLabel": "B",
    "RecentQuanityOfStockUnits": "1",
    "LongName": "PAYSAN BRETON MADAME LOÏK light nat 150g",
    "AlcoholVolume": "0",
    "FicCode": "E",
    "EcoscoreValue": "67"
  }
]